project_code,pq_num,po_so_num,asn_dn_117,country,managed_by,fulfill_via,vendor_inco_team,shipment_mode,product_group,sub_classification,vendor,item_description,molecule_test_type,brand,dosage,dosage_form,manufacturing_site,id,unit_of_measure_per_pack,line_item_quantity,line_item_values,pack_price,unit_price,line_item_insurance_usd,weight_kilograms,freight_included_in_commodity_cost,first_line_designation,scheduled_delivery_date,delivered_to_client_date,pq_first_sent_to_client_date,po_sent_to_vendor_date
100-CI-T01,Pre-PQ Process,SCMS-4,ASN-8,Côte d'Ivoire,PMO - US,Direct Drop,EXW,Air,HRDT,HIV test,RANBAXY Fine Chemicals LTD.,"HIV, Reveal G3 Rapid HIV-1 Antibody Test, 30 Tests","HIV, Reveal G3 Rapid HIV-1 Antibody Test",Reveal,N/A,Test kit,Ranbaxy Fine Chemicals LTD,1,30,19,551,29,0.97,,13,780.34,TRUE,6/2/06,6/2/06,,
108-VN-T01,Pre-PQ Process,SCMS-13,ASN-85,Vietnam,PMO - US,Direct Drop,EXW,Air,ARV,Pediatric,Aurobindo Pharma Limited,"Nevirapine 10mg/ml, oral suspension, Bottle, 240 ml",Nevirapine,Generic,10mg/ml,Oral suspension,"Aurobindo Unit III, India",3,240,1000,6200,6.2,0.03,,358,4521.5,TRUE,11/14/06,11/14/06,,
100-CI-T01,Pre-PQ Process,SCMS-20,ASN-14,Côte d'Ivoire,PMO - US,Direct Drop,FCA,Air,HRDT,HIV test,Abbott GmbH & Co. KG,"HIV 1/2, Determine Complete HIV Kit, 100 Tests","HIV 1/2, Determine Complete HIV Kit",Determine,N/A,Test kit,ABBVIE GmbH & Co.KG Wiesbaden,4,100,500,40000,80,0.8,,171,1653.78,TRUE,8/27/06,8/27/06,,
108-VN-T01,Pre-PQ Process,SCMS-78,ASN-50,Vietnam,PMO - US,Direct Drop,EXW,Air,ARV,Adult,SUN PHARMACEUTICAL INDUSTRIES LTD (RANBAXY LABORATORIES LIMITED),"Lamivudine 150mg, tablets, 60 Tabs",Lamivudine,Generic,150mg,Tablet,"Ranbaxy, Paonta Shahib, India",15,60,31920,127360.8,3.99,0.07,,1855,16007.06,TRUE,9/1/06,9/1/06,,
108-VN-T01,Pre-PQ Process,SCMS-81,ASN-55,Vietnam,PMO - US,Direct Drop,EXW,Air,ARV,Adult,Aurobindo Pharma Limited,"Stavudine 30mg, capsules, 60 Caps",Stavudine,Generic,30mg,Capsule,"Aurobindo Unit III, India",16,60,38000,121600,3.2,0.05,,7590,45450.08,TRUE,8/11/06,8/11/06,,
112-NG-T01,Pre-PQ Process,SCMS-87,ASN-57,Nigeria,PMO - US,Direct Drop,EXW,Air,ARV,Pediatric,Aurobindo Pharma Limited,"Zidovudine 10mg/ml, oral solution, Bottle, 240 ml",Zidovudine,Generic,10mg/ml,Oral solution,"Aurobindo Unit III, India",23,240,416,2225.6,5.35,0.02,,504,5920.42,TRUE,9/28/06,9/28/06,,
110-ZM-T01,Pre-PQ Process,SCMS-139,ASN-130,Zambia,PMO - US,Direct Drop,DDU,Air,ARV,Pediatric,MERCK SHARP & DOHME IDEA GMBH (FORMALLY MERCK SHARP & DOHME B.V.),"Efavirenz 200mg [Stocrin/Sustiva], capsule, 90 Caps",Efavirenz,Stocrin/Sustiva,200mg,Capsule,MSD South Granville Australia,44,90,135,4374,32.4,0.36,,328,,TRUE,1/8/07,1/8/07,,
109-TZ-T01,Pre-PQ Process,SCMS-140,ASN-94,Tanzania,PMO - US,Direct Drop,EXW,Air,ARV,Adult,Aurobindo Pharma Limited,"Nevirapine 200mg, tablets, 60 Tabs",Nevirapine,Generic,200mg,Tablet,"Aurobindo Unit III, India",45,60,16667,60834.55,3.65,0.06,,1478,6212.41,TRUE,11/24/06,11/24/06,,
112-NG-T01,Pre-PQ Process,SCMS-156,ASN-93,Nigeria,PMO - US,Direct Drop,EXW,Air,ARV,Adult,Aurobindo Pharma Limited,"Stavudine 30mg, capsules, 60 Caps",Stavudine,Generic,30mg,Capsule,"Aurobindo Unit III, India",46,60,273,532.35,1.95,0.03,,,,FALSE,12/7/06,12/7/06,,
110-ZM-T01,Pre-PQ Process,SCMS-165,ASN-199,Zambia,PMO - US,Direct Drop,CIP,Air,ARV,Adult,ABBVIE LOGISTICS (FORMERLY ABBOTT LOGISTICS BV),"Lopinavir/Ritonavir 200/50mg [Aluvia], tablets, 120 Tabs",Lopinavir/Ritonavir,Aluvia,200/50mg,Tablet,ABBVIE (Abbott) St. P'burg USA,47,120,2800,115080,41.1,0.34,,643,,TRUE,1/30/07,1/30/07,,11/13/06
110-ZM-T01,Pre-PQ Process,SCMS-221,ASN-223,Zambia,PMO - US,Direct Drop,CIP,Air,ARV,Adult,ABBVIE LOGISTICS (FORMERLY ABBOTT LOGISTICS BV),"Lopinavir/Ritonavir 200/50mg [Aluvia], tablets, 120 Tabs",Lopinavir/Ritonavir,Aluvia,200/50mg,Tablet,ABBVIE Ludwigshafen Germany,60,120,2800,115080,41.1,0.34,,643,,TRUE,2/16/07,2/16/07,,12/1/06
110-ZM-T01,Pre-PQ Process,SCMS-226,ASN-137,Zambia,PMO - US,Direct Drop,EXW,Air,HRDT,HIV test,"Trinity Biotech, Plc","HIV 1/2, Uni-Gold HIV Kit, 20 Tests","HIV 1/2, Uni-Gold HIV Kit",Uni-Gold,N/A,Test kit,"Trinity Biotech, Plc",61,20,2500,100000,40,2,,853,13569.49,TRUE,1/8/07,1/8/07,,
102-NG-T01,Pre-PQ Process,SCMS-230,ASN-144,Nigeria,PMO - US,Direct Drop,EXW,Air,HRDT,HIV test,EY Laboratories,"HIV 1/2, InstantChek HIV 1+2 Kit, 100 Tests","HIV 1/2, InstantChek HIV 1+2 Kit",InstantCHEK,N/A,Test kit,"EY Laboratories, USA",62,100,10,850,85,0.85,,,,TRUE,1/10/07,1/10/07,,
107-RW-T01,Pre-PQ Process,SCMS-268,ASN-242,Rwanda,PMO - US,Direct Drop,EXW,Air,ARV,Adult,CIPLA LIMITED,"Lamivudine/Zidovudine 150/300mg, tablets, 60 Tabs",Lamivudine/Zidovudine,Generic,150/300mg,Tablet - FDC,"Cipla, Goa, India",64,60,10000,99800,9.98,0.17,,7416,64179.42,TRUE,2/27/07,2/27/07,,12/22/06
106-HT-T01,Pre-PQ Process,SCMS-274,ASN-162,Haiti,PMO - US,Direct Drop,EXW,Air,HRDT,HIV test,Abbott GmbH & Co. KG,"HIV 1/2, Determine Complete HIV Kit, 100 Tests","HIV 1/2, Determine Complete HIV Kit",Determine,N/A,Test kit,ABBVIE GmbH & Co.KG Wiesbaden,65,100,750,60000,80,0.8,,256,1760.32,TRUE,1/18/07,1/18/07,,
113-ZW-T01,Pre-PQ Process,SCMS-308,ASN-285,Zimbabwe,PMO - US,Direct Drop,CIP,Air,ARV,Pediatric,BRISTOL-MYERS SQUIBB,"#102198**Didanosine 200mg [Videx], tablets, 60 Tabs",Didanosine,Videx,200mg,Tablet,"BMS Meymac, France",68,60,579,14764.5,25.5,0.42,,,,TRUE,3/19/07,3/19/07,,1/10/07
102-NG-T01,Pre-PQ Process,SCMS-354,ASN-608,Nigeria,PMO - US,Direct Drop,CIP,N/A,HRDT,HIV test,ACCOUN NIGERIA LIMITED,"HIV 1/2, Determine Complete HIV Kit, 100 Tests","HIV 1/2, Determine Complete HIV Kit",Determine,N/A,Test kit,ABBVIE GmbH & Co.KG Wiesbaden,69,100,1500,120000,80,0.8,192,,,TRUE,5/7/07,5/7/07,,
107-RW-T01,Pre-PQ Process,SCMS-488,ASN-299,Rwanda,PMO - US,Direct Drop,EXW,Air,HRDT,HIV test,Premier Medical Corporation Ltd.,"HIV 1/2/O, First Response HIV 1-2.0, v.3.0 Cards Kit, 30 Tests","HIV 1/2/O, First Response HIV 1-2.0, v.3.0 Cards Kit",First Response,N/A,Test kit,Premier Med. Corp Ltd. India,80,30,2000,33000,16.5,0.55,,710,3120.7,TRUE,3/29/07,3/29/07,,
109-TZ-T01,Pre-PQ Process,SCMS-555,ASN-409,Tanzania,PMO - US,Direct Drop,CIP,Air,ARV,Pediatric,BRISTOL-MYERS SQUIBB,"Didanosine 2g [Videx], powder for oral solution 10mg/ml, reconstitute to 200 ml",Didanosine,Videx,2g,Powder for oral solution,"BMS Meymac, France",87,200,712,8964.08,12.59,0.06,,162,912.96,TRUE,6/6/07,6/6/07,,4/12/07
102-NG-T01,Pre-PQ Process,SCMS-592,ASN-485,Nigeria,PMO - US,Direct Drop,EXW,Air,HRDT,HIV test,Abbott GmbH & Co. KG,"HIV 1/2, Determine Complete HIV Kit, 100 Tests","HIV 1/2, Determine Complete HIV Kit",Determine,N/A,Test kit,ABBVIE GmbH & Co.KG Wiesbaden,92,100,1000,80000,80,0.8,128,341,2682.47,TRUE,6/19/07,6/19/07,,5/13/07
102-NG-T01,Pre-PQ Process,SCMS-570,ASN-451,Nigeria,PMO - US,Direct Drop,EXW,Air,HRDT,HIV test,"CHEMBIO DIAGNOSTIC SYSTEMS, INC.","HIV 1/2, Stat-Pak HIV, Kit, 20 Tests","HIV 1/2, Stat-Pak HIV, Kit",Stat-Pak,N/A,Test kit,Chembio Diagnostics Sys. Inc.,96,20,7500,202500,27,1.35,,2278,15893.71,TRUE,6/19/07,6/19/07,,5/17/07
104-CI-T01,Pre-PQ Process,SCMS-698,ASN-727,Côte d'Ivoire,PMO - US,Direct Drop,CIP,Air,ARV,Pediatric,BRISTOL-MYERS SQUIBB,"#102198**Didanosine 200mg [Videx], tablets, 60 Tabs",Didanosine,Videx,200mg,Tablet,"BMS Meymac, France",108,60,5513,140581.5,25.5,0.42,224.93,2126,,TRUE,10/2/07,10/2/07,,7/13/07
108-VN-T01,Pre-PQ Process,SCMS-753,ASN-781,Vietnam,PMO - US,Direct Drop,EXW,Air,ARV,Pediatric,Aurobindo Pharma Limited,"Nevirapine 10mg/ml, oral suspension, Bottle, 240 ml",Nevirapine,Generic,10mg/ml,Oral suspension,"Aurobindo Unit III, India",115,240,1000,1920,1.92,0.01,3.07,941,4193.49,TRUE,10/15/07,10/15/07,,7/4/07
108-VN-T01,Pre-PQ Process,SCMS-759,ASN-632,Vietnam,PMO - US,Direct Drop,FCA,Air,ARV,Adult,ABBVIE LOGISTICS (FORMERLY ABBOTT LOGISTICS BV),"Lopinavir/Ritonavir 200/50mg [Aluvia], tablets, 120 Tabs",Lopinavir/Ritonavir,Aluvia,200/50mg,Tablet,ABBVIE Ludwigshafen Germany,116,120,500,41095,82.19,0.68,65.75,117,1767.38,TRUE,8/27/07,8/27/07,,7/4/07
100-HT-T01,Pre-PQ Process,SCMS-10080,ASN-628,Haiti,PMO - US,Direct Drop,EXW,Air,HRDT,HIV test,"Orgenics, Ltd","HIV 1/2, Determine HIV Kit, without Lancets, 100 Tests","HIV 1/2, Determine HIV Kit, without Lancets",Determine,N/A,Test kit,Inverness Japan,130,100,750,53992.5,71.99,0.72,86.39,171,3518.38,TRUE,8/13/07,8/21/07,,7/26/07
100-HT-T01,Pre-PQ Process,SCMS-10130,ASN-616,Haiti,PMO - US,Direct Drop,EXW,Air,HRDT,HIV test,Orasure Technologies Inc.,"HIV 1/2, OraQuick Advance HIV Rapid Antibody Kit, 100 Tests","HIV 1/2, OraQuick Advance HIV Rapid Antibody Kit",OraQuick,N/A,Test kit,"Pacific Biotech, Thailand",134,100,25,8750,350,3.5,14,60,3097.85,TRUE,8/25/07,8/25/07,,7/26/07
109-TZ-T01,Pre-PQ Process,SCMS-10270,ASN-710,Tanzania,PMO - US,Direct Drop,EXW,Air,HRDT,HIV test,"Standard Diagnostics, Inc.","HIV 1/2, Bioline 3.0 Kit, Lancets, Capillary pipets, Alcohol swabs included, 25 Tests","HIV 1/2, Bioline 3.0 Kit, Lancets, Capillary pipets, Alcohol swabs included",Bioline,N/A,Test kit,"Standard Diagnostics, Korea",138,25,10000,200000,20,0.8,320,3335,27869.74,TRUE,10/16/07,10/16/07,,
109-TZ-T01,Pre-PQ Process,SCMS-10290,ASN-788,Tanzania,PMO - US,Direct Drop,EXW,Air,HRDT,HIV test,"Standard Diagnostics, Inc.","HIV 1/2, Bioline 3.0 Kit, Lancets, Capillary pipets, Alcohol swabs included, 25 Tests","HIV 1/2, Bioline 3.0 Kit, Lancets, Capillary pipets, Alcohol swabs included",Bioline,N/A,Test kit,"Standard Diagnostics, Korea",139,25,10000,200000,20,0.8,320,3335,28461.1,TRUE,11/22/07,11/22/07,,
109-TZ-T01,Pre-PQ Process,SCMS-10300,ASN-856,Tanzania,PMO - US,Direct Drop,EXW,Air,HRDT,HIV test,"Standard Diagnostics, Inc.","HIV 1/2, Bioline 3.0 Kit, Lancets, Capillary pipets, Alcohol swabs included, 25 Tests","HIV 1/2, Bioline 3.0 Kit, Lancets, Capillary pipets, Alcohol swabs included",Bioline,N/A,Test kit,"Standard Diagnostics, Korea",140,25,10000,200000,20,0.8,320,3335,28359.8,TRUE,11/22/07,11/22/07,,
117-ET-T01,Pre-PQ Process,SCMS-11070,ASN-916,Ethiopia,PMO - US,Direct Drop,EXW,Air,ARV,Adult,Aurobindo Pharma Limited,"Stavudine 30mg, capsules, 60 Caps",Stavudine,Generic,30mg,Capsule,"Aurobindo Unit III, India",161,60,64000,99200,1.55,0.03,158.72,4228,12237.61,TRUE,11/20/07,11/20/07,,10/3/07
102-NG-T01,Pre-PQ Process,SCMS-11750,ASN-745,Nigeria,PMO - US,Direct Drop,EXW,Air,HRDT,HIV test,"CHEMBIO DIAGNOSTIC SYSTEMS, INC.","HIV 1/2, Stat-Pak HIV, Kit, 20 Tests","HIV 1/2, Stat-Pak HIV, Kit",Stat-Pak,N/A,Test kit,Chembio Diagnostics Sys. Inc.,176,20,10000,270000,27,1.35,432,3263,20885.78,TRUE,10/3/07,10/3/07,,8/28/07
116-ZA-T01,Pre-PQ Process,SCMS-14050,ASN-1251,South Africa,PMO - US,Direct Drop,DDP,N/A,ARV,Pediatric,"JSI R&T INSTITUTE, INC.","Zidovudine 10mg/ml [Retrovir], oral solution, Bottle, 200 ml",Zidovudine,Retrovir,10mg/ml,Oral solution,GSK Mississauga (Canada),262,200,40,317.6,7.94,0.04,0.51,,,TRUE,1/29/08,1/29/08,,11/12/07
108-VN-T01,Pre-PQ Process,SCMS-14190,ASN-1192,Vietnam,PMO - US,Direct Drop,EXW,Air,ARV,Adult,"GILEAD SCIENCES IRELAND, INC.","Tenofovir Disoproxil Fumarate 300mg [Viread], tablets, 30 Tabs",Tenofovir Disoproxil Fumarate,Viread,300mg,Tablet,Gilead(Nycomed) Oranienburg DE,269,30,1000,17000,17,0.57,27.2,76,2282.57,TRUE,1/21/08,1/21/08,,11/19/07
108-VN-T01,Pre-PQ Process,SCMS-14200,ASN-1171,Vietnam,PMO - US,Direct Drop,EXW,Air,ARV,Adult,SUN PHARMACEUTICAL INDUSTRIES LTD (RANBAXY LABORATORIES LIMITED),"Zidovudine 300mg, tablets, 60 Tabs",Zidovudine,Generic,300mg,Tablet,"Ranbaxy, Paonta Shahib, India",270,60,400,3352,8.38,0.14,5.36,23,2149.05,TRUE,1/21/08,1/21/08,,11/21/07
107-RW-T01,Pre-PQ Process,SCMS-14630,ASN-1253,Rwanda,PMO - US,Direct Drop,EXW,Air,HRDT,HIV test - Ancillary,"Orgenics, Ltd","HIV, Lancet, Safety, for HIV Test kits, 100 Pcs","HIV, Lancet, Safety, for HIV Test kits, 100 Pcs",Generic,N/A,Test kit - Ancillary,Inverness Japan,284,100,1500,15,0.01,0,0.02,99,0.75,TRUE,1/31/08,1/31/08,,12/10/07
123-NG-T01,Pre-PQ Process,SCMS-15550,ASN-1269,Nigeria,PMO - US,Direct Drop,EXW,Air,HRDT,HIV test - Ancillary,"Orgenics, Ltd","HIV, Lancet, Safety, for HIV Test kits, 100 Pcs","HIV, Lancet, Safety, for HIV Test kits, 100 Pcs",Generic,N/A,Test kit - Ancillary,Inverness Japan,305,100,650,6.5,0.01,0,0.01,,,TRUE,2/5/08,2/5/08,,
116-ZA-T01,Pre-PQ Process,SCMS-16600,ASN-1520,South Africa,PMO - US,Direct Drop,DDP,N/A,ARV,Pediatric,"JSI R&T INSTITUTE, INC.","Stavudine 1mg/ml [Zerit], powder for oral solution, Bottle, 200 ml",Stavudine,Zerit,1mg/ml,Powder for oral solution,"BMS Meymac, France",343,200,200,340,1.7,0.01,0.54,,,TRUE,1/21/08,1/4/08,,1/4/08
125-HT-T01,Pre-PQ Process,SCMS-14080,ASN-1318,Haiti,PMO - US,Direct Drop,EXW,Air,HRDT,HIV test,"Trinity Biotech, Plc","HIV 1/2, Capillus HIV Kit, 100 Tests","HIV 1/2, Capillus HIV Kit",Capillus,N/A,Test kit,"Trinity Biotech, Plc",361,100,2,278,139,1.39,0.44,,,TRUE,2/18/08,2/18/08,,
104-CI-T01,Pre-PQ Process,SCMS-18290,ASN-1879,Côte d'Ivoire,PMO - US,Direct Drop,EXW,Air,HRDT,HIV test,BIO-RAD LABORATORIES (FRANCE),"#108853** HIV, Genie II HIV-1/HIV-2 Kit, 40 Tests","HIV, Genie II HIV-1/HIV-2 Kit",Genie,N/A,Test kit,Bio-Rad Laboratories,391,40,476,36176,76,1.9,57.88,509,5446.51,TRUE,6/17/08,6/17/08,,2/27/08
104-CI-T01,Pre-PQ Process,SCMS-18310,ASN-3435,Côte d'Ivoire,PMO - US,Direct Drop,EXW,Air,HRDT,HIV test,"Standard Diagnostics, Inc.","HIV 1/2, Bioline 3.0 Kit, Lancets, Capillary pipets, Alcohol swabs included, 25 Tests","HIV 1/2, Bioline 3.0 Kit, Lancets, Capillary pipets, Alcohol swabs included",Bioline,N/A,Test kit,"Standard Diagnostics, Korea",392,25,659,13180,20,0.8,25.83,206,2656.12,TRUE,3/19/09,3/19/09,,3/3/08
102-GY-T01,Pre-PQ Process,SCMS-18480,ASN-1502,Guyana,PMO - US,Direct Drop,EXW,Air,HRDT,HIV test - Ancillary,"Orgenics, Ltd","HIV, Lancet, Safety, for HIV Test kits, 100 Pcs","HIV, Lancet, Safety, for HIV Test kits, 100 Pcs",Generic,N/A,Test kit - Ancillary,Inverness Japan,398,100,240,2.4,0.01,0,0,,,TRUE,4/9/08,4/1/08,,2/28/08
102-GY-T01,Pre-PQ Process,SCMS-18500,ASN-2117,Guyana,PMO - US,Direct Drop,EXW,Air,HRDT,HIV test - Ancillary,"Orgenics, Ltd","HIV, Lancet, Safety, for HIV Test kits, 100 Pcs","HIV, Lancet, Safety, for HIV Test kits, 100 Pcs",Generic,N/A,Test kit - Ancillary,Inverness Japan,399,100,213,2.13,0.01,0,0,14,360,TRUE,7/28/08,7/28/08,,2/28/08
117-ET-T01,Pre-PQ Process,SCMS-18430,ASN-1465,Ethiopia,PMO - US,Direct Drop,DDP,N/A,HRDT,HIV test,TURE PHARMACEUTICALS & MEDICAL SUPPLIES P.L.C.,"HIV 1/2, Capillus HIV Kit, 100 Tests","HIV 1/2, Capillus HIV Kit",Capillus,N/A,Test kit,"Trinity Biotech, Plc",400,100,63,13399.25,212.69,2.13,21.44,,,TRUE,3/11/08,3/11/08,,2/29/08
113-ZW-T01,Pre-PQ Process,SCMS-18870,ASN-2434,Zimbabwe,PMO - US,Direct Drop,EXW,Air,HRDT,HIV test,"Orgenics, Ltd","HIV 1/2, Determine HIV Kit, without Lancets, 100 Tests","HIV 1/2, Determine HIV Kit, without Lancets",Determine,N/A,Test kit,Inverness Japan,410,100,1634,117631.66,71.99,0.72,188.21,373,4112.46,TRUE,11/17/08,11/17/08,,3/17/08
123-NG-T01,Pre-PQ Process,SCMS-18940,ASN-1467,Nigeria,PMO - US,Direct Drop,EXW,Air,HRDT,HIV test,"CHEMBIO DIAGNOSTIC SYSTEMS, INC.","HIV 1/2, Stat-Pak HIV, Kit, 20 Tests","HIV 1/2, Stat-Pak HIV, Kit",Stat-Pak,N/A,Test kit,Chembio Diagnostics Sys. Inc.,411,20,1425,38475,27,1.35,61.56,483,5468.88,TRUE,4/17/08,4/17/08,,3/13/08
119-NA-T01,Pre-PQ Process,SCMS-19130,ASN-1798,Namibia,PMO - US,Direct Drop,EXW,Air,HRDT,HIV test,"Orgenics, Ltd","HIV 1/2, Determine HIV Kit, without Lancets, 100 Tests","HIV 1/2, Determine HIV Kit, without Lancets",Determine,N/A,Test kit,Inverness Japan,414,100,142,10222.58,71.99,0.72,16.36,33,1715.17,TRUE,6/4/08,6/4/08,,3/18/08
108-VN-T01,Pre-PQ Process,SCMS-19490,ASN-1753,Vietnam,PMO - US,Direct Drop,EXW,Air,ARV,Adult,MYLAN LABORATORIES LTD (FORMERLY MATRIX LABORATORIES),"Efavirenz 600mg, tablets, 30 Tabs",Efavirenz,Generic,600mg,Tablet,Mylan (formerly Matrix) Nashik,420,30,8400,96432,11.48,0.38,154.29,654,4051.34,TRUE,6/3/08,6/3/08,,3/31/08
116-ZA-T01,Pre-PQ Process,SCMS-19800,ASN-1665,South Africa,PMO - US,Direct Drop,DDP,Truck,ARV,Adult,S. BUYS WHOLESALER,"Saquinavir 200mg [Invirase], capsules, 270 Caps",Saquinavir,Invirase,200mg,Capsule,Roche Basel,422,270,6,405.06,67.51,0.25,0.65,,,TRUE,4/24/08,4/24/08,,2/20/08
116-ZA-T01,Pre-PQ Process,SCMS-19800,ASN-1665,South Africa,PMO - US,Direct Drop,DDP,Truck,ARV,Pediatric,S. BUYS WHOLESALER,"Stavudine 1mg/ml [Zerit], powder for oral solution, Bottle, 200 ml",Stavudine,Zerit,1mg/ml,Powder for oral solution,"BMS Meymac, France",423,200,600,870,1.45,0.01,1.39,,,FALSE,4/24/08,4/24/08,,2/20/08
108-VN-T01,Pre-PQ Process,SCMS-20310,ASN-1923,Vietnam,PMO - US,Direct Drop,CIP,Air,ARV,Pediatric,BRISTOL-MYERS SQUIBB,"Didanosine 25mg [Videx], chewable tablets, 60 Tabs",Didanosine,Videx,25mg,Chewable/dispersible tablet,"BMS Meymac, France",438,60,400,2800,7,0.12,4.48,81,2211.05,TRUE,7/12/08,7/12/08,,3/31/08
116-ZA-T01,Pre-PQ Process,SCMS-21460,ASN-1667,South Africa,PMO - US,Direct Drop,DDP,N/A,ARV,Pediatric,S. BUYS WHOLESALER,"Didanosine 25mg [Videx], chewable tablets, 60 Tabs",Didanosine,Videx,25mg,Chewable/dispersible tablet,"BMS Meymac, France",459,60,6,77.1,12.85,0.21,0.12,,,TRUE,4/25/08,4/7/08,,4/4/08
102-NG-T01,Pre-PQ Process,SCMS-21540,ASN-2008,Nigeria,PMO - US,Direct Drop,EXW,Air,HRDT,HIV test,"Orgenics, Ltd","HIV 1/2, Determine HIV Kit, without Lancets, 100 Tests","HIV 1/2, Determine HIV Kit, without Lancets",Determine,N/A,Test kit,Inverness Japan,464,100,5498,439785.03,79.99,0.8,703.66,1251,16090.22,TRUE,7/9/08,7/9/08,,
102-NG-T01,Pre-PQ Process,SCMS-21540,ASN-2011,Nigeria,PMO - US,Direct Drop,EXW,Air,HRDT,HIV test - Ancillary,"Orgenics, Ltd","HIV, Lancet, Safety, for HIV Test kits, 100 Pcs","HIV, Lancet, Safety, for HIV Test kits, 100 Pcs",Generic,N/A,Test kit - Ancillary,Inverness Japan,465,100,5498,54.98,0.01,0,0.09,,,TRUE,7/9/08,7/4/08,,
117-ET-T01,Pre-PQ Process,SCMS-21550,ASN-1741,Ethiopia,PMO - US,Direct Drop,DDP,Air,HRDT,HIV test,TURE PHARMACEUTICALS & MEDICAL SUPPLIES P.L.C.,"HIV 1/2, Uni-Gold HIV Kit, 20 Tests","HIV 1/2, Uni-Gold HIV Kit",Uni-Gold,N/A,Test kit,"Trinity Biotech, Plc",466,20,15,691.42,46.09,2.3,1.11,,,TRUE,5/9/08,5/9/08,,
108-VN-T01,Pre-PQ Process,SCMS-23450,ASN-2336,Vietnam,PMO - US,Direct Drop,EXW,Air,ARV,Adult,MYLAN LABORATORIES LTD (FORMERLY MATRIX LABORATORIES),"Tenofovir Disoproxil Fumarate 300mg, tablets, 30 Tabs",Tenofovir Disoproxil Fumarate,Generic,300mg,Tablet,Mylan (formerly Matrix) Nashik,530,30,1344,18359.04,13.66,0.46,29.37,1537,13507.92,TRUE,9/19/08,9/19/08,,5/14/08
116-ZA-T01,Pre-PQ Process,SCMS-23500,ASN-2783,South Africa,PMO - US,Direct Drop,DDP,Truck,ARV,Adult,S. BUYS WHOLESALER,"Stavudine 20mg [Zerit], capsules, 60 Caps",Stavudine,Zerit,20mg,Capsule,"BMS Meymac, France",531,60,20,103.4,5.17,0.09,0.2,,,TRUE,8/20/08,8/20/08,,
116-ZA-T01,Pre-PQ Process,SCMS-23500,ASN-2293,South Africa,PMO - US,Direct Drop,DDP,Truck,ARV,Adult,S. BUYS WHOLESALER,"Didanosine EC 250mg [Videx EC], delayed-release capsules, Blister 3 x 10 Caps",Didanosine EC,Videx EC,250mg,Delayed-release capsules - blister,"BMS Meymac, France",532,30,100,1906,19.06,0.64,3.05,,,TRUE,8/20/08,5/8/08,,
116-ZA-T01,Pre-PQ Process,SCMS-23500,ASN-2293,South Africa,PMO - US,Direct Drop,DDP,Truck,ARV,Pediatric,S. BUYS WHOLESALER,"Stavudine 1mg/ml [Zerit], powder for oral solution, Bottle, 200 ml",Stavudine,Zerit,1mg/ml,Powder for oral solution,"BMS Meymac, France",533,200,670,1025.1,1.53,0.01,1.64,,,FALSE,8/20/08,5/8/08,,
109-TZ-T01,Pre-PQ Process,SCMS-23610,ASN-2167,Tanzania,PMO - US,Direct Drop,CIP,Air,ARV,Adult,BRISTOL-MYERS SQUIBB,"Didanosine EC 400mg [Videx EC], delayed-release capsules, Blister 3 x 10 Caps",Didanosine EC,Videx EC,400mg,Delayed-release capsules - blister,"BMS Meymac, France",535,30,2597,61470.99,23.67,0.79,98.35,117,645.1,TRUE,9/2/08,9/2/08,,5/15/08
106-HT-T01,Pre-PQ Process,SCMS-23840,ASN-2504,Haiti,PMO - US,Direct Drop,EXW,Air,HRDT,HIV test,Orasure Technologies Inc.,"HIV 1/2, OraQuick Advance HIV Rapid Antibody Kit, 100 Tests","HIV 1/2, OraQuick Advance HIV Rapid Antibody Kit",OraQuick,N/A,Test kit,"Pacific Biotech, Thailand",543,100,28,9800,350,3.5,15.68,109,782.13,TRUE,9/30/08,9/30/08,,5/20/08
106-HT-T01,Pre-PQ Process,SCMS-24020,ASN-2865,Haiti,PMO - US,Direct Drop,EXW,Air,HRDT,HIV test,"Trinity Biotech, Plc","HIV 1/2, Capillus HIV Kit, 100 Tests","HIV 1/2, Capillus HIV Kit",Capillus,N/A,Test kit,"Trinity Biotech, Plc",551,100,84,11676,139,1.39,22.88,54,871.57,TRUE,11/24/08,11/24/08,,5/23/08
116-ZA-T01,Pre-PQ Process,SCMS-25540,ASN-2295,South Africa,PMO - US,Direct Drop,DDP,Truck,ARV,Adult,S. BUYS WHOLESALER,"Abacavir 300mg [Ziagen], tablets, Blister 6 x 10 Tabs",Abacavir,Ziagen,300mg,Tablet - blister,GSK Ware (UK),598,60,30,1049.4,34.98,0.58,1.68,,,TRUE,6/12/08,6/9/08,,
108-VN-T01,Pre-PQ Process,SCMS-26180,ASN-2274,Vietnam,PMO - US,Direct Drop,EXW,Air,ARV,Adult,Aurobindo Pharma Limited,"Lamivudine 150mg, tablets, 60 Tabs",Lamivudine,Generic,150mg,Tablet,"Aurobindo Unit III, India",610,60,38640,92736,2.4,0.04,148.38,2719,18614.72,TRUE,9/19/08,9/19/08,,7/1/08
112-NG-T01,Pre-PQ Process,SCMS-26560,ASN-2366,Nigeria,PMO - US,Direct Drop,EXW,Air,ACT,ACT,IDA FOUNDATION,"Artemether/Lumefantrine 20/120mg [Coartem], scored tablets, Blister 30 x 18 Tabs",Artemether/Lumefantrine,Coartem,20/120mg,Tablet - FDC + blister,"Novartis Pharma AG, Switzerland",630,540,34,1547.68,45.52,0.08,2.48,115,1755.87,TRUE,2/25/09,9/9/08,,7/2/08
108-VN-T01,Pre-PQ Process,SCMS-26200,ASN-2563,Vietnam,PMO - US,Direct Drop,EXW,Air,ARV,Adult,Aurobindo Pharma Limited,"Stavudine 30mg, capsules, 60 Caps",Stavudine,Generic,30mg,Capsule,"Aurobindo Unit III, India",637,60,42000,60900,1.45,0.02,97.44,2600,10179.16,TRUE,10/8/08,10/8/08,,7/3/08
116-ZA-T01,Pre-PQ Process,SCMS-26820,ASN-2488,South Africa,PMO - US,Direct Drop,DDP,Truck,ARV,Pediatric,S. BUYS WHOLESALER,"Nevirapine 10mg/ml [Viramune], oral suspension, Bottle, 240 ml",Nevirapine,Viramune,10mg/ml,Oral suspension,"BI, Ingelheim, Germany",646,240,50,696.5,13.93,0.06,1.11,,,TRUE,7/10/08,7/8/08,,
108-VN-T01,Pre-PQ Process,SCMS-27360,ASN-2767,Vietnam,PMO - US,Direct Drop,EXW,Air,ARV,Adult,MYLAN LABORATORIES LTD (FORMERLY MATRIX LABORATORIES),"Efavirenz 600mg, tablets, 30 Tabs",Efavirenz,Generic,600mg,Tablet,Mylan (formerly Matrix) Nashik,660,30,16800,171192,10.19,0.34,335.54,1224,4686.88,TRUE,11/27/08,11/27/08,,7/24/08
102-GY-T01,Pre-PQ Process,SCMS-27670,ASN-2255,Guyana,PMO - US,Direct Drop,CIP,Air,MRDT,Malaria,ZEPHYR BIOMEDICALS,"Malaria Paramax-3 Kit, 25 Tests",Malaria Paramax-3 Kit,Paramax,N/A,Test kit,Not Applicable,668,25,98,3675,37.5,1.5,5.88,34,180,TRUE,8/15/08,8/15/08,,7/25/08
110-ZM-T01,Pre-PQ Process,SCMS-27790,ASN-2641,Zambia,PMO - US,Direct Drop,EXW,Air,HRDT,HIV test,"Orgenics, Ltd","HIV 1/2, Determine HIV Kit, without Lancets, 100 Tests","HIV 1/2, Determine HIV Kit, without Lancets",Determine,N/A,Test kit,Inverness Japan,670,100,4500,323955,71.99,0.72,634.95,1053,11062.05,TRUE,10/20/08,10/20/08,,7/31/08
119-NA-T01,Pre-PQ Process,SCMS-28840,ASN-2450,Namibia,PMO - US,Direct Drop,EXW,Air,HRDT,HIV test,"Trinity Biotech, Plc","HIV 1/2, Uni-Gold HIV Kit, 20 Tests","HIV 1/2, Uni-Gold HIV Kit",Uni-Gold,N/A,Test kit,"Trinity Biotech, Plc",712,20,10,320,32,1.6,0.51,,,TRUE,9/18/08,9/18/08,,8/26/08
104-CI-T01,Pre-PQ Process,SCMS-29140,ASN-2472,Côte d'Ivoire,PMO - US,Direct Drop,EXW,Air,HRDT,HIV test,BIO-RAD LABORATORIES (FRANCE),"#108853** HIV, Genie II HIV-1/HIV-2 Kit, 40 Tests","HIV, Genie II HIV-1/HIV-2 Kit",Genie,N/A,Test kit,Bio-Rad Laboratories,717,40,500,38000,76,1.9,60.8,562,11298.13,TRUE,10/2/08,10/2/08,,8/27/08
104-CI-T01,Pre-PQ Process,SCMS-29340,ASN-2921,Côte d'Ivoire,PMO - US,Direct Drop,EXW,Air,ACT,ACT,IDA FOUNDATION,"Artesunate+Amodiaquine 50+153mg, tablets, co-blister 6+6 Tabs",Artesunate+Amodiaquine,Generic,50+153mg,Tablet - FDC + co-blister,Ipca Dadra/Nagar Haveli IN,719,12,25000,9750,0.39,0.03,19.11,1708,12830.91,TRUE,1/23/09,1/23/09,,9/3/08
131-NG-T01,Pre-PQ Process,SCMS-30502,ASN-3653,Nigeria,PMO - US,Direct Drop,CIP,Air,ARV,Adult,MERCK SHARP & DOHME IDEA GMBH (FORMALLY MERCK SHARP & DOHME B.V.),"Efavirenz/Emtricitabine/Tenofovir Disoproxil Fumarate 600/200/300mg [Atripla], tablets, 30 Tabs",Efavirenz/Emtricitabine/Tenofovir Disoproxil Fumarate,Atripla,600/200/300mg,Tablet - FDC,"MSD, Haarlem, NL",772,30,9,453.6,50.4,1.68,0.89,,,TRUE,3/10/09,4/8/09,,3/6/09
119-NA-T01,Pre-PQ Process,SCMS-31180,ASN-2717,Namibia,PMO - US,Direct Drop,EXW,Air,HRDT,HIV test,"Orgenics, Ltd","HIV 1/2, Determine HIV Kit, without Lancets, 100 Tests","HIV 1/2, Determine HIV Kit, without Lancets",Determine,N/A,Test kit,Inverness Japan,791,100,150,10798.5,71.99,0.72,21.17,46,2698.04,TRUE,10/29/08,10/29/08,,9/24/08
102-BW-T01,Pre-PQ Process,SCMS-31370,ASN-2796,Botswana,PMO - US,Direct Drop,EXW,Air,HRDT,HIV test - Ancillary,"Trinity Biotech, Plc","#109436**HIV 1, Uni-Gold Recombigen HIV Control, Vial 2 x 0.5 ml","HIV 1, Uni-Gold Recombigen HIV Control, Vial 2 x 0.5 ml",Uni-Gold,N/A,Test kit - Ancillary,"Trinity Biotech, Plc",796,2,15,450,30,15,0.88,1,578.01,TRUE,11/28/08,11/28/08,,10/2/08
110-ZM-T01,Pre-PQ Process,SCMS-31380,ASN-3172,Zambia,PMO - US,Direct Drop,EXW,Air,HRDT,HIV test,"Standard Diagnostics, Inc.","HIV 1/2, Bioline 3.0 Kit, Lancets, Capillary pipets, Alcohol swabs included, 25 Tests","HIV 1/2, Bioline 3.0 Kit, Lancets, Capillary pipets, Alcohol swabs included",Bioline,N/A,Test kit,"Standard Diagnostics, Korea",797,25,319,6380,20,0.8,12.5,100,1122.24,TRUE,1/23/09,1/23/09,,10/2/08
116-ZA-T01,Pre-PQ Process,SCMS-33320,ASN-3553,South Africa,PMO - US,Direct Drop,DDP,Truck,ARV,Adult,S. BUYS WHOLESALER,"Tenofovir Disoproxil Fumarate 300mg [Viread], tablets, 30 Tabs",Tenofovir Disoproxil Fumarate,Viread,300mg,Tablet,"Aspen-OSD, Port Elizabeth, SA",835,30,80,1830.4,22.88,0.76,3.59,,,TRUE,5/17/09,10/9/08,,
116-ZA-T01,Pre-PQ Process,SCMS-33320,ASN-3892,South Africa,PMO - US,Direct Drop,DDP,Truck,ARV,Adult,S. BUYS WHOLESALER,"Tenofovir Disoproxil Fumarate 300mg [Viread], tablets, 30 Tabs",Tenofovir Disoproxil Fumarate,Viread,300mg,Tablet,"Aspen-OSD, Port Elizabeth, SA",836,30,120,2745.6,22.88,0.76,5.38,,,TRUE,5/17/09,5/17/09,,
116-ZA-T01,Pre-PQ Process,SCMS-33320,ASN-3553,South Africa,PMO - US,Direct Drop,DDP,Truck,ARV,Pediatric,S. BUYS WHOLESALER,"Stavudine 1mg/ml [Zerit], powder for oral solution, Bottle, 200 ml",Stavudine,Zerit,1mg/ml,Powder for oral solution,"BMS Meymac, France",837,200,600,858,1.43,0.01,1.68,,,FALSE,5/17/09,10/9/08,,
116-ZA-T01,Pre-PQ Process,SCMS-33320,ASN-3553,South Africa,PMO - US,Direct Drop,DDP,Truck,ARV,Pediatric,S. BUYS WHOLESALER,"Didanosine 100mg [Videx],chewable tablets, 60 Tabs",Didanosine,Videx,100mg,Chewable/dispersible tablet,"BMS Meymac, France",838,60,7,91.35,13.05,0.22,0.18,,,FALSE,5/17/09,10/9/08,,
116-ZA-T01,Pre-PQ Process,SCMS-33320,ASN-3553,South Africa,PMO - US,Direct Drop,DDP,Truck,ARV,Pediatric,S. BUYS WHOLESALER,"Lopinavir/Ritonavir 80/20mg/ml [Kaletra], oral solution, cool, Bottle 5 x 60 ml",Lopinavir/Ritonavir,Kaletra,80/20mg/ml,Oral solution,ABBVIE (Abbott) Logis. UK,839,300,40,1375.6,34.39,0.11,2.7,,,FALSE,5/17/09,10/9/08,,
102-GY-T01,Pre-PQ Process,SCMS-33930,ASN-3209,Guyana,PMO - US,Direct Drop,CIP,Air,MRDT,Malaria,ZEPHYR BIOMEDICALS,"Malaria Paramax-3 Kit, 25 Tests",Malaria Paramax-3 Kit,Paramax,N/A,Test kit,Not Applicable,849,25,108,4050,37.5,1.5,7.94,,,TRUE,2/6/09,2/6/09,,11/19/08
109-TZ-T01,Pre-PQ Process,SCMS-34680,ASN-3332,Tanzania,PMO - US,Direct Drop,CIP,Air,ARV,Adult,MERCK SHARP & DOHME IDEA GMBH (FORMALLY MERCK SHARP & DOHME B.V.),"Efavirenz/Emtricitabine/Tenofovir Disoproxil Fumarate 600/200/300mg [Atripla], tablets, 30 Tabs",Efavirenz/Emtricitabine/Tenofovir Disoproxil Fumarate,Atripla,600/200/300mg,Tablet - FDC,"MSD, Haarlem, NL",858,30,50000,2520000,50.4,1.68,4939.2,4093,9339,TRUE,4/21/09,4/21/09,,12/19/08
104-CI-T01,Pre-PQ Process,SCMS-35790,ASN-3242,Côte d'Ivoire,PMO - US,Direct Drop,EXW,Air,ANTM,Malaria,IDA FOUNDATION,"Quinine 600mg/2ml (as dihydrochloride), injection, 2ml x 100 Ampules",Quinine (as dihydrochloride),Generic,600mg/2ml,Injection,Gland Pharma Ltd Pally Factory,914,100,140,2731.4,19.51,0.2,5.35,5209,25405.22,TRUE,3/2/09,3/2/09,,12/19/08
111-MZ-T01,Pre-PQ Process,SCMS-36660,ASN-3509,Mozambique,PMO - US,Direct Drop,EXW,Air,HRDT,HIV test,"Trinity Biotech, Plc","HIV 1/2, Uni-Gold HIV Kit, 20 Tests","HIV 1/2, Uni-Gold HIV Kit",Uni-Gold,N/A,Test kit,"Trinity Biotech, Plc",937,20,5700,182400,32,1.6,357.5,1906,23914.8,TRUE,3/23/09,3/23/09,,1/5/09
108-VN-T01,Pre-PQ Process,SCMS-37170,ASN-3562,Vietnam,PMO - US,Direct Drop,EXW,Air,ARV,Adult,Aurobindo Pharma Limited,"Lamivudine/Zidovudine 150/300mg, tablets, 60 Tabs",Lamivudine/Zidovudine,Generic,150/300mg,Tablet - FDC,"Aurobindo Unit III, India",960,60,5964,51350.04,8.61,0.14,100.65,3509,12835.2,TRUE,4/10/09,4/10/09,,1/16/09
108-VN-T01,Pre-PQ Process,SCMS-37170,ASN-3562,Vietnam,PMO - US,Direct Drop,EXW,Air,ARV,Adult,Aurobindo Pharma Limited,"Lamivudine 150mg, tablets, 60 Tabs",Lamivudine,Generic,150mg,Tablet,"Aurobindo Unit III, India",961,60,21000,50400,2.4,0.04,98.78,,,FALSE,4/10/09,4/10/09,,1/16/09
108-VN-T01,Pre-PQ Process,SCMS-37180,ASN-3521,Vietnam,PMO - US,Direct Drop,EXW,Air,ARV,Adult,CIPLA LIMITED,"Lamivudine/Nevirapine/Stavudine 150/200/30mg, tablets, 60 Tabs",Lamivudine/Nevirapine/Stavudine,Generic,150/200/30mg,Tablet - FDC,"Cipla, Goa, India",962,60,10560,72864,6.9,0.12,142.81,924,4225.93,TRUE,3/23/09,3/23/09,,1/16/09
108-VN-T01,Pre-PQ Process,SCMS-31721,ASN-3454,Vietnam,PMO - US,Direct Drop,EXW,Air,ARV,Adult,Aurobindo Pharma Limited,"Lamivudine/Zidovudine 150/300mg, tablets, 60 Tabs",Lamivudine/Zidovudine,Generic,150/300mg,Tablet - FDC,"Aurobindo Unit III, India",979,60,2352,20250.72,8.61,0.14,39.69,211,892.5,TRUE,3/16/09,3/16/09,,10/21/08
109-TZ-T01,Pre-PQ Process,SCMS-38370,ASN-3751,Tanzania,PMO - US,Direct Drop,FCA,Air,ARV,Pediatric,ABBVIE LOGISTICS (FORMERLY ABBOTT LOGISTICS BV),"Lopinavir/Ritonavir 80/20mg/ml [Kaletra], oral solution, cool, Bottle 5 x 60 ml",Lopinavir/Ritonavir,Kaletra,80/20mg/ml,Oral solution,ABBVIE (Abbott) Logis. UK,985,300,524,21536.4,41.1,0.14,42.21,644,6668.61,TRUE,5/28/09,5/28/09,,2/5/09
109-TZ-T01,Pre-PQ Process,SCMS-38380,ASN-3627,Tanzania,PMO - US,Direct Drop,FCA,Air,ARV,Pediatric,ABBVIE LOGISTICS (FORMERLY ABBOTT LOGISTICS BV),"Lopinavir/Ritonavir 100/25mg [Aluvia], tablets, 60 Tabs",Lopinavir/Ritonavir,Generic,100/25mg,Tablet,ABBVIE Ludwigshafen Germany,986,60,2094,21526.32,10.28,0.17,42.19,237,,TRUE,5/4/09,5/4/09,,2/5/09
107-RW-T01,Pre-PQ Process,SCMS-38660,ASN-3710,Rwanda,PMO - US,Direct Drop,EXW,Air,HRDT,HIV test,Premier Medical Corporation Ltd.,"HIV 1/2/O, First Response HIV 1-2.0, v.3.0 Cards Kit, 30 Tests","HIV 1/2/O, First Response HIV 1-2.0, v.3.0 Cards Kit",First Response,N/A,Test kit,Premier Med. Corp Ltd. India,993,30,8249,185602.5,22.5,0.75,363.78,2800,12595.81,TRUE,4/28/09,4/28/09,,2/18/09
123-NG-T01,Pre-PQ Process,SCMS-39640,ASN-4747,Nigeria,PMO - US,Direct Drop,CIP,Air,ARV,Adult,BRISTOL-MYERS SQUIBB,"Didanosine EC 400mg [Videx EC], delayed-release capsules, Blister 3 x 10 Caps",Didanosine EC,Videx EC,400mg,Delayed-release capsules - blister,"BMS Meymac, France",1037,30,200,4734,23.67,0.79,9.28,11,463,TRUE,9/30/09,9/30/09,,3/4/09
106-HT-T01,Pre-PQ Process,SCMS-40000,ASN-3675,Haiti,PMO - US,Direct Drop,CIP,Air,ARV,Pediatric,BRISTOL-MYERS SQUIBB,"Didanosine 50mg [Videx], chewable tablets, 60 Tabs",Didanosine,Videx,50mg,Chewable/dispersible tablet,"BMS Meymac, France",1046,60,80,760,9.5,0.16,1.49,43,260,TRUE,3/31/09,3/31/09,,3/6/09
106-HT-T01,Pre-PQ Process,SCMS-40000,ASN-3675,Haiti,PMO - US,Direct Drop,CIP,Air,ARV,Pediatric,BRISTOL-MYERS SQUIBB,"Didanosine 2g [Videx], powder for oral solution 10mg/ml, reconstitute to 200 ml",Didanosine,Videx,2g,Powder for oral solution,"BMS Meymac, France",1047,200,32,402.88,12.59,0.06,0.79,,,FALSE,3/31/09,3/31/09,,3/6/09
106-HT-T01,Pre-PQ Process,SCMS-40030,ASN-3750,Haiti,PMO - US,Direct Drop,FCA,Air,ARV,Pediatric,ABBVIE LOGISTICS (FORMERLY ABBOTT LOGISTICS BV),"Lopinavir/Ritonavir 100/25mg [Aluvia], tablets, 60 Tabs",Lopinavir/Ritonavir,Generic,100/25mg,Tablet,ABBVIE Ludwigshafen Germany,1048,60,46,472.88,10.28,0.17,0.93,10,893.22,TRUE,4/15/09,4/15/09,,3/6/09
116-ZA-T01,Pre-PQ Process,SCMS-40810,ASN-3634,South Africa,PMO - US,Direct Drop,DDP,Air,ARV,Adult,S. BUYS WHOLESALER,"Efavirenz 600mg, tablets, 30 Tabs",Efavirenz,Generic,600mg,Tablet,"Aurobindo Unit III, India",1063,30,3025,47522.75,15.71,0.52,93.14,,,TRUE,3/31/09,12/2/08,,
116-ZA-T01,Pre-PQ Process,SCMS-41040,ASN-3623,South Africa,PMO - US,Direct Drop,DDP,Air,ARV,Adult,S. BUYS WHOLESALER,"Efavirenz 600mg, tablets, 30 Tabs",Efavirenz,Generic,600mg,Tablet,"Cipla, Goa, India",1065,30,3500,49840,14.24,0.47,97.69,,,TRUE,4/7/09,12/3/08,,
116-ZA-T01,Pre-PQ Process,SCMS-41040,ASN-3623,South Africa,PMO - US,Direct Drop,DDP,Air,ARV,Pediatric,S. BUYS WHOLESALER,"Zidovudine 10mg/ml, oral solution, Bottle, 240 ml",Zidovudine,Generic,10mg/ml,Oral solution,"Aurobindo Unit III, India",1066,240,1008,3588.48,3.56,0.01,7.03,,,FALSE,4/7/09,12/3/08,,
116-ZA-T01,Pre-PQ Process,SCMS-41060,ASN-3624,South Africa,PMO - US,Direct Drop,DDP,Air,ARV,Pediatric,S. BUYS WHOLESALER,"Stavudine 1mg/ml [Zerit], powder for oral solution, Bottle, 200 ml",Stavudine,Zerit,1mg/ml,Powder for oral solution,"BMS Meymac, France",1067,200,960,1152,1.2,0.01,2.26,,,TRUE,5/5/09,12/23/08,,
116-ZA-T01,Pre-PQ Process,SCMS-41070,ASN-3625,South Africa,PMO - US,Direct Drop,DDP,Air,ARV,Pediatric,S. BUYS WHOLESALER,"Lamivudine 10mg/ml [Epivir], oral solution, Bottle, 240 ml",Lamivudine,Epivir,10mg/ml,Oral solution,GSK Mississauga (Canada),1068,240,1800,10512,5.84,0.02,20.6,,,TRUE,5/12/09,12/30/08,,
116-ZA-T01,Pre-PQ Process,SCMS-41140,ASN-3752,South Africa,PMO - US,Direct Drop,DDP,Air,ARV,Adult,S. BUYS WHOLESALER,"Stavudine 30mg, capsules, 60 Caps",Stavudine,Generic,30mg,Capsule,"Aurobindo Unit III, India",1070,60,1200,3384,2.82,0.05,6.63,,,TRUE,3/31/09,11/21/08,,
116-ZA-T01,Pre-PQ Process,SCMS-41462,ASN-4361,South Africa,PMO - US,Direct Drop,DDP,Air,ARV,Pediatric,S. BUYS WHOLESALER,"Lamivudine 10mg/ml, oral solution, Bottle, 240 ml",Lamivudine,Generic,10mg/ml,Oral solution,"Aurobindo Unit III, India",1077,240,346,1954.9,5.65,0.02,3.83,,,TRUE,6/25/09,4/21/09,,3/18/09
116-ZA-T01,Pre-PQ Process,SCMS-41460,ASN-4502,South Africa,PMO - US,Direct Drop,DDP,Truck,ARV,Pediatric,S. BUYS WHOLESALER,"Efavirenz 50mg, capsule, 30 Caps",Efavirenz,Generic,50mg,Capsule,"Aurobindo Unit III, India",1078,30,5300,16642,3.14,0.1,32.62,,,TRUE,6/25/09,6/5/09,,3/18/09
116-ZA-T01,Pre-PQ Process,SCMS-41464,ASN-4634,South Africa,PMO - US,Direct Drop,DDP,Air,ARV,Pediatric,S. BUYS WHOLESALER,"Lamivudine 10mg/ml, oral solution, Bottle, 240 ml",Lamivudine,Generic,10mg/ml,Oral solution,"Aurobindo Unit III, India",1079,240,342,1932.3,5.65,0.02,3.79,,,TRUE,6/25/09,6/17/09,,3/18/09
116-ZA-T01,Pre-PQ Process,SCMS-41480,ASN-5055,South Africa,PMO - US,Direct Drop,DDP,Truck,ARV,Adult,S. BUYS WHOLESALER,"Stavudine 15mg [Zerit], capsules, 60 Caps",Stavudine,Zerit,15mg,Capsule,"BMS Meymac, France",1080,60,2700,10665,3.95,0.07,20.9,,,TRUE,8/19/09,8/19/09,,6/15/09
116-ZA-T01,Pre-PQ Process,SCMS-41581,ASN-4196,South Africa,PMO - US,Direct Drop,DDP,Air,ARV,Adult,S. BUYS WHOLESALER,"Lopinavir/Ritonavir 200/50mg [Aluvia], tablets, 120 Tabs",Lopinavir/Ritonavir,Aluvia,200/50mg,Tablet,ABBVIE Ludwigshafen Germany,1084,120,3735,134385.3,35.98,0.3,263.4,,,TRUE,6/25/09,4/14/09,,3/27/09
116-ZA-T01,Pre-PQ Process,SCMS-41589,ASN-4358,South Africa,PMO - US,Direct Drop,DDP,Air,ARV,Adult,S. BUYS WHOLESALER,"Zidovudine 300mg [Retrovir], tablets, 60 Tabs",Zidovudine,Retrovir,300mg,Tablet,GSK Aranda,1085,60,6000,80640,13.44,0.22,158.05,,,TRUE,6/25/09,4/29/09,,3/27/09
116-ZA-T01,Pre-PQ Process,SCMS-41584,ASN-4385,South Africa,PMO - US,Direct Drop,DDP,Air,ARV,Adult,S. BUYS WHOLESALER,"Stavudine 30mg, capsules, 60 Caps",Stavudine,Generic,30mg,Capsule,"Aurobindo Unit III, India",1086,60,11672,35016,3,0.05,68.63,,,TRUE,6/25/09,4/20/09,,3/27/09
144-BW-T01,Pre-PQ Process,SCMS-41870,ASN-4896,Botswana,PMO - US,Direct Drop,EXW,Air,HRDT,HIV test,Orasure Technologies Inc.,"HIV 1/2, OraQuick Advance HIV Rapid Antibody Kit, 100 Tests","HIV 1/2, OraQuick Advance HIV Rapid Antibody Kit",OraQuick,N/A,Test kit,"Pacific Biotech, Thailand",1095,100,20,7000,350,3.5,13.72,48,1172.11,TRUE,11/13/09,11/13/09,,3/25/09
104-CI-T01,Pre-PQ Process,SCMS-42210,ASN-4086,Côte d'Ivoire,PMO - US,Direct Drop,FCA,Air,ARV,Adult,ABBVIE LOGISTICS (FORMERLY ABBOTT LOGISTICS BV),"Lopinavir/Ritonavir 200/50mg [Aluvia], tablets, 120 Tabs",Lopinavir/Ritonavir,Aluvia,200/50mg,Tablet,ABBVIE Ludwigshafen Germany,1109,120,10240,420864,41.1,0.34,824.89,2523,14806.48,TRUE,6/30/09,6/30/09,,3/30/09
104-CI-T01,Pre-PQ Process,SCMS-42230,ASN-4423,Côte d'Ivoire,PMO - US,Direct Drop,FCA,Air,ARV,Adult,ABBVIE LOGISTICS (FORMERLY ABBOTT LOGISTICS BV),"Ritonavir 100mg [Norvir], capsules, cool, 4 x 84 Caps",Ritonavir,Norvir,100mg,Capsule,ABBVIE (Abbott) Logis. UK,1110,336,400,15344,38.36,0.11,30.07,175,7642.97,TRUE,7/22/09,7/22/09,,3/30/09
116-ZA-T01,Pre-PQ Process,SCMS-47390,ASN-4402,South Africa,PMO - US,Direct Drop,DDP,Truck,ARV,Pediatric,S. BUYS WHOLESALER,"Lopinavir/Ritonavir 80/20mg/ml [Kaletra], oral solution, cool, Bottle 5 x 60 ml",Lopinavir/Ritonavir,Kaletra,80/20mg/ml,Oral solution,ABBVIE (Abbott) Logis. UK,1111,300,30,1080,36,0.12,2.12,,,TRUE,7/31/09,4/21/09,,4/2/09
116-ZA-T01,Pre-PQ Process,SCMS-47430,ASN-4244,South Africa,PMO - US,Direct Drop,DDP,Truck,ARV,Adult,S. BUYS WHOLESALER,"Emtricitabine/Tenofovir Disoproxil Fumarate 200/300mg [Truvada], tablets, 30 Tabs",Emtricitabine/Tenofovir Disoproxil Fumarate,Truvada,300/200mg,Tablet - FDC,"Aspen-OSD, Port Elizabeth, SA",1114,30,80,2816,35.2,1.17,5.52,,,TRUE,5/15/09,4/17/09,,4/2/09
116-ZA-T01,Pre-PQ Process,SCMS-47500,ASN-4332,South Africa,PMO - US,Direct Drop,DDP,Truck,ARV,Adult,S. BUYS WHOLESALER,"Zidovudine 300mg, tablets, 60 Tabs",Zidovudine,Generic,300mg,Tablet,"Aurobindo Unit III, India",1115,60,1000,19770,19.77,0.33,38.75,,3134.85,TRUE,5/15/09,4/23/09,,4/2/09
106-HT-T01,Pre-PQ Process,SCMS-42720,ASN-4787,Haiti,PMO - US,Direct Drop,EXW,Air,HRDT,HIV test,Orasure Technologies Inc.,"HIV 1/2, OraQuick Advance HIV Rapid Antibody Kit, 100 Tests","HIV 1/2, OraQuick Advance HIV Rapid Antibody Kit",OraQuick,N/A,Test kit,"Pacific Biotech, Thailand",1122,100,60,21000,350,3.5,41.16,144,3128.19,TRUE,9/16/09,9/16/09,,4/2/09
102-KE-T01,Pre-PQ Process,SCMS-42980,ASN-4343,Kenya,PMO - US,Direct Drop,EXW,Air,HRDT,HIV test,"Orgenics, Ltd","HIV 1/2, Determine Complete HIV Kit, 100 Tests","HIV 1/2, Determine Complete HIV Kit",Determine,N/A,Test kit,Inverness Japan,1134,100,7500,600000,80,0.8,1176,2215,16835.31,TRUE,7/10/09,7/10/09,,4/4/09
133-NG-T01,Pre-PQ Process,SCMS-43330,ASN-4437,Nigeria,PMO - US,Direct Drop,EXW,Air,HRDT,HIV test,"Orgenics, Ltd","HIV 1/2, Determine Complete HIV Kit, 100 Tests","HIV 1/2, Determine Complete HIV Kit",Determine,N/A,Test kit,Inverness Japan,1140,100,6395,511600,80,0.8,1002.74,1915,24514.33,TRUE,8/18/09,8/18/09,,4/9/09
107-RW-T01,Pre-PQ Process,SCMS-43890,ASN-4503,Rwanda,PMO - US,Direct Drop,CIP,Air,ARV,Adult,HETERO LABS LIMITED,"Efavirenz 600mg, tablets, 30 Tabs",Efavirenz,Generic,600mg,Tablet,Hetero Unit III Hyderabad IN,1156,30,55356,386384.88,6.98,0.23,757.31,4482,37404.74,TRUE,7/25/09,7/25/09,,4/15/09
104-CI-T01,Pre-PQ Process,SCMS-44130,ASN-4791,Côte d'Ivoire,PMO - US,Direct Drop,EXW,Air,HRDT,HIV test,BIO-RAD LABORATORIES (FRANCE),"#108853** HIV, Genie II HIV-1/HIV-2 Kit, 40 Tests","HIV, Genie II HIV-1/HIV-2 Kit",Genie,N/A,Test kit,Bio-Rad Laboratories,1162,40,1000,110000,110,2.75,215.6,1101,8074.03,TRUE,9/15/09,9/15/09,,4/15/09
108-VN-T01,Pre-PQ Process,SCMS-44990,ASN-4302,Vietnam,PMO - US,Direct Drop,FCA,Air,ARV,Adult,ABBVIE LOGISTICS (FORMERLY ABBOTT LOGISTICS BV),"Ritonavir 100mg [Norvir], capsules, cool, 4 x 84 Caps",Ritonavir,Norvir,100mg,Capsule,ABBVIE (Abbott) France,1179,336,8,613.76,76.72,0.23,1.2,48,3366.04,TRUE,7/17/09,7/17/09,,4/29/09
108-VN-T01,Pre-PQ Process,SCMS-45080,ASN-4420,Vietnam,PMO - US,Direct Drop,EXW,Air,ARV,Adult,Aurobindo Pharma Limited,"Lamivudine/Nevirapine/Zidovudine 150/200/300mg, tablets, 60 Tabs",Lamivudine/Nevirapine/Zidovudine,Generic,150/300/200mg,Tablet - FDC,"Aurobindo Unit III, India",1183,60,3500,39025,11.15,0.19,76.49,1804,6341.88,TRUE,7/10/09,7/10/09,,4/29/09
102-BW-T01,Pre-PQ Process,SCMS-46071,ASN-4324,Botswana,PMO - US,Direct Drop,EXW,Air,HRDT,HIV test,Orasure Technologies Inc.,"HIV 1/2, OraQuick Advance HIV Rapid Antibody Kit, 100 Tests","HIV 1/2, OraQuick Advance HIV Rapid Antibody Kit",OraQuick,N/A,Test kit,"Pacific Biotech, Thailand",1196,100,5,1750,350,3.5,3.43,12,684.42,TRUE,6/12/09,7/10/09,,5/27/09
119-NA-T01,Pre-PQ Process,SCMS-46120,ASN-4659,Namibia,PMO - US,Direct Drop,EXW,Air,HRDT,HIV test,"Orgenics, Ltd","HIV 1/2, Clearview Complete Kit, 25 Tests","HIV 1/2, Clearview Complete Kit",Clearview,N/A,Test kit,Chembio Diagnostics Sys. Inc.,1198,25,67,5025,75,3,9.85,48,401.97,TRUE,9/1/09,9/1/09,,5/18/09
108-VN-T01,Pre-PQ Process,SCMS-46550,ASN-4488,Vietnam,PMO - US,Direct Drop,CIP,Air,ARV,Pediatric,BRISTOL-MYERS SQUIBB,"Didanosine 25mg [Videx], chewable tablets, 60 Tabs",Didanosine,Videx,25mg,Chewable/dispersible tablet,"BMS Meymac, France",1213,60,400,2800,7,0.12,5.49,148,14.36,TRUE,7/28/09,7/28/09,,5/27/09
119-NA-T01,Pre-PQ Process,SCMS-46820,ASN-4311,Namibia,PMO - US,Direct Drop,EXW,Air,HRDT,HIV test,"Trinity Biotech, Plc","HIV 1/2, Uni-Gold HIV Kit, 20 Tests","HIV 1/2, Uni-Gold HIV Kit",Uni-Gold,N/A,Test kit,"Trinity Biotech, Plc",1215,20,220,7040,32,1.6,13.8,79,1736.18,TRUE,6/29/09,6/29/09,,6/2/09
116-ZA-T01,Pre-PQ Process,SCMS-46970,ASN-4821,South Africa,PMO - US,Direct Drop,DDP,Truck,ARV,Adult,S. BUYS WHOLESALER,"Ritonavir 100mg [Norvir], capsules, cool, 84 Caps",Ritonavir,Norvir,100mg,Capsule,ABBVIE (Abbott) Logis. UK,1221,84,50,490,9.8,0.12,0.96,,,TRUE,7/28/09,7/28/09,,6/5/09
116-ZA-T01,Pre-PQ Process,SCMS-47051,ASN-4838,South Africa,PMO - US,Direct Drop,DDP,Truck,ARV,Adult,S. BUYS WHOLESALER,"Lamivudine 150mg, tablets, 60 Tabs",Lamivudine,Generic,150mg,Tablet,"Aurobindo Unit III, India",1222,60,5000,41300,8.26,0.14,80.95,,,TRUE,10/12/09,8/5/09,,6/5/09
116-ZA-T01,Pre-PQ Process,SCMS-47051,ASN-4836,South Africa,PMO - US,Direct Drop,DDP,Truck,ARV,Pediatric,S. BUYS WHOLESALER,"Lamivudine 10mg/ml [Epivir], oral solution, Bottle, 240 ml",Lamivudine,Epivir,10mg/ml,Oral solution,GSK Mississauga (Canada),1223,240,460,2838.2,6.17,0.03,5.56,,,TRUE,10/12/09,7/28/09,,6/5/09
100-CI-T01,Pre-PQ Process,SCMS-1,ASN-5,Côte d'Ivoire,PMO - US,Direct Drop,EXW,Air,HRDT,HIV test,BIO-RAD LABORATORIES (FRANCE),"#108853** HIV, Genie II HIV-1/HIV-2 Kit, 40 Tests","HIV, Genie II HIV-1/HIV-2 Kit",Genie,N/A,Test kit,Bio-Rad Laboratories,1245,40,147,11076.45,75.35,1.88,,165,1816.57,TRUE,6/27/06,6/27/06,,4/19/06
104-CI-T01,Pre-PQ Process,SCMS-5,ASN-7,Côte d'Ivoire,PMO - US,Direct Drop,EXW,Air,HRDT,HIV test,Orasure Technologies Inc.,"HIV 1/2, OraQuick Advance HIV Rapid Antibody Kit, 100 Tests","HIV 1/2, OraQuick Advance HIV Rapid Antibody Kit",OraQuick,N/A,Test kit,"Pacific Biotech, Thailand",1246,100,6,2400,400,4,,15,1039.5,TRUE,7/14/06,7/14/06,,
108-VN-T01,Pre-PQ Process,SCMS-12,ASN-91,Vietnam,PMO - US,Direct Drop,CIP,Air,ARV,Pediatric,BRISTOL-MYERS SQUIBB,"Didanosine 25mg [Videx], chewable tablets, 60 Tabs",Didanosine,Videx,25mg,Chewable/dispersible tablet,"BMS Meymac, France",1251,60,2800,19600,7,0.12,,555,3292.15,TRUE,11/16/06,11/16/06,,
106-HT-T01,Pre-PQ Process,SCMS-74,ASN-46,Haiti,PMO - US,Direct Drop,EXW,Air,HRDT,HIV test,Orasure Technologies Inc.,"HIV 1/2, OraQuick Advance HIV Rapid Antibody Kit, 100 Tests","HIV 1/2, OraQuick Advance HIV Rapid Antibody Kit",OraQuick,N/A,Test kit,"Pacific Biotech, Thailand",1262,100,15,6000,400,4,,36,1195.29,TRUE,11/9/06,11/9/06,,
113-ZW-T01,Pre-PQ Process,SCMS-135,ASN-79,Zimbabwe,PMO - US,Direct Drop,CIP,Air,ARV,Adult,INTERNATIONAL HEALTHCARE DISTRIBUTORS,"Lopinavir/Ritonavir 133.3/33.3mg [Kaletra], capsules, cool, 2 x 90 Caps",Lopinavir/Ritonavir,Kaletra,133.3/33.3mg,Capsule,ABBVIE (Abbott) St. P'burg USA,1279,180,260,11096.8,42.68,0.24,,135,,TRUE,11/7/06,11/7/06,,
112-NG-T01,Pre-PQ Process,SCMS-156,ASN-93,Nigeria,PMO - US,Direct Drop,EXW,Air,ARV,Adult,Aurobindo Pharma Limited,"Lamivudine 150mg, tablets, 60 Tabs",Lamivudine,Generic,150mg,Tablet,"Aurobindo Unit III, India",1281,60,894,2994.9,3.35,0.06,,479,4861.14,TRUE,12/7/06,12/7/06,,
108-VN-T01,Pre-PQ Process,SCMS-169,ASN-272,Vietnam,PMO - US,Direct Drop,EXW,Air,ARV,Adult,CIPLA LIMITED,"Lamivudine/Zidovudine 150/300mg, tablets, 60 Tabs",Lamivudine/Zidovudine,Generic,150/300mg,Tablet - FDC,"Cipla, Goa, India",1282,60,25100,276100,11,0.18,,2575,18772.94,TRUE,3/14/07,3/14/07,,11/15/06
108-VN-T01,Pre-PQ Process,SCMS-170,ASN-273,Vietnam,PMO - US,Direct Drop,EXW,Air,ARV,Adult,STRIDES ARCOLAB LIMITED,"Stavudine 30mg, capsules, 60 Caps",Stavudine,Generic,30mg,Capsule,"Strides, Bangalore, India.",1283,60,95500,144205,1.51,0.03,,9170,42453.21,TRUE,3/14/07,3/14/07,,11/15/06
102-GY-T01,Pre-PQ Process,SCMS-177,ASN-136,Guyana,PMO - US,Direct Drop,EXW,Air,HRDT,HIV test,"Trinity Biotech, Plc","HIV 1/2, Uni-Gold HIV Kit, 20 Tests","HIV 1/2, Uni-Gold HIV Kit",Uni-Gold,N/A,Test kit,"Trinity Biotech, Plc",1285,20,900,36000,40,2,,316,4989.87,TRUE,12/29/06,12/29/06,,
111-MZ-T01,Pre-PQ Process,SCMS-211,ASN-229,Mozambique,PMO - US,Direct Drop,CIP,Air,ARV,Adult,ABBVIE LOGISTICS (FORMERLY ABBOTT LOGISTICS BV),"Lopinavir/Ritonavir 200/50mg [Aluvia], tablets, 120 Tabs",Lopinavir/Ritonavir,Aluvia,200/50mg,Tablet,ABBSP,1295,120,80,3288,41.1,0.34,,25,,TRUE,2/15/07,2/15/07,,11/17/06
108-VN-T01,Pre-PQ Process,SCMS-262,ASN-386,Vietnam,PMO - US,Direct Drop,EXW,Air,ARV,Adult,CIPLA LIMITED,"Lamivudine/Nevirapine/Stavudine 150/200/30mg, tablets, 60 Tabs",Lamivudine/Nevirapine/Stavudine,Generic,150/200/30mg,Tablet - FDC,"Cipla, Goa, India",1298,60,70000,525000,7.5,0.12,,6813,31858.09,TRUE,5/12/07,5/12/07,,1/9/07
107-RW-T01,Pre-PQ Process,SCMS-268,ASN-242,Rwanda,PMO - US,Direct Drop,EXW,Air,ARV,Adult,CIPLA LIMITED,"Efavirenz 600mg, tablets, 30 Tabs",Efavirenz,Generic,600mg,Tablet,"Cipla, Goa, India",1299,30,71577,1087970.4,15.2,0.51,,,,FALSE,2/27/07,2/27/07,,12/22/06
107-RW-T01,Pre-PQ Process,SCMS-268,ASN-242,Rwanda,PMO - US,Direct Drop,EXW,Air,ARV,Adult,CIPLA LIMITED,"Abacavir 300mg, tablets, 60 Tabs",Abacavir,Generic,300mg,Tablet,"Cipla, Patalganga, India",1300,60,5605,202340.5,36.1,0.6,,,,FALSE,2/27/07,2/27/07,,12/22/06
117-ET-T01,Pre-PQ Process,SCMS-284,ASN-168,Ethiopia,PMO - US,Direct Drop,FCA,Air,HRDT,HIV test,Abbott GmbH & Co. KG,"HIV 1/2, Determine Complete HIV Kit, 100 Tests","HIV 1/2, Determine Complete HIV Kit",Determine,N/A,Test kit,ABBVIE GmbH & Co.KG Wiesbaden,1303,100,200,16000,80,0.8,,,,TRUE,12/28/06,12/28/06,,12/14/06
108-VN-T01,Pre-PQ Process,SCMS-314,ASN-624,Vietnam,PMO - US,Direct Drop,EXW,Air,ARV,Adult,CIPLA LIMITED,"Lamivudine/Nevirapine/Stavudine 150/200/30mg, tablets, 60 Tabs",Lamivudine/Nevirapine/Stavudine,Generic,150/200/30mg,Tablet - FDC,"Cipla, Goa, India",1306,60,25000,187500,7.5,0.12,300,2348,21439.59,TRUE,8/24/07,8/24/07,,2/7/07
102-NG-T01,Pre-PQ Process,SCMS-343,ASN-259,Nigeria,PMO - US,Direct Drop,EXW,Air,HRDT,HIV test,BIO-RAD LABORATORIES (FRANCE),"#108853** HIV, Genie II HIV-1/HIV-2 Kit, 40 Tests","HIV, Genie II HIV-1/HIV-2 Kit",Genie,N/A,Test kit,Bio-Rad Laboratories,1307,40,375,28500,76,1.9,,402,4445.75,TRUE,3/15/07,3/30/07,,
117-ET-T01,Pre-PQ Process,SCMS-360,ASN-201,Ethiopia,PMO - US,Direct Drop,EXW,Air,HRDT,HIV test,Abbott GmbH & Co. KG,"HIV 1/2, Determine Complete HIV Kit, 100 Tests","HIV 1/2, Determine Complete HIV Kit",Determine,N/A,Test kit,ABBVIE GmbH & Co.KG Wiesbaden,1309,100,4650,372000,80,0.8,,1707,24859.45,TRUE,1/15/07,1/15/07,,12/14/06
104-CI-T01,Pre-PQ Process,SCMS-610,ASN-813,Côte d'Ivoire,PMO - US,Direct Drop,CIP,Air,ARV,Pediatric,BRISTOL-MYERS SQUIBB,"Didanosine 50mg [Videx], chewable tablets, 60 Tabs",Didanosine,Videx,50mg,Chewable/dispersible tablet,"BMS Meymac, France",1337,60,1577,14981.5,9.5,0.16,23.97,306,,TRUE,10/23/07,10/23/07,,5/9/07
102-NG-T01,Pre-PQ Process,SCMS-695,ASN-622,Nigeria,PMO - US,Direct Drop,EXW,Air,HRDT,HIV test,Abbott GmbH & Co. KG,"HIV 1/2, Determine Complete HIV Kit, 100 Tests","HIV 1/2, Determine Complete HIV Kit",Determine,N/A,Test kit,ABBVIE GmbH & Co.KG Wiesbaden,1347,100,3500,280000,80,0.8,448,1194,5858.57,TRUE,9/7/07,9/7/07,,
104-CI-T01,Pre-PQ Process,SCMS-698,ASN-727,Côte d'Ivoire,PMO - US,Direct Drop,CIP,Air,ARV,Pediatric,BRISTOL-MYERS SQUIBB,"Didanosine 50mg [Videx], chewable tablets, 60 Tabs",Didanosine,Videx,50mg,Chewable/dispersible tablet,"BMS Meymac, France",1350,60,4270,40565,9.5,0.16,64.9,,,FALSE,10/2/07,10/2/07,,7/13/07
108-VN-T01,Pre-PQ Process,SCMS-749,ASN-744,Vietnam,PMO - US,Direct Drop,EXW,Air,ARV,Pediatric,Aurobindo Pharma Limited,"Nevirapine 10mg/ml, oral suspension, Bottle, 240 ml",Nevirapine,Generic,10mg/ml,Oral suspension,"Aurobindo Unit III, India",1356,240,1000,1920,1.92,0.01,3.07,960,13762.41,TRUE,10/2/07,10/2/07,,7/3/07
108-VN-T01,Pre-PQ Process,SCMS-749,ASN-744,Vietnam,PMO - US,Direct Drop,EXW,Air,ARV,Pediatric,Aurobindo Pharma Limited,"Zidovudine 10mg/ml, oral solution, Bottle, 240 ml",Zidovudine,Generic,10mg/ml,Oral solution,"Aurobindo Unit III, India",1357,240,1000,2100,2.1,0.01,3.36,,,FALSE,10/2/07,10/2/07,,7/3/07
108-VN-T01,Pre-PQ Process,SCMS-753,ASN-781,Vietnam,PMO - US,Direct Drop,EXW,Air,ARV,Pediatric,Aurobindo Pharma Limited,"Zidovudine 10mg/ml, oral solution, Bottle, 240 ml",Zidovudine,Generic,10mg/ml,Oral solution,"Aurobindo Unit III, India",1358,240,1000,2100,2.1,0.01,3.36,,,FALSE,10/15/07,10/15/07,,7/4/07
108-VN-T01,Pre-PQ Process,SCMS-753,ASN-782,Vietnam,PMO - US,Direct Drop,EXW,Air,ARV,Adult,Aurobindo Pharma Limited,"Lamivudine/Nevirapine/Zidovudine 150/200/300mg, tablets, 60 Tabs",Lamivudine/Nevirapine/Zidovudine,Generic,150/300/200mg,Tablet - FDC,"Aurobindo Unit III, India",1359,60,3000,40500,13.5,0.22,64.8,332,4454.62,TRUE,10/15/07,10/15/07,,7/4/07
108-VN-T01,Pre-PQ Process,SCMS-754,ASN-926,Vietnam,PMO - US,Direct Drop,EXW,Air,ARV,Adult,Aurobindo Pharma Limited,"Efavirenz 600mg, tablets, 30 Tabs",Efavirenz,Generic,600mg,Tablet,"Aurobindo Unit III, India",1360,30,22500,277425,12.33,0.41,443.88,1955,16095.39,TRUE,11/23/07,11/23/07,,7/4/07
108-VN-T01,Pre-PQ Process,SCMS-757,ASN-631,Vietnam,PMO - US,Direct Drop,FCA,Air,ARV,Adult,ABBVIE LOGISTICS (FORMERLY ABBOTT LOGISTICS BV),"Lopinavir/Ritonavir 200/50mg [Aluvia], tablets, 120 Tabs",Lopinavir/Ritonavir,Aluvia,200/50mg,Tablet,ABBVIE Ludwigshafen Germany,1361,120,500,41095,82.19,0.68,65.75,117,1767.38,TRUE,8/27/07,8/27/07,,7/3/07
109-TZ-T01,Pre-PQ Process,SCMS-10240,ASN-649,Tanzania,PMO - US,Direct Drop,EXW,Air,HRDT,HIV test,"Standard Diagnostics, Inc.","HIV 1/2, Bioline 3.0 Kit, Lancets, Capillary pipets, Alcohol swabs included, 25 Tests","HIV 1/2, Bioline 3.0 Kit, Lancets, Capillary pipets, Alcohol swabs included",Bioline,N/A,Test kit,"Standard Diagnostics, Korea",1383,25,10000,200000,20,0.8,320,3336,25165.3,TRUE,9/19/07,9/19/07,,
107-RW-T01,Pre-PQ Process,SCMS-13900,ASN-990,Rwanda,PMO - US,Direct Drop,EXW,Air,ARV,Adult,ASPEN PHARMACARE,"Tenofovir Disoproxil Fumarate 300mg [Viread], tablets, 30 Tabs",Tenofovir Disoproxil Fumarate,Viread,300mg,Tablet,"Aspen-OSD, Port Elizabeth, SA",1502,30,1609,27353,17,0.57,43.76,157,7922.24,TRUE,1/28/08,1/28/08,,11/12/07
116-ZA-T01,Pre-PQ Process,SCMS-14050,ASN-1251,South Africa,PMO - US,Direct Drop,DDP,N/A,ARV,Pediatric,"JSI R&T INSTITUTE, INC.","Lopinavir/Ritonavir 80/20mg/ml [Kaletra], oral solution, cool, Bottle 5 x 60 ml",Lopinavir/Ritonavir,Kaletra,80/20mg/ml,Oral solution,ABBVIE (Abbott) Logis. UK,1512,300,30,1447.8,48.26,0.16,2.32,,,FALSE,1/29/08,1/29/08,,11/12/07
116-ZA-T01,Pre-PQ Process,SCMS-14050,ASN-1251,South Africa,PMO - US,Direct Drop,DDP,N/A,ARV,Adult,"JSI R&T INSTITUTE, INC.","Didanosine EC 400mg [Videx EC], delayed-release capsules, Blister 3 x 10 Caps",Didanosine EC,Videx EC,400mg,Delayed-release capsules - blister,"BMS Meymac, France",1513,30,100,2850,28.5,0.95,4.56,,,FALSE,1/29/08,1/29/08,,11/12/07
108-VN-T01,Pre-PQ Process,SCMS-14170,ASN-1439,Vietnam,PMO - US,Direct Drop,FCA,Air,ARV,Adult,ABBVIE LOGISTICS (FORMERLY ABBOTT LOGISTICS BV),"Ritonavir 100mg [Norvir], capsules, cool, 4 x 84 Caps",Ritonavir,Norvir,100mg,Capsule,ABBVIE (Abbott) Logis. UK,1519,336,100,18333,183.33,0.55,29.33,337,2535.4,TRUE,3/28/08,3/28/08,,11/21/07
102-NG-T01,Pre-PQ Process,SCMS-14640,ASN-1167,Nigeria,PMO - US,Direct Drop,EXW,Air,HRDT,HIV test,"CHEMBIO DIAGNOSTIC SYSTEMS, INC.","HIV 1/2, Stat-Pak HIV, Kit, 20 Tests","HIV 1/2, Stat-Pak HIV, Kit",Stat-Pak,N/A,Test kit,Chembio Diagnostics Sys. Inc.,1527,20,10000,270000,27,1.35,432,3336,28002.75,TRUE,1/21/08,1/21/08,,11/30/07
107-RW-T01,Pre-PQ Process,SCMS-14750,ASN-1194,Rwanda,PMO - US,Direct Drop,CIP,Air,ARV,Adult,MYLAN LABORATORIES LTD (FORMERLY MATRIX LABORATORIES),"Abacavir 300mg, tablets, 60 Tabs",Abacavir,Generic,300mg,Tablet,Mylan (formerly Matrix) Nashik,1529,60,1099,30222.5,27.5,0.46,48.36,113,1511.25,TRUE,1/28/08,1/28/08,,12/3/07
108-VN-T01,Pre-PQ Process,SCMS-14760,ASN-1230,Vietnam,PMO - US,Direct Drop,EXW,Air,ARV,Adult,Aurobindo Pharma Limited,"Stavudine 20mg, capsules, 60 Caps",Stavudine,Generic,20mg,Capsule,"Aurobindo Unit III, India",1530,60,1200,2100,1.75,0.03,3.36,125,2429.85,TRUE,2/1/08,2/1/08,,12/5/07
100-KZ-T01,Pre-PQ Process,SCMS-14770,ASN-1061,Kazakhstan,PMO - US,Direct Drop,DDP,Air,HRDT,HIV test,Orasure Technologies Inc.,"HIV 1/2, OraQuick Advance HIV Rapid Antibody Kit, 100 Tests","HIV 1/2, OraQuick Advance HIV Rapid Antibody Kit",OraQuick,N/A,Test kit,"Pacific Biotech, Thailand",1531,100,50,17500,350,3.5,28,,,TRUE,12/27/07,12/27/07,,11/30/07
123-NG-T01,Pre-PQ Process,SCMS-15550,ASN-1197,Nigeria,PMO - US,Direct Drop,EXW,Air,HRDT,HIV test,"Orgenics, Ltd","HIV 1/2, Determine HIV Kit, without Lancets, 100 Tests","HIV 1/2, Determine HIV Kit, without Lancets",Determine,N/A,Test kit,Inverness Japan,1549,100,650,51993.5,79.99,0.8,83.19,148,2577.27,TRUE,2/5/08,2/5/08,,
116-ZA-T01,Pre-PQ Process,SCMS-16600,ASN-1520,South Africa,PMO - US,Direct Drop,DDP,N/A,ARV,Adult,"JSI R&T INSTITUTE, INC.","Stavudine 20mg [Zerit], capsules, 60 Caps",Stavudine,Zerit,20mg,Capsule,"BMS Meymac, France",1587,60,100,573,5.73,0.1,0.92,,,FALSE,1/21/08,1/4/08,,1/4/08
102-BW-T01,Pre-PQ Process,SCMS-16730,ASN-1721,Botswana,PMO - US,Direct Drop,EXW,Air,HRDT,HIV test,"Trinity Biotech, Plc","HIV 1/2, Uni-Gold HIV Kit, 20 Tests","HIV 1/2, Uni-Gold HIV Kit",Uni-Gold,N/A,Test kit,"Trinity Biotech, Plc",1593,20,450,14400,32,1.6,23.04,154,2496.62,TRUE,7/3/08,7/3/08,,2/4/08
102-NG-T01,Pre-PQ Process,SCMS-16890,ASN-2014,Nigeria,PMO - US,Direct Drop,EXW,Air,HRDT,HIV test,"CHEMBIO DIAGNOSTIC SYSTEMS, INC.","HIV 1/2, Stat-Pak HIV, Kit, 20 Tests","HIV 1/2, Stat-Pak HIV, Kit",Stat-Pak,N/A,Test kit,Chembio Diagnostics Sys. Inc.,1594,20,10270,277290,27,1.35,443.66,2907,18864.37,TRUE,9/19/08,7/16/08,,1/29/08
111-MZ-T01,Pre-PQ Process,SCMS-17800,ASN-1368,Mozambique,PMO - US,Direct Drop,EXW,Air,HRDT,HIV test,"Trinity Biotech, Plc","HIV 1/2, Uni-Gold HIV Kit, 20 Tests","HIV 1/2, Uni-Gold HIV Kit",Uni-Gold,N/A,Test kit,"Trinity Biotech, Plc",1618,20,9000,288000,32,1.6,460.8,9000,55746.59,TRUE,3/27/08,3/27/08,,2/19/08
110-ZM-T01,Pre-PQ Process,SCMS-18030,ASN-1619,Zambia,PMO - US,Direct Drop,EXW,Air,HRDT,HIV test,"Trinity Biotech, Plc","HIV 1/2, Uni-Gold HIV Kit, 20 Tests","HIV 1/2, Uni-Gold HIV Kit",Uni-Gold,N/A,Test kit,"Trinity Biotech, Plc",1628,20,6040,193280,32,1.6,309.25,2052,24689,TRUE,5/14/08,5/14/08,,2/25/08
110-ZM-T01,Pre-PQ Process,SCMS-18240,ASN-1789,Zambia,PMO - US,Direct Drop,EXW,Air,HRDT,HIV test - Ancillary,"Orgenics, Ltd","HIV, Lancet, Safety, for HIV Test kits, 100 Pcs","HIV, Lancet, Safety, for HIV Test kits, 100 Pcs",Generic,N/A,Test kit - Ancillary,Inverness Japan,1634,100,4300,43,0.01,0,0.07,284,,TRUE,6/6/08,5/30/08,,2/29/08
104-CI-T01,Pre-PQ Process,SCMS-18320,ASN-3465,Côte d'Ivoire,PMO - US,Direct Drop,EXW,Air,HRDT,HIV test,"CHEMBIO DIAGNOSTIC SYSTEMS, INC.","HIV 1/2, Stat-Pak HIV, Kit, 20 Tests","HIV 1/2, Stat-Pak HIV, Kit",Stat-Pak,N/A,Test kit,Chembio Diagnostics Sys. Inc.,1637,20,289,7803,27,1.35,15.29,79,1104.69,TRUE,3/4/09,3/4/09,,2/27/08
111-MZ-T01,Pre-PQ Process,SCMS-18340,ASN-1746,Mozambique,PMO - US,Direct Drop,EXW,Air,HRDT,HIV test,"Orgenics, Ltd","HIV 1/2, Determine HIV Kit, without Lancets, 100 Tests","HIV 1/2, Determine HIV Kit, without Lancets",Determine,N/A,Test kit,Inverness Japan,1638,100,3000,215970,71.99,0.72,345.55,682,5298.9,TRUE,7/9/08,7/4/08,,2/27/08
104-CI-T01,Pre-PQ Process,SCMS-18420,ASN-1469,Côte d'Ivoire,PMO - US,Direct Drop,EXW,Air,HRDT,HIV test - Ancillary,"Orgenics, Ltd","HIV, Lancet, Safety, for HIV Test kits, 100 Pcs","HIV, Lancet, Safety, for HIV Test kits, 100 Pcs",Generic,N/A,Test kit - Ancillary,Inverness Japan,1643,100,70,0.7,0.01,0,0,,,TRUE,4/8/08,4/4/08,,2/28/08
104-CI-T01,Pre-PQ Process,SCMS-18450,ASN-1934,Côte d'Ivoire,PMO - US,Direct Drop,EXW,Air,HRDT,HIV test,"Orgenics, Ltd","HIV 1/2, Determine HIV Kit, without Lancets, 100 Tests","HIV 1/2, Determine HIV Kit, without Lancets",Determine,N/A,Test kit,Inverness Japan,1644,100,1116,78120,70,0.7,124.99,255,5175.72,TRUE,7/22/08,7/22/08,,2/28/08
104-CI-T01,Pre-PQ Process,SCMS-18470,ASN-2887,Côte d'Ivoire,PMO - US,Direct Drop,EXW,Air,HRDT,HIV test,"Orgenics, Ltd","HIV 1/2, Determine HIV Kit, without Lancets, 100 Tests","HIV 1/2, Determine HIV Kit, without Lancets",Determine,N/A,Test kit,Inverness Japan,1645,100,1116,78120,70,0.7,153.12,256,7118.12,TRUE,12/19/08,12/19/08,,2/29/08
102-GY-T01,Pre-PQ Process,SCMS-18490,ASN-1612,Guyana,PMO - US,Direct Drop,EXW,Air,HRDT,HIV test,"Trinity Biotech, Plc","HIV 1/2, Uni-Gold HIV Kit, 20 Tests","HIV 1/2, Uni-Gold HIV Kit",Uni-Gold,N/A,Test kit,"Trinity Biotech, Plc",1646,20,832,26624,32,1.6,42.6,832,3740.04,TRUE,5/6/08,5/6/08,,2/28/08
102-GY-T01,Pre-PQ Process,SCMS-18500,ASN-2100,Guyana,PMO - US,Direct Drop,EXW,Air,HRDT,HIV test,"Orgenics, Ltd","HIV 1/2, Determine HIV Kit, without Lancets, 100 Tests","HIV 1/2, Determine HIV Kit, without Lancets",Determine,N/A,Test kit,Inverness Japan,1647,100,213,15333.87,71.99,0.72,24.53,49,959.46,TRUE,7/28/08,7/28/08,,2/28/08
102-BW-T01,Pre-PQ Process,SCMS-18550,ASN-1448,Botswana,PMO - US,Direct Drop,EXW,Air,HRDT,HIV test,Orasure Technologies Inc.,"HIV 1/2, OraQuick Advance HIV Rapid Antibody Kit, 100 Tests","HIV 1/2, OraQuick Advance HIV Rapid Antibody Kit",OraQuick,N/A,Test kit,"Pacific Biotech, Thailand",1648,100,10,3500,350,3.5,5.6,39,604,TRUE,4/11/08,4/11/08,,
113-ZW-T01,Pre-PQ Process,SCMS-18870,ASN-2435,Zimbabwe,PMO - US,Direct Drop,EXW,Air,HRDT,HIV test - Ancillary,"Orgenics, Ltd","HIV, Lancet, Safety, for HIV Test kits, 100 Pcs","HIV, Lancet, Safety, for HIV Test kits, 100 Pcs",Generic,N/A,Test kit - Ancillary,Inverness Japan,1660,100,1634,16.34,0.01,0,0.03,,,TRUE,11/17/08,10/21/08,,3/17/08
116-ZA-T01,Pre-PQ Process,SCMS-19800,ASN-1665,South Africa,PMO - US,Direct Drop,DDP,Truck,ARV,Adult,S. BUYS WHOLESALER,"Lopinavir/Ritonavir 133.3/33.3mg [Kaletra], capsules, cool, 2 x 90 Caps",Lopinavir/Ritonavir,Kaletra,133.3/33.3mg,Capsule,ABBVIE (Abbott) Logis. UK,1673,180,400,15760,39.4,0.22,25.22,,,FALSE,4/24/08,4/24/08,,2/20/08
116-ZA-T01,Pre-PQ Process,SCMS-19800,ASN-1665,South Africa,PMO - US,Direct Drop,DDP,Truck,ARV,Pediatric,S. BUYS WHOLESALER,"Ritonavir 80mg/ml [Norvir], oral solution, cool, Bottle, 90 ml",Ritonavir,Norvir,80mg/ml,Oral solution,ABBVIE (Abbott) France,1674,90,6,47.28,7.88,0.09,0.08,,,FALSE,4/24/08,4/24/08,,2/20/08
116-ZA-T01,Pre-PQ Process,SCMS-19800,ASN-1665,South Africa,PMO - US,Direct Drop,DDP,Truck,ARV,Adult,S. BUYS WHOLESALER,"Tenofovir Disoproxil Fumarate 300mg [Viread], tablets, 30 Tabs",Tenofovir Disoproxil Fumarate,Viread,300mg,Tablet,"Aspen-OSD, Port Elizabeth, SA",1675,30,500,10925,21.85,0.73,17.48,,,FALSE,4/24/08,4/24/08,,2/20/08
108-VN-T01,Pre-PQ Process,SCMS-20180,ASN-1860,Vietnam,PMO - US,Direct Drop,EXW,Air,ARV,Adult,Aurobindo Pharma Limited,"Lamivudine 150mg, tablets, 60 Tabs",Lamivudine,Generic,150mg,Tablet,"Aurobindo Unit III, India",1691,60,10080,29232,2.9,0.05,46.77,507,4159.45,TRUE,7/7/08,6/20/08,,3/31/08
108-VN-T01,Pre-PQ Process,SCMS-20340,ASN-1754,Vietnam,PMO - US,Direct Drop,EXW,Air,ARV,Adult,MYLAN LABORATORIES LTD (FORMERLY MATRIX LABORATORIES),"Efavirenz 600mg, tablets, 30 Tabs",Efavirenz,Generic,600mg,Tablet,Mylan (formerly Matrix) Nashik,1693,30,6720,77145.6,11.48,0.38,123.43,522,3796.05,TRUE,6/1/08,6/1/08,,3/31/08
104-CI-T01,Pre-PQ Process,SCMS-21270,ASN-1668,Côte d'Ivoire,PMO - US,Direct Drop,EXW,Air,HRDT,HIV test - Ancillary,"Orgenics, Ltd","HIV, Lancet, Safety, for HIV Test kits, 100 Pcs","HIV, Lancet, Safety, for HIV Test kits, 100 Pcs",Generic,N/A,Test kit - Ancillary,Inverness Japan,1719,100,250,2.5,0.01,0,0,17,,TRUE,5/9/08,5/9/08,,4/7/08
116-ZA-T01,Pre-PQ Process,SCMS-21460,ASN-1667,South Africa,PMO - US,Direct Drop,DDP,N/A,ARV,Adult,S. BUYS WHOLESALER,"Efavirenz 600mg, tablets, 30 Tabs",Efavirenz,Generic,600mg,Tablet,"Cipla, Goa, India",1722,30,300,4614,15.38,0.51,7.38,,,FALSE,4/25/08,4/7/08,,4/4/08
116-ZA-T01,Pre-PQ Process,SCMS-21460,ASN-2291,South Africa,PMO - US,Direct Drop,DDP,N/A,ARV,Adult,S. BUYS WHOLESALER,"Zidovudine 300mg [Retrovir], tablets, 60 Tabs",Zidovudine,Retrovir,300mg,Tablet,GSK Aranda,1723,60,300,4155,13.85,0.23,6.65,,,TRUE,4/25/08,4/25/08,,4/4/08
116-ZA-T01,Pre-PQ Process,SCMS-21460,ASN-1667,South Africa,PMO - US,Direct Drop,DDP,N/A,ARV,Adult,S. BUYS WHOLESALER,"Didanosine EC 250mg [Videx EC], delayed-release capsules, Blister 3 x 10 Caps",Didanosine EC,Videx EC,250mg,Delayed-release capsules - blister,"BMS Meymac, France",1724,30,100,1849,18.49,0.62,2.96,,,FALSE,4/25/08,4/7/08,,4/4/08
102-NG-T01,Pre-PQ Process,SCMS-21580,ASN-1797,Nigeria,PMO - US,Direct Drop,EXW,Air,HRDT,HIV test - Ancillary,"Orgenics, Ltd","HIV, Lancet, Safety, for HIV Test kits, 100 Pcs","HIV, Lancet, Safety, for HIV Test kits, 100 Pcs",Generic,N/A,Test kit - Ancillary,Inverness Japan,1730,100,1130,11.3,0.01,0,0.02,,,TRUE,5/28/08,5/28/08,,
108-VN-T01,Pre-PQ Process,SCMS-23370,ASN-2523,Vietnam,PMO - US,Direct Drop,CIP,Air,ARV,Pediatric,BRISTOL-MYERS SQUIBB,"Didanosine 25mg [Videx], chewable tablets, 60 Tabs",Didanosine,Videx,25mg,Chewable/dispersible tablet,"BMS Meymac, France",1797,60,400,2800,7,0.12,4.48,81,3013.09,TRUE,10/3/08,10/3/08,,5/13/08
108-VN-T01,Pre-PQ Process,SCMS-23470,ASN-2244,Vietnam,PMO - US,Direct Drop,EXW,Air,ARV,Adult,STRIDES ARCOLAB LIMITED,"Stavudine 30mg, capsules, 60 Caps",Stavudine,Generic,30mg,Capsule,"Strides, Bangalore, India.",1798,60,10780,15631,1.45,0.02,25.01,502,7575.6,TRUE,8/19/08,8/19/08,,5/13/08
116-ZA-T01,Pre-PQ Process,SCMS-23500,ASN-2293,South Africa,PMO - US,Direct Drop,DDP,Truck,ARV,Adult,S. BUYS WHOLESALER,"Lopinavir/Ritonavir 133.3/33.3mg [Kaletra], capsules, cool, 2 x 90 Caps",Lopinavir/Ritonavir,Kaletra,133.3/33.3mg,Capsule,ABBVIE (Abbott) Logis. UK,1801,180,670,24783.3,36.99,0.21,39.65,,,FALSE,8/20/08,5/8/08,,
116-ZA-T01,Pre-PQ Process,SCMS-23500,ASN-2296,South Africa,PMO - US,Direct Drop,DDP,Truck,ARV,Adult,S. BUYS WHOLESALER,"Lamivudine 150mg [Epivir], tablets, 60 Tabs",Lamivudine,Epivir,150mg,Tablet,GSK Cape Town Factory (South Africa),1802,60,2000,11060,5.53,0.09,17.7,,,TRUE,8/20/08,5/21/08,,
116-ZA-T01,Pre-PQ Process,SCMS-23500,ASN-2300,South Africa,PMO - US,Direct Drop,DDP,Truck,ARV,Adult,S. BUYS WHOLESALER,"Zidovudine 300mg [Retrovir], tablets, 60 Tabs",Zidovudine,Retrovir,300mg,Tablet,GSK Aranda,1803,60,1000,16630,16.63,0.28,26.61,,,TRUE,8/20/08,5/14/08,,
116-ZA-T01,Pre-PQ Process,SCMS-23500,ASN-2293,South Africa,PMO - US,Direct Drop,DDP,Truck,ARV,Pediatric,S. BUYS WHOLESALER,"Nevirapine 10mg/ml [Viramune], oral suspension, Bottle, 240 ml",Nevirapine,Viramune,10mg/ml,Oral suspension,"BI, Ingelheim, Germany",1804,240,30,435.9,14.53,0.06,0.7,,,FALSE,8/20/08,5/8/08,,
106-HT-T01,Pre-PQ Process,SCMS-23980,ASN-2640,Haiti,PMO - US,Direct Drop,EXW,Air,HRDT,HIV test,"Orgenics, Ltd","HIV 1/2, Determine HIV Kit, without Lancets, 100 Tests","HIV 1/2, Determine HIV Kit, without Lancets",Determine,N/A,Test kit,Inverness Japan,1820,100,1123,78610,70,0.7,154.08,257,2851.72,TRUE,10/27/08,10/27/08,,5/23/08
107-RW-T01,Pre-PQ Process,SCMS-25090,ASN-2256,Rwanda,PMO - US,Direct Drop,EXW,Air,HRDT,HIV test,"Trinity Biotech, Plc","HIV 1/2, Capillus HIV Kit, 100 Tests","HIV 1/2, Capillus HIV Kit",Capillus,N/A,Test kit,"Trinity Biotech, Plc",1861,100,340,47260,139,1.39,75.62,234,5446.06,TRUE,8/16/08,8/16/08,,6/12/08
107-RW-T01,Pre-PQ Process,SCMS-25520,ASN-2079,Rwanda,PMO - US,Direct Drop,CIP,Air,ARV,Adult,Aurobindo Pharma Limited,"Lamivudine/Nevirapine/Zidovudine 150/200/300mg, tablets, 60 Tabs",Lamivudine/Nevirapine/Zidovudine,Generic,150/300/200mg,Tablet - FDC,"Aurobindo Unit III, India",1888,60,47879,569281.3,11.89,0.2,910.85,5311,30408.04,TRUE,7/23/08,7/22/08,,6/13/08
107-RW-T01,Pre-PQ Process,SCMS-25520,ASN-2080,Rwanda,PMO - US,Direct Drop,CIP,Air,ARV,Adult,Aurobindo Pharma Limited,"Lamivudine/Nevirapine/Zidovudine 150/200/300mg, tablets, 60 Tabs",Lamivudine/Nevirapine/Zidovudine,Generic,150/300/200mg,Tablet - FDC,"Aurobindo Unit III, India",1889,60,61021,725539.7,11.89,0.2,1160.86,6768,38120.96,TRUE,7/23/08,7/23/08,,6/13/08
108-VN-T01,Pre-PQ Process,SCMS-26180,ASN-2274,Vietnam,PMO - US,Direct Drop,EXW,Air,ARV,Adult,Aurobindo Pharma Limited,"Lamivudine/Zidovudine 150/300mg, tablets, 60 Tabs",Lamivudine/Zidovudine,Generic,150/300mg,Tablet - FDC,"Aurobindo Unit III, India",1905,60,4300,37023,8.61,0.14,59.24,,,FALSE,9/19/08,9/19/08,,7/1/08
108-VN-T01,Pre-PQ Process,SCMS-26190,ASN-2562,Vietnam,PMO - US,Direct Drop,EXW,Air,ARV,Adult,Aurobindo Pharma Limited,"Stavudine 30mg, capsules, 60 Caps",Stavudine,Generic,30mg,Capsule,"Aurobindo Unit III, India",1919,60,18030,26143.5,1.45,0.02,41.83,1114,5822.44,TRUE,10/3/08,10/3/08,,7/3/08
116-ZA-T01,Pre-PQ Process,SCMS-26820,ASN-2487,South Africa,PMO - US,Direct Drop,DDP,Truck,ARV,Adult,S. BUYS WHOLESALER,"Zidovudine 300mg [Retrovir], tablets, 60 Tabs",Zidovudine,Retrovir,300mg,Tablet,GSK Aranda,1926,60,50,663.5,13.27,0.22,1.06,,,TRUE,7/10/08,7/14/08,,
116-ZA-T01,Pre-PQ Process,SCMS-26820,ASN-2488,South Africa,PMO - US,Direct Drop,DDP,Truck,ARV,Pediatric,S. BUYS WHOLESALER,"Efavirenz 50mg [Stocrin/Sustiva], capsule, 30 Caps",Efavirenz,Stocrin/Sustiva,50mg,Capsule,"MSD Midrand, J'burg, SA",1927,30,250,715,2.86,0.1,1.14,,,FALSE,7/10/08,7/8/08,,
116-ZA-T01,Pre-PQ Process,SCMS-26820,ASN-2488,South Africa,PMO - US,Direct Drop,DDP,Truck,ARV,Adult,S. BUYS WHOLESALER,"Didanosine EC 250mg [Videx EC], delayed-release capsules, Blister 3 x 10 Caps",Didanosine EC,Videx EC,250mg,Delayed-release capsules - blister,"BMS Meymac, France",1928,30,60,1096.2,18.27,0.61,1.75,,,FALSE,7/10/08,7/8/08,,
116-ZA-T01,Pre-PQ Process,SCMS-26820,ASN-2488,South Africa,PMO - US,Direct Drop,DDP,Truck,ARV,Pediatric,S. BUYS WHOLESALER,"Didanosine 2g [Videx], powder for oral solution 10mg/ml, reconstitute to 200 ml",Didanosine,Videx,2g,Powder for oral solution,"BMS Meymac, France",1929,200,12,150.48,12.54,0.06,0.24,,,FALSE,7/10/08,7/8/08,,
110-ZM-T01,Pre-PQ Process,SCMS-27010,ASN-2448,Zambia,PMO - US,Direct Drop,EXW,Air,HRDT,HIV test - Ancillary,"Orgenics, Ltd","HIV, Lancet, Safety, for HIV Test kits, 100 Pcs","HIV, Lancet, Safety, for HIV Test kits, 100 Pcs",Generic,N/A,Test kit - Ancillary,Inverness Japan,1939,100,3000,30,0.01,0,0.05,889,7303.52,TRUE,9/22/08,9/22/08,,8/21/08
102-GY-T01,Pre-PQ Process,SCMS-27030,ASN-2638,Guyana,PMO - US,Direct Drop,EXW,Air,HRDT,HIV test,"Orgenics, Ltd","HIV 1/2, Determine HIV Kit, without Lancets, 100 Tests","HIV 1/2, Determine HIV Kit, without Lancets",Determine,N/A,Test kit,Inverness Japan,1940,100,213,15333.87,71.99,0.72,30.05,49,1047.39,TRUE,10/29/08,10/29/08,,8/21/08
133-NG-T01,Pre-PQ Process,SCMS-27060,ASN-2438,Nigeria,PMO - US,Direct Drop,EXW,Air,HRDT,HIV test - Ancillary,"Orgenics, Ltd","HIV, Lancet, Safety, for HIV Test kits, 100 Pcs","HIV, Lancet, Safety, for HIV Test kits, 100 Pcs",Generic,N/A,Test kit - Ancillary,Inverness Japan,1941,100,6502,65.02,0.01,0,0.1,1927,24870.05,TRUE,10/15/08,10/15/08,,7/18/08
133-NG-T01,Pre-PQ Process,SCMS-27070,ASN-2352,Nigeria,PMO - US,Direct Drop,EXW,Air,HRDT,HIV test,"Orgenics, Ltd","HIV 1/2, Determine HIV Kit, without Lancets, 100 Tests","HIV 1/2, Determine HIV Kit, without Lancets",Determine,N/A,Test kit,Inverness Japan,1942,100,6875,549931.25,79.99,0.8,879.89,1566,19992.75,TRUE,9/12/08,9/12/08,,8/21/08
108-VN-T01,Pre-PQ Process,SCMS-27290,ASN-2854,Vietnam,PMO - US,Direct Drop,FCA,Air,ARV,Adult,ABBVIE LOGISTICS (FORMERLY ABBOTT LOGISTICS BV),"Lopinavir/Ritonavir 200/50mg [Aluvia], tablets, 120 Tabs",Lopinavir/Ritonavir,Aluvia,200/50mg,Tablet,ABBVIE Ludwigshafen Germany,1954,120,434,35674.8,82.2,0.68,69.92,113,2709.98,TRUE,12/2/08,12/2/08,,7/24/08
108-VN-T01,Pre-PQ Process,SCMS-27310,ASN-2809,Vietnam,PMO - US,Direct Drop,EXW,Air,ARV,Adult,Aurobindo Pharma Limited,"Lamivudine/Nevirapine/Zidovudine 150/200/300mg, tablets, 60 Tabs",Lamivudine/Nevirapine/Zidovudine,Generic,150/300/200mg,Tablet - FDC,"Aurobindo Unit III, India",1955,60,1100,12540,11.4,0.19,24.58,159,2568.6,TRUE,11/24/08,11/24/08,,7/24/08
108-VN-T01,Pre-PQ Process,SCMS-27350,ASN-2766,Vietnam,PMO - US,Direct Drop,EXW,Air,ARV,Adult,MYLAN LABORATORIES LTD (FORMERLY MATRIX LABORATORIES),"Efavirenz 600mg, tablets, 30 Tabs",Efavirenz,Generic,600mg,Tablet,Mylan (formerly Matrix) Nashik,1956,30,8400,85596,10.19,0.34,167.77,613,3247.73,TRUE,11/25/08,11/25/08,,7/24/08
108-VN-T01,Pre-PQ Process,SCMS-27380,ASN-2873,Vietnam,PMO - US,Direct Drop,EXW,Air,ARV,Adult,CIPLA LIMITED,"Lamivudine/Nevirapine/Stavudine 150/200/30mg, tablets, 60 Tabs",Lamivudine/Nevirapine/Stavudine,Generic,150/200/30mg,Tablet - FDC,"Cipla, Goa, India",1957,60,3648,26448,7.25,0.12,51.84,323,2335.19,TRUE,12/3/08,12/3/08,,7/24/08
102-GY-T01,Pre-PQ Process,SCMS-27680,ASN-2910,Guyana,PMO - US,Direct Drop,EXW,Air,MRDT,Malaria,ZEPHYR BIOMEDICALS,"Malaria Paramax-3 Kit, 25 Tests",Malaria Paramax-3 Kit,Paramax,N/A,Test kit,Not Applicable,1971,25,108,4050,37.5,1.5,7.94,34,648.27,TRUE,12/15/08,12/15/08,,7/28/08
117-ET-T01,Pre-PQ Process,SCMS-27800,ASN-2592,Ethiopia,PMO - US,Direct Drop,EXW,Air,HRDT,HIV test,"CHEMBIO DIAGNOSTIC SYSTEMS, INC.","HIV 1/2, Stat-Pak HIV, Kit, 20 Tests","HIV 1/2, Stat-Pak HIV, Kit",Stat-Pak,N/A,Test kit,Chembio Diagnostics Sys. Inc.,1972,20,5958,160866,27,1.35,257.39,2147,11066.17,TRUE,11/3/08,10/13/08,,7/30/08
117-ET-T01,Pre-PQ Process,SCMS-27800,ASN-2747,Ethiopia,PMO - US,Direct Drop,EXW,Air,HRDT,HIV test,"CHEMBIO DIAGNOSTIC SYSTEMS, INC.","HIV 1/2, Stat-Pak HIV, Kit, 20 Tests","HIV 1/2, Stat-Pak HIV, Kit",Stat-Pak,N/A,Test kit,Chembio Diagnostics Sys. Inc.,1973,20,3982,107514,27,1.35,210.73,1445,7303.25,TRUE,11/3/08,11/3/08,,7/30/08
117-ET-T01,Pre-PQ Process,SCMS-28710,ASN-2576,Ethiopia,PMO - US,Direct Drop,EXW,Air,HRDT,HIV test,"SHANGHAI KEHUA BIOENGINEERING CO.,LTD.  (KHB)","HIV 1/2, SKB Colloidal Gold, Diagnostic Kit, Antibody, 50 Tests","HIV 1/2, Colloidal Gold, Diagnostic Kit, Antibody",Colloidal Gold,N/A,Test kit,"KHB Test Kit Facility, Shanghai China",2008,1,6998,160954,23,23,257.53,5057,44347.71,TRUE,10/7/08,10/7/08,,8/22/08
116-ZA-T01,Pre-PQ Process,SCMS-28830,ASN-2503,South Africa,PMO - US,Direct Drop,DDP,Truck,ARV,Adult,S. BUYS WHOLESALER,"Tenofovir Disoproxil Fumarate 300mg [Viread], tablets, 30 Tabs",Tenofovir Disoproxil Fumarate,Viread,300mg,Tablet,"Aspen-OSD, Port Elizabeth, SA",2014,30,300,7080,23.6,0.79,11.33,,,TRUE,8/25/08,8/14/08,,
116-ZA-T01,Pre-PQ Process,SCMS-28830,ASN-2503,South Africa,PMO - US,Direct Drop,DDP,Truck,ARV,Pediatric,S. BUYS WHOLESALER,"Nevirapine 10mg/ml [Viramune], oral suspension, Bottle, 240 ml",Nevirapine,Viramune,10mg/ml,Oral suspension,"BI, Ingelheim, Germany",2015,240,40,557.6,13.94,0.06,0.89,,,FALSE,8/25/08,8/14/08,,
117-ET-T01,Pre-PQ Process,SCMS-32630,ASN-3155,Ethiopia,PMO - US,Direct Drop,EXW,Air,HRDT,HIV test,"SHANGHAI KEHUA BIOENGINEERING CO.,LTD.  (KHB)","HIV 1/2, SKB Colloidal Gold, Diagnostic Kit, Antibody, 50 Tests","HIV 1/2, Colloidal Gold, Diagnostic Kit, Antibody",Colloidal Gold,N/A,Test kit,"KHB Test Kit Facility, Shanghai China",2146,1,3470,79810,23,23,156.43,2509,19882.25,TRUE,1/26/09,1/20/09,,10/27/08
117-ET-T01,Pre-PQ Process,SCMS-32640,ASN-2935,Ethiopia,PMO - US,Direct Drop,EXW,Air,HRDT,HIV test,"SHANGHAI KEHUA BIOENGINEERING CO.,LTD.  (KHB)","HIV 1/2, SKB Colloidal Gold, Diagnostic Kit, Antibody, 50 Tests","HIV 1/2, Colloidal Gold, Diagnostic Kit, Antibody",Colloidal Gold,N/A,Test kit,"KHB Test Kit Facility, Shanghai China",2147,1,3510,80730,23,23,158.23,2535,22433.91,TRUE,12/3/08,12/3/08,,10/27/08
113-ZW-T01,Pre-PQ Process,SCMS-32660,ASN-3228,Zimbabwe,PMO - US,Direct Drop,CIP,Air,HRDT,HIV test,BIOLYTICAL LABORATORIES INC.,"#109440**HIV 1/2, INSTI HIV Antibody Individual POC, 1 Test","HIV 1/2, INSTI HIV Antibody Individual POC, 1 Test",INSTi,N/A,Test kit,bioLytical Laboratories,2148,1,5000,12706.65,2.54,2.54,24.91,,,TRUE,2/3/09,2/3/09,,10/28/08
108-VN-T01,Pre-PQ Process,SCMS-33070,ASN-2888,Vietnam,PMO - US,Direct Drop,EXW,Air,ARV,Adult,Aurobindo Pharma Limited,"Nevirapine 200mg, tablets, 60 Tabs",Nevirapine,Generic,200mg,Tablet,"Aurobindo Unit III, India",2153,60,6000,17400,2.9,0.05,34.1,581,2653.27,TRUE,11/27/08,11/27/08,,11/3/08
116-ZA-T01,Pre-PQ Process,SCMS-33320,ASN-3553,South Africa,PMO - US,Direct Drop,DDP,Truck,ARV,Adult,S. BUYS WHOLESALER,"Efavirenz 600mg, tablets, 30 Tabs",Efavirenz,Generic,600mg,Tablet,"Cipla, Goa, India",2156,30,1300,20410,15.7,0.52,40,,,FALSE,5/17/09,10/9/08,,
116-ZA-T01,Pre-PQ Process,SCMS-33320,ASN-3553,South Africa,PMO - US,Direct Drop,DDP,Truck,ARV,Pediatric,S. BUYS WHOLESALER,"Zidovudine 10mg/ml [Retrovir], oral solution, Bottle, 200 ml",Zidovudine,Retrovir,10mg/ml,Oral solution,GSK Mississauga (Canada),2157,200,120,733.2,6.11,0.03,1.44,,,FALSE,5/17/09,10/9/08,,
116-ZA-T01,Pre-PQ Process,SCMS-33320,ASN-3553,South Africa,PMO - US,Direct Drop,DDP,Truck,ARV,Adult,S. BUYS WHOLESALER,"Saquinavir 200mg [Invirase], capsules, 270 Caps",Saquinavir,Invirase,200mg,Capsule,Roche Basel,2158,270,6,424.08,70.68,0.26,0.83,,,FALSE,5/17/09,10/9/08,,
116-ZA-T01,Pre-PQ Process,SCMS-33320,ASN-3553,South Africa,PMO - US,Direct Drop,DDP,Truck,ARV,Pediatric,S. BUYS WHOLESALER,"Nevirapine 10mg/ml [Viramune], oral suspension, Bottle, 240 ml",Nevirapine,Viramune,10mg/ml,Oral suspension,"BI, Ingelheim, Germany",2159,240,40,540.4,13.51,0.06,1.06,,,FALSE,5/17/09,10/9/08,,
133-NG-T01,Pre-PQ Process,SCMS-33820,ASN-3665,Nigeria,PMO - US,Direct Drop,EXW,Air,HRDT,HIV test,"Orgenics, Ltd","HIV 1/2, Determine Complete HIV Kit, 100 Tests","HIV 1/2, Determine Complete HIV Kit",Determine,N/A,Test kit,Inverness Japan,2171,100,5751,460080,80,0.8,901.76,1723,22451.67,TRUE,4/8/09,4/8/09,,11/20/08
141-NA-T01,Pre-PQ Process,SCMS-33850,ASN-3110,Namibia,PMO - US,Direct Drop,EXW,Air,HRDT,HIV test,INVERNESS MEDICAL INNOVATIONS SOUTH AFRICA (PTY) LTD,"HIV 1/2, Clearview Complete Kit, 25 Tests","HIV 1/2, Clearview Complete Kit",Clearview,N/A,Test kit,Inverness USA,2173,25,3,225,75,3,0.44,3,963.34,TRUE,1/27/09,1/27/09,,11/20/08
102-GY-T01,Pre-PQ Process,SCMS-36540,ASN-3166,Guyana,PMO - US,Direct Drop,EXW,Air,HRDT,HIV test,"CHEMBIO DIAGNOSTIC SYSTEMS, INC.","HIV 1/2, Stat-Pak HIV, Kit, 20 Tests","HIV 1/2, Stat-Pak HIV, Kit",Stat-Pak,N/A,Test kit,Chembio Diagnostics Sys. Inc.,2257,20,100,2700,27,1.35,5.29,28,692.38,TRUE,2/25/09,1/27/09,,12/23/08
119-NA-T01,Pre-PQ Process,SCMS-37060,ASN-3303,Namibia,PMO - US,Direct Drop,EXW,Air,HRDT,HIV test,"Trinity Biotech, Plc","HIV 1/2, Uni-Gold HIV Kit, 20 Tests","HIV 1/2, Uni-Gold HIV Kit",Uni-Gold,N/A,Test kit,"Trinity Biotech, Plc",2295,20,68,2176,32,1.6,4.26,22,1003.52,TRUE,3/2/09,3/2/09,,1/13/09
108-VN-T01,Pre-PQ Process,SCMS-37160,ASN-3561,Vietnam,PMO - US,Direct Drop,EXW,Air,ARV,Adult,Aurobindo Pharma Limited,"Lamivudine 150mg, tablets, 60 Tabs",Lamivudine,Generic,150mg,Tablet,"Aurobindo Unit III, India",2297,60,9000,21600,2.4,0.04,42.34,2228,9809.7,TRUE,4/7/09,4/7/09,,1/16/09
108-VN-T01,Pre-PQ Process,SCMS-37170,ASN-3562,Vietnam,PMO - US,Direct Drop,EXW,Air,ARV,Adult,Aurobindo Pharma Limited,"Lamivudine/Nevirapine/Zidovudine 150/200/300mg, tablets, 60 Tabs",Lamivudine/Nevirapine/Zidovudine,Generic,150/300/200mg,Tablet - FDC,"Aurobindo Unit III, India",2298,60,700,7805,11.15,0.19,15.3,,,FALSE,4/10/09,4/10/09,,1/16/09
131-NG-T01,Pre-PQ Process,SCMS-37370,ASN-3497,Nigeria,PMO - US,Direct Drop,CIP,Air,ARV,Adult,MERCK SHARP & DOHME IDEA GMBH (FORMALLY MERCK SHARP & DOHME B.V.),"Efavirenz/Emtricitabine/Tenofovir Disoproxil Fumarate 600/200/300mg [Atripla], tablets, 30 Tabs",Efavirenz/Emtricitabine/Tenofovir Disoproxil Fumarate,Atripla,600/200/300mg,Tablet - FDC,"MSD, Haarlem, NL",2305,30,25000,1260000,50.4,1.68,2469.6,2067,7933.38,TRUE,4/8/09,4/8/09,,2/3/09
106-HT-T01,Pre-PQ Process,SCMS-38160,ASN-3457,Haiti,PMO - US,Direct Drop,EXW,Air,HRDT,HIV test,"Orgenics, Ltd","HIV 1/2, Determine HIV Kit, without Lancets, 100 Tests","HIV 1/2, Determine HIV Kit, without Lancets",Determine,N/A,Test kit,Inverness Japan,2328,100,1680,117600,70,0.7,230.5,382,3241.06,TRUE,3/16/09,3/16/09,,2/3/09
106-HT-T01,Pre-PQ Process,SCMS-39970,ASN-3628,Haiti,PMO - US,Direct Drop,EXW,Air,ARV,Pediatric,Aurobindo Pharma Limited,"Zidovudine 100mg, capsules, 100 Caps",Zidovudine,Generic,100mg,Capsule,"Aurobindo Unit III, India",2399,100,2100,10500,5,0.05,20.58,187,1903.54,TRUE,4/2/09,4/2/09,,3/6/09
111-MZ-T01,Pre-PQ Process,SCMS-40370,ASN-3857,Mozambique,PMO - US,Direct Drop,EXW,Air,HRDT,HIV test,"Orgenics, Ltd","HIV 1/2, Determine Complete HIV Kit, 100 Tests","HIV 1/2, Determine Complete HIV Kit",Determine,N/A,Test kit,Inverness Japan,2417,100,9000,648000,72,0.72,1270.08,2655,25052.69,TRUE,5/26/09,5/26/09,,3/11/09
116-ZA-T01,Pre-PQ Process,SCMS-40780,ASN-3607,South Africa,PMO - US,Direct Drop,DDP,Air,ARV,Pediatric,S. BUYS WHOLESALER,"Efavirenz 200mg, capsule, 90 Caps",Efavirenz,Generic,200mg,Capsule,"Aurobindo Unit III, India",2429,90,176,3359.84,19.09,0.21,6.59,,,TRUE,3/17/09,11/28/08,,
116-ZA-T01,Pre-PQ Process,SCMS-40790,ASN-3575,South Africa,PMO - US,Direct Drop,DDP,Air,ARV,Adult,S. BUYS WHOLESALER,"Nevirapine 200mg, tablets, 60 Tabs",Nevirapine,Generic,200mg,Tablet,"Aurobindo Unit III, India",2430,60,5017,24583.3,4.9,0.08,48.18,,,TRUE,3/24/09,12/1/08,,
116-ZA-T01,Pre-PQ Process,SCMS-40810,ASN-3634,South Africa,PMO - US,Direct Drop,DDP,Air,ARV,Pediatric,S. BUYS WHOLESALER,"Zidovudine 10mg/ml, oral solution, Bottle, 240 ml",Zidovudine,Generic,10mg/ml,Oral solution,"Aurobindo Unit III, India",2431,240,929,3390.85,3.65,0.02,6.65,,,FALSE,3/31/09,12/2/08,,
116-ZA-T01,Pre-PQ Process,SCMS-40860,ASN-3581,South Africa,PMO - US,Direct Drop,DDP,Air,ARV,Adult,S. BUYS WHOLESALER,"Lamivudine 150mg, tablets, 60 Tabs",Lamivudine,Generic,150mg,Tablet,"Aurobindo Unit III, India",2432,60,6700,36582,5.46,0.09,71.7,,,TRUE,6/23/09,1/29/09,,
116-ZA-T01,Pre-PQ Process,SCMS-41070,ASN-3625,South Africa,PMO - US,Direct Drop,DDP,Air,ARV,Adult,S. BUYS WHOLESALER,"Zidovudine 300mg [Retrovir], tablets, 60 Tabs",Zidovudine,Retrovir,300mg,Tablet,GSK Aranda,2436,60,1350,19062,14.12,0.24,37.36,,,FALSE,5/12/09,12/30/08,,
116-ZA-T01,Pre-PQ Process,SCMS-41080,ASN-3638,South Africa,PMO - US,Direct Drop,DDP,Air,ARV,Adult,S. BUYS WHOLESALER,"Efavirenz 600mg, tablets, 30 Tabs",Efavirenz,Generic,600mg,Tablet,"Cipla, Goa, India",2437,30,1120,16307.2,14.56,0.49,31.96,,,TRUE,5/26/09,1/22/09,,
116-ZA-T01,Pre-PQ Process,SCMS-41140,ASN-3752,South Africa,PMO - US,Direct Drop,DDP,Air,ARV,Adult,S. BUYS WHOLESALER,"Stavudine 20mg [Zerit], capsules, 60 Caps",Stavudine,Zerit,20mg,Capsule,"BMS Meymac, France",2438,60,100,371,3.71,0.06,0.73,,,FALSE,3/31/09,11/21/08,,
116-ZA-T01,Pre-PQ Process,SCMS-41190,ASN-3732,South Africa,PMO - US,Direct Drop,DDP,Air,ARV,Adult,S. BUYS WHOLESALER,"Stavudine 30mg, capsules, 60 Caps",Stavudine,Generic,30mg,Capsule,"Aurobindo Unit III, India",2439,60,1000,2920,2.92,0.05,5.72,,,TRUE,3/30/09,1/21/09,,
116-ZA-T01,Pre-PQ Process,SCMS-41190,ASN-3732,South Africa,PMO - US,Direct Drop,DDP,Air,ARV,Adult,S. BUYS WHOLESALER,"Nevirapine 200mg [Viramune], tablets, 60 Tabs",Nevirapine,Viramune,200mg,Tablet,"Boehringer Ing., Koropi, GR",2440,60,260,4035.2,15.52,0.26,7.91,,,FALSE,3/30/09,1/21/09,,
114-UG-T01,Pre-PQ Process,SCMS-41240,ASN-3904,Uganda,PMO - US,Direct Drop,CIP,Air,ARV,Adult,BRISTOL-MYERS SQUIBB,"Didanosine EC 250mg [Videx EC], delayed-release capsules, Blister 3 x 10 Caps",Didanosine EC,Videx EC,250mg,Delayed-release capsules - blister,"BMS Meymac, France",2441,30,60,1100.4,18.34,0.61,2.16,3000,428.91,TRUE,5/4/09,5/4/09,,3/19/09
116-ZA-T01,Pre-PQ Process,SCMS-41450,ASN-4362,South Africa,PMO - US,Direct Drop,DDP,Truck,ARV,Pediatric,S. BUYS WHOLESALER,"Efavirenz 200mg [Stocrin/Sustiva], capsule, 90 Caps",Efavirenz,Stocrin/Sustiva,200mg,Capsule,"MSD Midrand, J'burg, SA",2447,90,5000,160900,32.18,0.36,315.36,,,TRUE,4/17/09,4/17/09,,3/18/09
116-ZA-T01,Pre-PQ Process,SCMS-41584,ASN-4385,South Africa,PMO - US,Direct Drop,DDP,Air,ARV,Pediatric,S. BUYS WHOLESALER,"Zidovudine 10mg/ml [Retrovir], solution for IV infusion injection, Vial 5 x 20 ml",Zidovudine,Retrovir,10mg/ml,Injection,GSK Ware (UK),2450,5,166,2265.9,13.65,2.73,4.44,,,FALSE,6/25/09,4/20/09,,3/27/09
116-ZA-T01,Pre-PQ Process,SCMS-41584,ASN-4385,South Africa,PMO - US,Direct Drop,DDP,Air,ARV,Pediatric,S. BUYS WHOLESALER,"Didanosine 50mg [Videx], chewable tablets, 60 Tabs",Didanosine,Videx,50mg,Chewable/dispersible tablet,"BMS Meymac, France",2451,60,1500,15150,10.1,0.17,29.69,,,FALSE,6/25/09,4/20/09,,3/27/09
107-RW-T01,Pre-PQ Process,SCMS-30312,ASN-3851,Rwanda,PMO - US,Direct Drop,CIP,Air,ARV,Adult,CIPLA LIMITED,"Lamivudine/Zidovudine 150/300mg, tablets, 60 Tabs",Lamivudine/Zidovudine,Generic,150/300mg,Tablet - FDC,"Cipla, Goa, India",2463,60,7840,71344,9.1,0.15,139.83,719,853.88,TRUE,4/20/09,4/20/09,,10/21/08
116-ZA-T01,Pre-PQ Process,SCMS-47420,ASN-4280,South Africa,PMO - US,Direct Drop,DDP,Air,ARV,Pediatric,S. BUYS WHOLESALER,"Lopinavir/Ritonavir 80/20mg/ml [Kaletra], oral solution, cool, Bottle 5 x 60 ml",Lopinavir/Ritonavir,Kaletra,80/20mg/ml,Oral solution,ABBVIE (Abbott) Logis. UK,2474,300,40,1440,36,0.12,2.82,,,TRUE,7/31/09,4/20/09,,4/2/09
116-ZA-T01,Pre-PQ Process,SCMS-47360,ASN-4286,South Africa,PMO - US,Direct Drop,DDP,Truck,ARV,Pediatric,S. BUYS WHOLESALER,"Ritonavir 80mg/ml [Norvir], oral solution, cool, Bottle, 90 ml",Ritonavir,Norvir,80mg/ml,Oral solution,ABBVIE (Abbott) France,2475,90,6,43.2,7.2,0.08,0.08,,,TRUE,7/31/09,5/4/09,,4/2/09
116-ZA-T01,Pre-PQ Process,SCMS-42250,ASN-4612,South Africa,PMO - US,Direct Drop,DDP,Truck,ARV,Pediatric,S. BUYS WHOLESALER,"Ritonavir 80mg/ml [Norvir], oral solution, cool, Bottle, 90 ml",Ritonavir,Norvir,80mg/ml,Oral solution,ABBVIE (Abbott) France,2476,90,6,43.2,7.2,0.08,0.08,,,TRUE,7/31/09,6/8/09,,4/2/09
102-GY-T01,Pre-PQ Process,SCMS-42290,ASN-3987,Guyana,PMO - US,Direct Drop,EXW,Air,HRDT,HIV test,"Orgenics, Ltd","HIV 1/2, Determine Complete HIV Kit, 100 Tests","HIV 1/2, Determine Complete HIV Kit",Determine,N/A,Test kit,Inverness Japan,2477,100,425,38250,90,0.9,74.97,130,1859.79,TRUE,6/5/09,6/5/09,,3/31/09
102-GY-T01,Pre-PQ Process,SCMS-42320,ASN-4291,Guyana,PMO - US,Direct Drop,EXW,Air,HRDT,HIV test,"Orgenics, Ltd","HIV 1/2, Determine Complete HIV Kit, 100 Tests","HIV 1/2, Determine Complete HIV Kit",Determine,N/A,Test kit,Inverness Japan,2478,100,276,24840,90,0.9,48.69,87,1205.7,TRUE,7/1/09,7/1/09,,3/30/09
116-ZA-T01,Pre-PQ Process,SCMS-47500,ASN-4332,South Africa,PMO - US,Direct Drop,DDP,Truck,ARV,Adult,S. BUYS WHOLESALER,"Stavudine 20mg [Zerit], capsules, 60 Caps",Stavudine,Zerit,20mg,Capsule,"BMS Meymac, France",2481,60,76,300.2,3.95,0.07,0.59,,,FALSE,5/15/09,4/23/09,,4/2/09
112-NG-T01,Pre-PQ Process,SCMS-42830,ASN-3984,Nigeria,PMO - US,Direct Drop,FCA,Air,ARV,Adult,ABBVIE LOGISTICS (FORMERLY ABBOTT LOGISTICS BV),"Lopinavir/Ritonavir 200/50mg [Aluvia], tablets, 120 Tabs",Lopinavir/Ritonavir,Aluvia,200/50mg,Tablet,ABBVIE Ludwigshafen Germany,2499,120,73,3000.3,41.1,0.34,5.88,69,1332.43,TRUE,5/20/09,5/20/09,,4/1/09
102-KE-T01,Pre-PQ Process,SCMS-42970,ASN-4098,Kenya,PMO - US,Direct Drop,EXW,Air,HRDT,HIV test,"Trinity Biotech, Plc","HIV 1/2, Uni-Gold HIV Kit, 20 Tests","HIV 1/2, Uni-Gold HIV Kit",Uni-Gold,N/A,Test kit,"Trinity Biotech, Plc",2502,20,5,160,32,1.6,0.31,2,12561.4,TRUE,6/18/09,6/18/09,,4/4/09
102-KE-T01,Pre-PQ Process,SCMS-42970,ASN-4099,Kenya,PMO - US,Direct Drop,EXW,Air,HRDT,HIV test,"Trinity Biotech, Plc","HIV 1/2, Uni-Gold HIV Kit, 20 Tests","HIV 1/2, Uni-Gold HIV Kit",Uni-Gold,N/A,Test kit,"Trinity Biotech, Plc",2503,20,4995,159840,32,1.6,313.29,4995,275,TRUE,6/18/09,6/18/09,,4/4/09
123-NG-T01,Pre-PQ Process,SCMS-36892,ASN-4206,Nigeria,PMO - US,Direct Drop,FCA,Air,ARV,Adult,ABBVIE LOGISTICS (FORMERLY ABBOTT LOGISTICS BV),"Lopinavir/Ritonavir 200/50mg [Aluvia], tablets, 120 Tabs",Lopinavir/Ritonavir,Aluvia,200/50mg,Tablet,ABBVIE Ludwigshafen Germany,2506,120,2040,83844,41.1,0.34,164.33,309,3777.93,TRUE,7/14/09,7/14/09,,4/7/09
107-RW-T01,Pre-PQ Process,SCMS-43880,ASN-4462,Rwanda,PMO - US,Direct Drop,CIP,Air,ARV,Adult,MYLAN LABORATORIES LTD (FORMERLY MATRIX LABORATORIES),"Lamivudine/Nevirapine/Zidovudine 150/200/300mg, tablets, 60 Tabs",Lamivudine/Nevirapine/Zidovudine,Generic,150/300/200mg,Tablet - FDC,Mylan (formerly Matrix) Nashik,2536,60,26932,317528.28,11.79,0.2,622.36,3393,30661.5,TRUE,7/20/09,7/20/09,,4/15/09
104-CI-T01,Pre-PQ Process,SCMS-44120,ASN-4289,Côte d'Ivoire,PMO - US,Direct Drop,EXW,Air,HRDT,HIV test,BIO-RAD LABORATORIES (FRANCE),"#108853** HIV, Genie II HIV-1/HIV-2 Kit, 40 Tests","HIV, Genie II HIV-1/HIV-2 Kit",Genie,N/A,Test kit,Bio-Rad Laboratories,2539,40,1000,110000,110,2.75,215.6,1073,8114.11,TRUE,6/10/09,7/15/09,,4/15/09
119-NA-T01,Pre-PQ Process,SCMS-44960,ASN-4186,Namibia,PMO - US,Direct Drop,EXW,Air,HRDT,HIV test,"Orgenics, Ltd","HIV 1/2, Determine HIV Kit, without Lancets, 100 Tests","HIV 1/2, Determine HIV Kit, without Lancets",Determine,N/A,Test kit,Inverness Japan,2558,100,800,56000,70,0.7,109.76,195,2008.54,TRUE,6/15/09,6/15/09,,4/27/09
108-VN-T01,Pre-PQ Process,SCMS-44980,ASN-4094,Vietnam,PMO - US,Direct Drop,EXW,Air,ARV,Adult,Aurobindo Pharma Limited,"Didanosine 250mg, delayed-release capsules, 30 Caps",Didanosine,Generic,250mg,Delayed-release capsules,"Aurobindo Unit III, India",2559,30,150,1950,13,0.43,3.82,30,4111.71,TRUE,6/8/09,6/8/09,,4/29/09
104-CI-T01,Pre-PQ Process,SCMS-45110,ASN-4046,Côte d'Ivoire,PMO - US,Direct Drop,EXW,Air,HRDT,HIV test,BIO-RAD LABORATORIES (FRANCE),"#108853** HIV, Genie II HIV-1/HIV-2 Kit, 40 Tests","HIV, Genie II HIV-1/HIV-2 Kit",Genie,N/A,Test kit,Bio-Rad Laboratories,2562,40,140,15400,110,2.75,30.18,158,4318.21,TRUE,6/9/09,6/9/09,,4/29/09
119-NA-T01,Pre-PQ Process,SCMS-45620,ASN-4511,Namibia,PMO - US,Direct Drop,EXW,Air,ARV,Pediatric,CIPLA LIMITED,"Lamivudine/Stavudine 30/6mg, dispersible tablets, 60 Tabs",Lamivudine/Stavudine,Generic,30/6mg,Chewable/dispersible tablet - FDC,"Cipla, Goa, India",2571,60,2000,3800,1.9,0.03,7.45,251,1484.75,TRUE,8/18/09,8/18/09,,5/8/09
108-VN-T01,Pre-PQ Process,SCMS-46560,ASN-4709,Vietnam,PMO - US,Direct Drop,CIP,Air,ARV,Pediatric,BRISTOL-MYERS SQUIBB,"Didanosine 25mg [Videx], chewable tablets, 60 Tabs",Didanosine,Videx,25mg,Chewable/dispersible tablet,"BMS Meymac, France",2588,60,120,840,7,0.12,1.65,,,TRUE,8/19/09,8/19/09,,5/27/09
116-ZA-T01,Pre-PQ Process,SCMS-47051,ASN-4837,South Africa,PMO - US,Direct Drop,DDP,Truck,ARV,Adult,S. BUYS WHOLESALER,"Didanosine EC 400mg [Videx EC], delayed-release capsules, Blister 3 x 10 Caps",Didanosine EC,Videx EC,400mg,Delayed-release capsules - blister,"BMS Meymac, France",2601,30,20,438,21.9,0.73,0.86,,,TRUE,10/12/09,8/3/09,,6/5/09
116-ZA-T01,Pre-PQ Process,SCMS-47090,ASN-4820,South Africa,PMO - US,Direct Drop,DDP,Truck,ARV,Adult,S. BUYS WHOLESALER,"Stavudine 20mg [Zerit], capsules, 60 Caps",Stavudine,Zerit,20mg,Capsule,"BMS Meymac, France",2602,60,320,1475.2,4.61,0.08,2.89,,,TRUE,7/21/09,7/21/09,,6/5/09
110-ZM-T01,Pre-PQ Process,SCMS-42641,ASN-5221,Zambia,PMO - US,Direct Drop,EXW,Air,HRDT,HIV test,"Orgenics, Ltd","HIV 1/2, Determine Complete HIV Kit, 100 Tests","HIV 1/2, Determine Complete HIV Kit",Determine,N/A,Test kit,Inverness Japan,2603,100,2000,144000,72,0.72,310.46,590,5962.58,TRUE,11/11/09,10/29/09,,6/6/09
105-GY-T01,Pre-PQ Process,SCMS-48690,ASN-4600,Guyana,PMO - US,Direct Drop,CIP,Air,ARV,Adult,ABBOTT LABORATORIES (PUERTO RICO),"Lopinavir/Ritonavir 200/50mg [Aluvia], tablets, 120 Tabs",Lopinavir/Ritonavir,Aluvia,200/50mg,Tablet,ABBVIE Ludwigshafen Germany,2632,120,2733,224625.27,82.19,0.68,440.27,589,314,TRUE,8/7/09,8/7/09,,7/15/09
104-CI-T01,Pre-PQ Process,SCMS-28,ASN-16,Côte d'Ivoire,PMO - US,Direct Drop,EXW,Air,HRDT,HIV test,BIO-RAD LABORATORIES (FRANCE),"#108853** HIV, Genie II HIV-1/HIV-2 Kit, 40 Tests","HIV, Genie II HIV-1/HIV-2 Kit",Genie,N/A,Test kit,Bio-Rad Laboratories,2647,40,100,7535,75.35,1.88,,107,1845.74,TRUE,9/6/06,9/6/06,,
106-HT-T01,Pre-PQ Process,SCMS-73,ASN-59,Haiti,PMO - US,Direct Drop,EXW,Air,HRDT,HIV test,"Trinity Biotech, Plc","HIV 1/2, Capillus HIV Kit, 100 Tests","HIV 1/2, Capillus HIV Kit",Capillus,N/A,Test kit,Not Applicable,2654,100,45,7875,175,1.75,,29,854.34,TRUE,10/9/06,10/9/06,,
108-VN-T01,Pre-PQ Process,SCMS-80,ASN-49,Vietnam,PMO - US,Direct Drop,EXW,Air,ARV,Adult,"GILEAD SCIENCES IRELAND, INC.","Tenofovir Disoproxil Fumarate 300mg [Viread], tablets, 30 Tabs",Tenofovir Disoproxil Fumarate,Viread,300mg,Tablet,Gilead(Nycomed) Oranienburg DE,2655,30,1000,17000,17,0.57,,61,7682.69,TRUE,9/1/06,9/1/06,,
108-VN-T01,Pre-PQ Process,SCMS-81,ASN-55,Vietnam,PMO - US,Direct Drop,EXW,Air,ARV,Adult,Aurobindo Pharma Limited,"Nevirapine 200mg, tablets, 60 Tabs",Nevirapine,Generic,200mg,Tablet,"Aurobindo Unit III, India",2656,60,35000,152250,4.35,0.07,,,,FALSE,8/11/06,8/11/06,,
108-VN-T01,Pre-PQ Process,SCMS-81,ASN-55,Vietnam,PMO - US,Direct Drop,EXW,Air,ARV,Adult,Aurobindo Pharma Limited,"Lamivudine/Zidovudine 150/300mg, tablets, 60 Tabs",Lamivudine/Zidovudine,Generic,150/300mg,Tablet - FDC,"Aurobindo Unit III, India",2657,60,20000,338000,16.9,0.28,,,,FALSE,8/11/06,8/11/06,,
112-NG-T01,Pre-PQ Process,SCMS-87,ASN-57,Nigeria,PMO - US,Direct Drop,EXW,Air,ARV,Pediatric,Aurobindo Pharma Limited,"Lamivudine 10mg/ml, oral solution, Bottle, 240 ml",Lamivudine,Generic,10mg/ml,Oral solution,"Aurobindo Unit III, India",2661,240,416,1809.6,4.35,0.02,,,,FALSE,9/28/06,9/28/06,,
112-NG-T01,Pre-PQ Process,SCMS-87,ASN-57,Nigeria,PMO - US,Direct Drop,EXW,Air,ARV,Adult,Aurobindo Pharma Limited,"Lamivudine 150mg, tablets, 60 Tabs",Lamivudine,Generic,150mg,Tablet,"Aurobindo Unit III, India",2662,60,486,2041.2,4.2,0.07,,,,FALSE,9/28/06,9/28/06,,
110-ZM-T01,Pre-PQ Process,SCMS-137,ASN-95,Zambia,PMO - US,Direct Drop,EXW,Air,ARV,Pediatric,Aurobindo Pharma Limited,"Abacavir 20mg/ml, oral solution, Bottle, 240 ml",Abacavir,Generic,20mg/ml,Oral solution,"Aurobindo Unit III, India",2680,240,906,19071.3,21.05,0.09,,316,3850.8,TRUE,1/29/07,1/29/07,,
110-ZM-T01,Pre-PQ Process,SCMS-138,ASN-86,Zambia,PMO - US,Direct Drop,EXW,Air,ARV,Adult,Aurobindo Pharma Limited,"Lamivudine/Zidovudine 150/300mg, tablets, 60 Tabs",Lamivudine/Zidovudine,Generic,150/300mg,Tablet - FDC,"Aurobindo Unit III, India",2681,60,38780,432009.2,11.14,0.19,,3217,14364.29,TRUE,11/13/06,11/13/06,,
112-NG-T01,Pre-PQ Process,SCMS-156,ASN-93,Nigeria,PMO - US,Direct Drop,EXW,Air,ARV,Adult,Aurobindo Pharma Limited,"Nevirapine 200mg, tablets, 60 Tabs",Nevirapine,Generic,200mg,Tablet,"Aurobindo Unit III, India",2683,60,4632,16906.8,3.65,0.06,,,,FALSE,12/7/06,12/7/06,,
112-NG-T01,Pre-PQ Process,SCMS-156,ASN-93,Nigeria,PMO - US,Direct Drop,EXW,Air,ARV,Adult,Aurobindo Pharma Limited,"Stavudine 40mg, capsules, 60 Caps",Stavudine,Generic,40mg,Capsule,"Aurobindo Unit III, India",2684,60,166,356.9,2.15,0.04,,,,FALSE,12/7/06,12/7/06,,
110-ZM-T01,Pre-PQ Process,SCMS-163,ASN-123,Zambia,PMO - US,Direct Drop,EXW,Air,ARV,Adult,Aurobindo Pharma Limited,"Efavirenz 600mg, tablets, 30 Tabs",Efavirenz,Generic,600mg,Tablet,"Aurobindo Unit III, India",2685,30,60784,1018132,16.75,0.56,,11179,49824.57,TRUE,12/20/06,12/20/06,,
108-VN-T01,Pre-PQ Process,SCMS-168,ASN-276,Vietnam,PMO - US,Direct Drop,EXW,Air,ARV,Pediatric,Aurobindo Pharma Limited,"Zidovudine 10mg/ml, oral solution, Bottle, 240 ml",Zidovudine,Generic,10mg/ml,Oral solution,"Aurobindo Unit III, India",2686,240,1000,5050,5.05,0.02,,3822,25124.12,TRUE,3/14/07,3/14/07,,11/14/06
108-VN-T01,Pre-PQ Process,SCMS-169,ASN-272,Vietnam,PMO - US,Direct Drop,EXW,Air,ARV,Pediatric,CIPLA LIMITED,"Lamivudine 10mg/ml, oral solution, Bottle, 240 ml",Lamivudine,Generic,10mg/ml,Oral solution,"Cipla, Goa, India",2687,240,1000,2440,2.44,0.01,,,,FALSE,3/14/07,3/14/07,,11/15/06
106-HT-T01,Pre-PQ Process,SCMS-276,ASN-194,Haiti,PMO - US,Direct Drop,EXW,Air,HRDT,HIV test,Orasure Technologies Inc.,"HIV 1/2, OraQuick Advance HIV Rapid Antibody Kit, 100 Tests","HIV 1/2, OraQuick Advance HIV Rapid Antibody Kit",OraQuick,N/A,Test kit,"Pacific Biotech, Thailand",2705,100,25,10000,400,4,,60,1498.02,TRUE,2/7/07,2/7/07,,
108-VN-T01,Pre-PQ Process,SCMS-313,ASN-542,Vietnam,PMO - US,Direct Drop,EXW,Air,ARV,Adult,CIPLA LIMITED,"Lamivudine/Nevirapine/Stavudine 150/200/30mg, tablets, 60 Tabs",Lamivudine/Nevirapine/Stavudine,Generic,150/200/30mg,Tablet - FDC,"Cipla, Goa, India",2708,60,25000,187500,7.5,0.12,300,2336,21150.56,TRUE,7/9/07,7/9/07,,2/7/07
110-ZM-T01,Pre-PQ Process,SCMS-416,ASN-465,Zambia,PMO - US,Direct Drop,CIP,Air,ARV,Pediatric,BRISTOL-MYERS SQUIBB,"Didanosine 100mg [Videx],chewable tablets, 60 Tabs",Didanosine,Videx,100mg,Chewable/dispersible tablet,"BMS Meymac, France",2721,60,5408,68952,12.75,0.21,,1072,,TRUE,6/6/07,6/6/07,,3/8/07
104-CI-T01,Pre-PQ Process,SCMS-593,ASN-452,Côte d'Ivoire,PMO - US,Direct Drop,EXW,Air,HRDT,HIV test,Orasure Technologies Inc.,"HIV 1/2, OraQuick Advance HIV Rapid Antibody Kit, 100 Tests","HIV 1/2, OraQuick Advance HIV Rapid Antibody Kit",OraQuick,N/A,Test kit,"Pacific Biotech, Thailand",2733,100,50,20000,400,4,,120,3004.62,TRUE,6/28/07,6/28/07,,5/1/07
102-NG-T01,Pre-PQ Process,SCMS-687,ASN-544,Nigeria,PMO - US,Direct Drop,EXW,Air,HRDT,HIV test,"CHEMBIO DIAGNOSTIC SYSTEMS, INC.","HIV 1/2, Stat-Pak HIV, Kit, 20 Tests","HIV 1/2, Stat-Pak HIV, Kit",Stat-Pak,N/A,Test kit,Chembio Diagnostics Sys. Inc.,2740,20,10000,270000,27,1.35,432,3045,28118.58,TRUE,7/10/07,7/10/07,,6/8/07
102-NG-T01,Pre-PQ Process,SCMS-687,ASN-587,Nigeria,PMO - US,Direct Drop,EXW,Air,HRDT,HIV test,"CHEMBIO DIAGNOSTIC SYSTEMS, INC.","HIV 1/2, Stat-Pak HIV, Kit, 20 Tests","HIV 1/2, Stat-Pak HIV, Kit",Stat-Pak,N/A,Test kit,Chembio Diagnostics Sys. Inc.,2741,20,11500,310500,27,1.35,496.8,3276,43664.71,TRUE,7/10/07,8/3/07,,6/8/07
102-NG-T01,Pre-PQ Process,SCMS-599,ASN-522,Nigeria,PMO - US,Direct Drop,EXW,Air,HRDT,HIV test,"CHEMBIO DIAGNOSTIC SYSTEMS, INC.","HIV 1/2, Stat-Pak HIV, Kit, 20 Tests","HIV 1/2, Stat-Pak HIV, Kit",Stat-Pak,N/A,Test kit,Chembio Diagnostics Sys. Inc.,2756,20,8000,216000,27,1.35,345.6,2603,22838.29,TRUE,7/4/07,7/4/07,,6/21/07
108-VN-T01,Pre-PQ Process,SCMS-749,ASN-737,Vietnam,PMO - US,Direct Drop,EXW,Air,ARV,Adult,Aurobindo Pharma Limited,"Efavirenz 600mg, tablets, 30 Tabs",Efavirenz,Generic,600mg,Tablet,"Aurobindo Unit III, India",2765,30,22500,277425,12.33,0.41,443.88,2895,18045.24,TRUE,10/2/07,10/2/07,,7/3/07
108-VN-T01,Pre-PQ Process,SCMS-749,ASN-744,Vietnam,PMO - US,Direct Drop,EXW,Air,ARV,Pediatric,Aurobindo Pharma Limited,"Lamivudine 10mg/ml, oral solution, Bottle, 240 ml",Lamivudine,Generic,10mg/ml,Oral solution,"Aurobindo Unit III, India",2766,240,500,950,1.9,0.01,1.52,,,FALSE,10/2/07,10/2/07,,7/3/07
108-VN-T01,Pre-PQ Process,SCMS-752,ASN-884,Vietnam,PMO - US,Direct Drop,CIP,Air,ARV,Pediatric,BRISTOL-MYERS SQUIBB,"Didanosine 25mg [Videx], chewable tablets, 60 Tabs",Didanosine,Videx,25mg,Chewable/dispersible tablet,"BMS Meymac, France",2767,60,800,5600,7,0.12,8.96,161,2514.05,TRUE,11/8/07,11/8/07,,7/3/07
108-VN-T01,Pre-PQ Process,SCMS-10060,ASN-639,Vietnam,PMO - US,Direct Drop,FCA,Air,ARV,Pediatric,ABBVIE LOGISTICS (FORMERLY ABBOTT LOGISTICS BV),"Lopinavir/Ritonavir 80/20mg/ml [Kaletra], oral solution, cool, Bottle 5 x 60 ml",Lopinavir/Ritonavir,Kaletra,80/20mg/ml,Oral solution,ABBVIE (Abbott) Logis. UK,2785,300,200,16440,82.2,0.27,26.3,340,2326.1,TRUE,9/10/07,9/10/07,,7/20/07
109-TZ-T01,Pre-PQ Process,SCMS-10310,ASN-893,Tanzania,PMO - US,Direct Drop,EXW,Air,HRDT,HIV test,"Standard Diagnostics, Inc.","HIV 1/2, Bioline 3.0 Kit, Lancets, Capillary pipets, Alcohol swabs included, 25 Tests","HIV 1/2, Bioline 3.0 Kit, Lancets, Capillary pipets, Alcohol swabs included",Bioline,N/A,Test kit,"Standard Diagnostics, Korea",2794,25,10000,200000,20,0.8,320,3336,27791.62,TRUE,12/19/07,12/19/07,,
109-TZ-T01,Pre-PQ Process,SCMS-10320,ASN-1114,Tanzania,PMO - US,Direct Drop,EXW,Air,HRDT,HIV test,"Standard Diagnostics, Inc.","HIV 1/2, Bioline 3.0 Kit, Lancets, Capillary pipets, Alcohol swabs included, 25 Tests","HIV 1/2, Bioline 3.0 Kit, Lancets, Capillary pipets, Alcohol swabs included",Bioline,N/A,Test kit,"Standard Diagnostics, Korea",2795,25,5000,100000,20,0.8,160,1456,14505.37,TRUE,1/22/08,1/22/08,,8/15/07
119-NA-T01,Pre-PQ Process,SCMS-10360,ASN-658,Namibia,PMO - US,Direct Drop,EXW,Air,HRDT,HIV test,"Orgenics, Ltd","HIV 1/2, Clearview Complete Kit, 25 Tests","HIV 1/2, Clearview Complete Kit",Clearview,N/A,Test kit,Not Applicable,2796,25,150,11250,75,3,18,,,TRUE,8/29/07,8/29/07,,7/31/07
117-ET-T01,Pre-PQ Process,SCMS-11071,ASN-1039,Ethiopia,PMO - US,Direct Drop,EXW,Air,ARV,Adult,Aurobindo Pharma Limited,"Stavudine 30mg, capsules, 60 Caps",Stavudine,Generic,30mg,Capsule,"Aurobindo Unit III, India",2808,60,35065,54350.75,1.55,0.03,86.96,2318,6755.81,TRUE,11/20/07,12/24/07,,10/3/07
102-GY-T01,Pre-PQ Process,SCMS-11670,ASN-967,Guyana,PMO - US,Direct Drop,EXW,Air,HRDT,HIV test,"Trinity Biotech, Plc","HIV 1/2, Uni-Gold HIV Kit, 20 Tests","HIV 1/2, Uni-Gold HIV Kit",Uni-Gold,N/A,Test kit,"Trinity Biotech, Plc",2823,20,2220,71040,32,1.6,113.66,732,6524.19,TRUE,12/3/07,12/3/07,,8/28/07
114-UG-T01,Pre-PQ Process,SCMS-13510,ASN-1483,Uganda,PMO - US,Direct Drop,CIP,Air,ARV,Adult,BRISTOL-MYERS SQUIBB,"Didanosine EC 400mg [Videx EC], delayed-release capsules, Blister 3 x 10 Caps",Didanosine EC,Videx EC,400mg,Delayed-release capsules - blister,"BMS Meymac, France",2892,30,140,3313.8,23.67,0.79,5.3,6,,TRUE,3/31/08,3/31/08,,10/3/07
116-ZA-T01,Pre-PQ Process,SCMS-14050,ASN-1251,South Africa,PMO - US,Direct Drop,DDP,N/A,ARV,Pediatric,"JSI R&T INSTITUTE, INC.","Lamivudine 10mg/ml [Epivir], oral solution, Bottle, 240 ml",Lamivudine,Epivir,10mg/ml,Oral solution,GSK Mississauga (Canada),2921,240,500,3630,7.26,0.03,5.81,,,FALSE,1/29/08,1/29/08,,11/12/07
116-ZA-T01,Pre-PQ Process,SCMS-14050,ASN-1251,South Africa,PMO - US,Direct Drop,DDP,N/A,ARV,Adult,"JSI R&T INSTITUTE, INC.","Tenofovir Disoproxil Fumarate 300mg [Viread], tablets, 30 Tabs",Tenofovir Disoproxil Fumarate,Viread,300mg,Tablet,"Aspen-OSD, Port Elizabeth, SA",2922,30,20,535.2,26.76,0.89,0.86,,,FALSE,1/29/08,1/29/08,,11/12/07
116-ZA-T01,Pre-PQ Process,SCMS-14050,ASN-1251,South Africa,PMO - US,Direct Drop,DDP,N/A,ARV,Adult,"JSI R&T INSTITUTE, INC.","Emtricitabine/Tenofovir Disoproxil Fumarate 200/300mg [Truvada], tablets, 30 Tabs",Emtricitabine/Tenofovir Disoproxil Fumarate,Truvada,300/200mg,Tablet - FDC,"Aspen-OSD, Port Elizabeth, SA",2923,30,10,443,44.3,1.48,0.71,,,FALSE,1/29/08,1/29/08,,11/12/07
107-RW-T01,Pre-PQ Process,SCMS-14140,ASN-1028,Rwanda,PMO - US,Direct Drop,EXW,Air,HRDT,HIV test,"Trinity Biotech, Plc","HIV 1/2, Uni-Gold HIV Kit, 20 Tests","HIV 1/2, Uni-Gold HIV Kit",Uni-Gold,N/A,Test kit,"Trinity Biotech, Plc",2927,20,4500,144000,32,1.6,230.4,2300,38425.29,TRUE,1/10/08,1/10/08,,11/16/07
108-VN-T01,Pre-PQ Process,SCMS-14930,ASN-1231,Vietnam,PMO - US,Direct Drop,EXW,Air,ARV,Adult,Aurobindo Pharma Limited,"Stavudine 15mg, capsules, 60 Caps",Stavudine,Generic,15mg,Capsule,"Aurobindo Unit III, India",2947,60,400,600,1.5,0.02,0.96,83,2426.05,TRUE,1/22/08,1/22/08,,12/5/07
100-HT-T01,Pre-PQ Process,SCMS-15460,ASN-2258,Haiti,PMO - US,Direct Drop,EXW,Air,HRDT,HIV test,"Trinity Biotech, Plc","HIV 1/2, Capillus HIV Kit, 100 Tests","HIV 1/2, Capillus HIV Kit",Capillus,N/A,Test kit,"Trinity Biotech, Plc",2960,100,2,278,139,1.39,0.44,,,TRUE,8/22/08,8/22/08,,
100-HT-T01,Pre-PQ Process,SCMS-15880,ASN-1301,Haiti,PMO - US,Direct Drop,EXW,Air,HRDT,HIV test,"Trinity Biotech, Plc","HIV 1/2, Capillus HIV Kit, 100 Tests","HIV 1/2, Capillus HIV Kit",Capillus,N/A,Test kit,"Trinity Biotech, Plc",2965,100,4,556,139,1.39,0.89,,,TRUE,2/27/08,2/18/08,,1/3/08
116-ZA-T01,Pre-PQ Process,SCMS-16600,ASN-1520,South Africa,PMO - US,Direct Drop,DDP,N/A,ARV,Pediatric,"JSI R&T INSTITUTE, INC.","Efavirenz 50mg [Stocrin/Sustiva], capsule, 30 Caps",Efavirenz,Stocrin/Sustiva,50mg,Capsule,"MSD Midrand, J'burg, SA",2993,30,200,696,3.48,0.12,1.11,,,FALSE,1/21/08,1/4/08,,1/4/08
116-ZA-T01,Pre-PQ Process,SCMS-16600,ASN-1520,South Africa,PMO - US,Direct Drop,DDP,N/A,ARV,Adult,"JSI R&T INSTITUTE, INC.","Efavirenz 600mg [Stocrin/Sustiva], tablets, 30 Tabs",Efavirenz,Stocrin/Sustiva,600mg,Tablet,"MSD Midrand, J'burg, SA",2994,30,1200,23808,19.84,0.66,38.09,,,FALSE,1/21/08,1/4/08,,1/4/08
116-ZA-T01,Pre-PQ Process,SCMS-16600,ASN-1520,South Africa,PMO - US,Direct Drop,DDP,N/A,ARV,Adult,"JSI R&T INSTITUTE, INC.","Emtricitabine/Tenofovir Disoproxil Fumarate 200/300mg [Truvada], tablets, 30 Tabs",Emtricitabine/Tenofovir Disoproxil Fumarate,Truvada,300/200mg,Tablet - FDC,"Aspen-OSD, Port Elizabeth, SA",2995,30,30,1271.1,42.37,1.41,2.03,,,FALSE,1/21/08,1/4/08,,1/4/08
116-ZA-T01,Pre-PQ Process,SCMS-16600,ASN-1520,South Africa,PMO - US,Direct Drop,DDP,N/A,ARV,Adult,"JSI R&T INSTITUTE, INC.","Ritonavir 100mg [Norvir], capsules, cool, 84 Caps",Ritonavir,Norvir,100mg,Capsule,ABBVIE (Abbott) Logis. UK,2996,84,3,32.31,10.77,0.13,0.05,,,FALSE,1/21/08,1/4/08,,1/4/08
104-CI-T01,Pre-PQ Process,SCMS-16740,ASN-1492,Côte d'Ivoire,PMO - US,Direct Drop,CIP,Air,ARV,Pediatric,BRISTOL-MYERS SQUIBB,"Didanosine 25mg [Videx], chewable tablets, 60 Tabs",Didanosine,Videx,25mg,Chewable/dispersible tablet,"BMS Meymac, France",3007,60,546,3822,7,0.12,6.12,108,,TRUE,4/8/08,4/8/08,,1/24/08
102-NG-T01,Pre-PQ Process,SCMS-16890,ASN-2359,Nigeria,PMO - US,Direct Drop,EXW,Air,HRDT,HIV test,"CHEMBIO DIAGNOSTIC SYSTEMS, INC.","HIV 1/2, Stat-Pak HIV, Kit, 20 Tests","HIV 1/2, Stat-Pak HIV, Kit",Stat-Pak,N/A,Test kit,Chembio Diagnostics Sys. Inc.,3008,20,9048,244296,27,1.35,390.87,2985,20635.3,TRUE,9/19/08,9/19/08,,1/29/08
102-NG-T01,Pre-PQ Process,SCMS-16900,ASN-1381,Nigeria,PMO - US,Direct Drop,EXW,Air,HRDT,HIV test,"Orgenics, Ltd","HIV 1/2, Determine HIV Kit, without Lancets, 100 Tests","HIV 1/2, Determine HIV Kit, without Lancets",Determine,N/A,Test kit,Inverness Japan,3009,100,3000,239970,79.99,0.8,383.95,861,12770.05,TRUE,3/12/08,3/10/08,,1/29/08
102-NG-T01,Pre-PQ Process,SCMS-16900,ASN-1411,Nigeria,PMO - US,Direct Drop,EXW,Air,HRDT,HIV test,"Orgenics, Ltd","HIV 1/2, Determine HIV Kit, without Lancets, 100 Tests","HIV 1/2, Determine HIV Kit, without Lancets",Determine,N/A,Test kit,Inverness Japan,3010,100,3199,255888.02,79.99,0.8,409.42,550,8213.59,TRUE,3/12/08,3/12/08,,1/29/08
116-ZA-T01,Pre-PQ Process,SCMS-17630,ASN-1532,South Africa,PMO - US,Direct Drop,DDP,Truck,ARV,Adult,"JSI R&T INSTITUTE, INC.","Didanosine EC 250mg [Videx EC], delayed-release capsules, Blister 3 x 10 Caps",Didanosine EC,Videx EC,250mg,Delayed-release capsules - blister,"BMS Meymac, France",3026,30,400,8416,21.04,0.7,13.47,,,TRUE,2/5/08,1/21/08,,1/21/08
117-ET-T01,Pre-PQ Process,SCMS-17940,ASN-1405,Ethiopia,PMO - US,Direct Drop,CIP,Air,HRDT,HIV test,SUB-SAHARAN BIOMEDICAL P.L.C.,"HIV 1/2, Determine Complete HIV Kit, 100 Tests","HIV 1/2, Determine Complete HIV Kit",Determine,N/A,Test kit,Inverness Japan,3037,100,805,62967.1,78.22,0.78,100.75,,,TRUE,2/27/08,2/27/08,,2/20/08
111-MZ-T01,Pre-PQ Process,SCMS-18060,ASN-1651,Mozambique,PMO - US,Direct Drop,EXW,Air,HRDT,HIV test - Ancillary,"Orgenics, Ltd","HIV, Lancet, Safety, for HIV Test kits, 100 Pcs","HIV, Lancet, Safety, for HIV Test kits, 100 Pcs",Generic,N/A,Test kit - Ancillary,Inverness Japan,3039,100,4200,42,0.01,0,0.07,,,TRUE,6/13/08,6/13/08,,2/25/08
110-ZM-T01,Pre-PQ Process,SCMS-18070,ASN-1576,Zambia,PMO - US,Direct Drop,EXW,Air,HRDT,HIV test,"Orgenics, Ltd","HIV 1/2, Determine HIV Kit, without Lancets, 100 Tests","HIV 1/2, Determine HIV Kit, without Lancets",Determine,N/A,Test kit,Inverness Japan,3040,100,2000,143980,71.99,0.72,230.37,455,4113.16,TRUE,4/22/08,5/5/08,,2/25/08
104-CI-T01,Pre-PQ Process,SCMS-18420,ASN-1468,Côte d'Ivoire,PMO - US,Direct Drop,EXW,Air,HRDT,HIV test,"Orgenics, Ltd","HIV 1/2, Determine HIV Kit, without Lancets, 100 Tests","HIV 1/2, Determine HIV Kit, without Lancets",Determine,N/A,Test kit,Inverness Japan,3049,100,70,5039.3,71.99,0.72,8.06,16,515.48,TRUE,4/8/08,4/8/08,,2/28/08
104-CI-T01,Pre-PQ Process,SCMS-18440,ASN-1563,Côte d'Ivoire,PMO - US,Direct Drop,EXW,Air,HRDT,HIV test,"Orgenics, Ltd","HIV 1/2, Determine HIV Kit, without Lancets, 100 Tests","HIV 1/2, Determine HIV Kit, without Lancets",Determine,N/A,Test kit,Inverness Japan,3050,100,1116,78120,70,0.7,124.99,255,5303.05,TRUE,4/25/08,4/25/08,,2/28/08
114-UG-T01,Pre-PQ Process,SCMS-18750,ASN-1611,Uganda,PMO - US,Direct Drop,EXW,Air,HRDT,HIV test,"Orgenics, Ltd","HIV 1/2, Determine HIV Kit, without Lancets, 100 Tests","HIV 1/2, Determine HIV Kit, without Lancets",Determine,N/A,Test kit,Inverness Japan,3055,100,850,61191.5,71.99,0.72,97.91,194,2642.45,TRUE,5/22/08,5/22/08,,3/11/08
116-ZA-T01,Pre-PQ Process,SCMS-19800,ASN-1664,South Africa,PMO - US,Direct Drop,DDP,Truck,ARV,Pediatric,S. BUYS WHOLESALER,"Efavirenz 200mg [Stocrin/Sustiva], capsule, 90 Caps",Efavirenz,Stocrin/Sustiva,200mg,Capsule,"MSD Midrand, J'burg, SA",3080,90,20,563,28.15,0.31,0.9,,,TRUE,4/24/08,2/29/08,,2/20/08
116-ZA-T01,Pre-PQ Process,SCMS-19800,ASN-1665,South Africa,PMO - US,Direct Drop,DDP,Truck,ARV,Adult,S. BUYS WHOLESALER,"Efavirenz 600mg, tablets, 30 Tabs",Efavirenz,Generic,600mg,Tablet,"Cipla, Goa, India",3081,30,2500,37500,15,0.5,60,,,FALSE,4/24/08,4/24/08,,2/20/08
108-VN-T01,Pre-PQ Process,SCMS-20181,ASN-2023,Vietnam,PMO - US,Direct Drop,EXW,Air,ARV,Adult,Aurobindo Pharma Limited,"Abacavir 300mg, tablets, 60 Tabs",Abacavir,Generic,300mg,Tablet,"Aurobindo Unit III, India",3094,60,520,13000,25,0.42,20.8,137,5260.46,TRUE,7/7/08,7/7/08,,3/31/08
108-VN-T01,Pre-PQ Process,SCMS-20430,ASN-1887,Vietnam,PMO - US,Direct Drop,EXW,Air,ARV,Adult,STRIDES ARCOLAB LIMITED,"Stavudine 30mg, capsules, 60 Caps",Stavudine,Generic,30mg,Capsule,"Strides, Bangalore, India.",3096,60,2576,3889.76,1.51,0.03,6.22,121,2789.74,TRUE,6/17/08,6/17/08,,3/31/08
108-VN-T01,Pre-PQ Process,SCMS-20450,ASN-1888,Vietnam,PMO - US,Direct Drop,EXW,Air,ARV,Adult,STRIDES ARCOLAB LIMITED,"Stavudine 30mg, capsules, 60 Caps",Stavudine,Generic,30mg,Capsule,"Strides, Bangalore, India.",3097,60,2464,3720.64,1.51,0.03,5.95,114,2879.96,TRUE,6/20/08,6/20/08,,3/31/08
102-BW-T01,Pre-PQ Process,SCMS-22730,ASN-1956,Botswana,PMO - US,Direct Drop,EXW,Air,HRDT,HIV test,"Orgenics, Ltd","HIV 1/2, Determine HIV Kit, without Lancets, 100 Tests","HIV 1/2, Determine HIV Kit, without Lancets",Determine,N/A,Test kit,Inverness Japan,3152,100,100,7199,71.99,0.72,11.52,25,641.04,TRUE,7/31/08,7/31/08,,4/28/08
102-BW-T01,Pre-PQ Process,SCMS-22730,ASN-1939,Botswana,PMO - US,Direct Drop,EXW,Air,HRDT,HIV test - Ancillary,"Orgenics, Ltd","HIV, Lancet, Safety, for HIV Test kits, 100 Pcs","HIV, Lancet, Safety, for HIV Test kits, 100 Pcs",Generic,N/A,Test kit - Ancillary,Inverness Japan,3153,100,100,1,0.01,0,0,,,TRUE,7/31/08,7/7/08,,4/28/08
102-BW-T01,Pre-PQ Process,SCMS-22770,ASN-2234,Botswana,PMO - US,Direct Drop,EXW,Air,HRDT,HIV test,"Orgenics, Ltd","HIV 1/2, Determine HIV Kit, without Lancets, 100 Tests","HIV 1/2, Determine HIV Kit, without Lancets",Determine,N/A,Test kit,Inverness Japan,3154,100,100,7199,71.99,0.72,11.52,25,1038.39,TRUE,1/20/09,9/3/08,,4/28/08
117-ET-T01,Pre-PQ Process,SCMS-22810,ASN-2096,Ethiopia,PMO - US,Direct Drop,DDP,Air,HRDT,HIV test,SETEMA LIMITED PLC,"HIV 1/2, Stat-Pak HIV, Kit, 20 Tests","HIV 1/2, Stat-Pak HIV, Kit",Stat-Pak,N/A,Test kit,Chembio Diagnostics Sys. Inc.,3159,20,81,3798.09,46.89,2.34,6.08,,,TRUE,7/1/08,7/1/08,,4/28/08
116-ZA-T01,Pre-PQ Process,SCMS-23500,ASN-2300,South Africa,PMO - US,Direct Drop,DDP,Truck,ARV,Adult,S. BUYS WHOLESALER,"Ritonavir 100mg [Norvir], capsules, cool, 84 Caps",Ritonavir,Norvir,100mg,Capsule,ABBVIE (Abbott) Logis. UK,3191,84,4,38.88,9.72,0.12,0.06,,,FALSE,8/20/08,5/14/08,,
116-ZA-T01,Pre-PQ Process,SCMS-23500,ASN-2293,South Africa,PMO - US,Direct Drop,DDP,Truck,ARV,Adult,S. BUYS WHOLESALER,"Nevirapine 200mg, tablets, 60 Tabs",Nevirapine,Generic,200mg,Tablet,"Cipla, Goa, India",3192,60,150,3166.5,21.11,0.35,5.07,,,FALSE,8/20/08,5/8/08,,
116-ZA-T01,Pre-PQ Process,SCMS-23500,ASN-2293,South Africa,PMO - US,Direct Drop,DDP,Truck,ARV,Adult,S. BUYS WHOLESALER,"Stavudine 30mg [Zerit], capsules, 60 Caps",Stavudine,Zerit,30mg,Capsule,"BMS Meymac, France",3193,60,1350,6979.5,5.17,0.09,11.17,,,FALSE,8/20/08,5/8/08,,
106-HT-T01,Pre-PQ Process,SCMS-24060,ASN-2800,Haiti,PMO - US,Direct Drop,EXW,Air,HRDT,HIV test,"Orgenics, Ltd","HIV 1/2, Determine HIV Kit, without Lancets, 100 Tests","HIV 1/2, Determine HIV Kit, without Lancets",Determine,N/A,Test kit,Inverness Japan,3202,100,1123,78610,70,0.7,154.08,257,2873.56,TRUE,11/17/08,11/17/08,,5/23/08
110-ZM-T01,Pre-PQ Process,SCMS-25790,ASN-2399,Zambia,PMO - US,Direct Drop,EXW,Air,HRDT,HIV test,"Trinity Biotech, Plc","HIV 1/2, Uni-Gold HIV Kit, 20 Tests","HIV 1/2, Uni-Gold HIV Kit",Uni-Gold,N/A,Test kit,"Trinity Biotech, Plc",3245,20,9000,288000,32,1.6,460.8,3000,34902.96,TRUE,9/26/08,9/26/08,,6/20/08
108-VN-T01,Pre-PQ Process,SCMS-26380,ASN-2338,Vietnam,PMO - US,Direct Drop,EXW,Air,ARV,Adult,MYLAN LABORATORIES LTD (FORMERLY MATRIX LABORATORIES),"Tenofovir Disoproxil Fumarate 300mg, tablets, 30 Tabs",Tenofovir Disoproxil Fumarate,Generic,300mg,Tablet,Mylan (formerly Matrix) Nashik,3261,30,2016,24917.76,12.36,0.41,39.87,120,5921.97,TRUE,9/20/08,9/20/08,,7/1/08
116-ZA-T01,Pre-PQ Process,SCMS-26820,ASN-2488,South Africa,PMO - US,Direct Drop,DDP,Truck,ARV,Adult,S. BUYS WHOLESALER,"Efavirenz 600mg, tablets, 30 Tabs",Efavirenz,Generic,600mg,Tablet,"Cipla, Goa, India",3282,30,1000,16190,16.19,0.54,25.9,,,FALSE,7/10/08,7/8/08,,
133-NG-T01,Pre-PQ Process,SCMS-27050,ASN-2572,Nigeria,PMO - US,Direct Drop,EXW,Air,HRDT,HIV test,"CHEMBIO DIAGNOSTIC SYSTEMS, INC.","HIV 1/2, Stat-Pak HIV, Kit, 20 Tests","HIV 1/2, Stat-Pak HIV, Kit",Stat-Pak,N/A,Test kit,Chembio Diagnostics Sys. Inc.,3292,20,12315,332505,27,1.35,532.01,3508,29954.15,TRUE,11/7/08,10/21/08,,7/18/08
114-UG-T01,Pre-PQ Process,SCMS-27190,ASN-2391,Uganda,PMO - US,Direct Drop,CIP,Air,ARV,Adult,BRISTOL-MYERS SQUIBB,"Didanosine EC 400mg [Videx EC], delayed-release capsules, Blister 3 x 10 Caps",Didanosine EC,Videx EC,400mg,Delayed-release capsules - blister,"BMS Meymac, France",3294,30,50,1183.5,23.67,0.79,1.89,2,330,TRUE,9/9/08,9/9/08,,7/18/08
108-VN-T01,Pre-PQ Process,SCMS-27370,ASN-2806,Vietnam,PMO - US,Direct Drop,EXW,Air,ARV,Adult,CIPLA LIMITED,"Lamivudine/Nevirapine/Stavudine 150/200/30mg, tablets, 60 Tabs",Lamivudine/Nevirapine/Stavudine,Generic,150/200/30mg,Tablet - FDC,"Cipla, Goa, India",3302,60,1440,10440,7.25,0.12,20.46,128,2147.61,TRUE,11/29/08,11/29/08,,7/24/08
110-ZM-T01,Pre-PQ Process,SCMS-27790,ASN-2641,Zambia,PMO - US,Direct Drop,EXW,Air,HRDT,HIV test - Ancillary,"Orgenics, Ltd","HIV, Lancet, Safety, for HIV Test kits, 100 Pcs","HIV, Lancet, Safety, for HIV Test kits, 100 Pcs",Generic,N/A,Test kit - Ancillary,Inverness Japan,3313,100,4500,45,0.01,0,0.09,,,FALSE,10/20/08,10/20/08,,7/31/08
117-ET-T01,Pre-PQ Process,SCMS-28690,ASN-2840,Ethiopia,PMO - US,Direct Drop,EXW,Air,HRDT,HIV test,"SHANGHAI KEHUA BIOENGINEERING CO.,LTD.  (KHB)","HIV 1/2, SKB Colloidal Gold, Diagnostic Kit, Antibody, 50 Tests","HIV 1/2, Colloidal Gold, Diagnostic Kit, Antibody",Colloidal Gold,N/A,Test kit,"KHB Test Kit Facility, Shanghai China",3354,1,6998,160954,23,23,315.47,4913,46117.09,TRUE,11/17/08,11/17/08,,8/22/08
116-ZA-T01,Pre-PQ Process,SCMS-28830,ASN-2502,South Africa,PMO - US,Direct Drop,DDP,Truck,ARV,Pediatric,S. BUYS WHOLESALER,"Zidovudine 10mg/ml [Retrovir], oral solution, Bottle, 200 ml",Zidovudine,Retrovir,10mg/ml,Oral solution,GSK Mississauga (Canada),3357,200,60,360.6,6.01,0.03,0.58,,,TRUE,8/25/08,8/18/08,,
116-ZA-T01,Pre-PQ Process,SCMS-28830,ASN-2503,South Africa,PMO - US,Direct Drop,DDP,Truck,ARV,Adult,S. BUYS WHOLESALER,"Stavudine 40mg [Zerit], capsules, 60 Caps",Stavudine,Zerit,40mg,Capsule,"BMS Meymac, France",3358,60,130,644.8,4.96,0.08,1.03,,,FALSE,8/25/08,8/14/08,,
116-ZA-T01,Pre-PQ Process,SCMS-28830,ASN-2502,South Africa,PMO - US,Direct Drop,DDP,Truck,ARV,Adult,S. BUYS WHOLESALER,"Abacavir 300mg [Ziagen], tablets, Blister 6 x 10 Tabs",Abacavir,Ziagen,300mg,Tablet - blister,GSK Ware (UK),3359,60,40,1337.2,33.43,0.56,2.14,,,FALSE,8/25/08,8/18/08,,
119-NA-T01,Pre-PQ Process,SCMS-28850,ASN-2513,Namibia,PMO - US,Direct Drop,EXW,Air,HRDT,HIV test,"Orgenics, Ltd","HIV 1/2, Clearview Complete Kit, 25 Tests","HIV 1/2, Clearview Complete Kit",Clearview,N/A,Test kit,Inverness Japan,3360,25,1,75,75,3,0.12,,,TRUE,9/25/08,9/25/08,,8/26/08
104-CI-T01,Pre-PQ Process,SCMS-29340,ASN-2921,Côte d'Ivoire,PMO - US,Direct Drop,EXW,Air,ACT,ACT,IDA FOUNDATION,"Artesunate+Amodiaquine 50+153mg, tablets, co-blister 6+6 Tabs",Artesunate+Amodiaquine,Generic,50+153mg,Tablet - FDC + co-blister,Ipca Dadra/Nagar Haveli IN,3375,12,50000,19500,0.39,0.03,38.22,,,FALSE,1/23/09,1/23/09,,9/3/08
111-MZ-T01,Pre-PQ Process,SCMS-29460,ASN-3047,Mozambique,PMO - US,Direct Drop,FCA,Air,HRDT,HIV test,Abbott GmbH & Co. KG,"HIV 1/2, Determine Complete HIV Kit, 100 Tests","HIV 1/2, Determine Complete HIV Kit",Determine,N/A,Test kit,ABBVIE GmbH & Co.KG Wiesbaden,3378,100,1000,80000,80,0.8,156.8,337,3499.18,TRUE,2/17/09,2/17/09,,8/29/08
111-MZ-T01,Pre-PQ Process,SCMS-29440,ASN-2403,Mozambique,PMO - US,Direct Drop,EXW,Air,HRDT,HIV test,"Orgenics, Ltd","HIV 1/2, Determine HIV Kit, without Lancets, 100 Tests","HIV 1/2, Determine HIV Kit, without Lancets",Determine,N/A,Test kit,Inverness Japan,3386,100,1000,71990,71.99,0.72,115.18,296,2648.82,TRUE,10/3/08,10/3/08,,8/29/08
104-CI-T01,Pre-PQ Process,SCMS-30420,ASN-2992,Côte d'Ivoire,PMO - US,Direct Drop,EXW,Air,HRDT,HIV test,BIO-RAD LABORATORIES (FRANCE),"#108853** HIV, Genie II HIV-1/HIV-2 Kit, 40 Tests","HIV, Genie II HIV-1/HIV-2 Kit",Genie,N/A,Test kit,Bio-Rad Laboratories,3419,40,862,65512,76,1.9,128.4,963,25080.52,TRUE,12/12/08,12/12/08,,9/18/08
131-NG-T01,Pre-PQ Process,SCMS-26482,ASN-2589,Nigeria,PMO - US,Direct Drop,CIP,Air,ARV,Adult,MERCK SHARP & DOHME IDEA GMBH (FORMALLY MERCK SHARP & DOHME B.V.),"Efavirenz/Emtricitabine/Tenofovir Disoproxil Fumarate 600/200/300mg [Atripla], tablets, 30 Tabs",Efavirenz/Emtricitabine/Tenofovir Disoproxil Fumarate,Atripla,600/200/300mg,Tablet - FDC,"MSD, Haarlem, NL",3421,30,5900,297360,50.4,1.68,475.78,493,1727.2,TRUE,10/10/08,10/10/08,,9/17/08
110-ZM-T01,Pre-PQ Process,SCMS-31390,ASN-3508,Zambia,PMO - US,Direct Drop,EXW,Air,HRDT,HIV test,"Orgenics, Ltd","HIV 1/2, Determine HIV Kit, without Lancets, 100 Tests","HIV 1/2, Determine HIV Kit, without Lancets",Determine,N/A,Test kit,Inverness Japan,3441,100,5500,395945,71.99,0.72,776.05,1624,12646.15,TRUE,3/18/09,3/18/09,,10/2/08
108-VN-T01,Pre-PQ Process,SCMS-31730,ASN-3313,Vietnam,PMO - US,Direct Drop,EXW,Air,ARV,Adult,Aurobindo Pharma Limited,"Lamivudine 150mg, tablets, 60 Tabs",Lamivudine,Generic,150mg,Tablet,"Aurobindo Unit III, India",3456,60,6156,14774.4,2.4,0.04,28.96,1044,3854.23,TRUE,2/23/09,2/23/09,,10/21/08
119-NA-T01,Pre-PQ Process,SCMS-31810,ASN-3192,Namibia,PMO - US,Direct Drop,EXW,Air,HRDT,HIV test,"Orgenics, Ltd","HIV 1/2, Determine Complete HIV Kit, 100 Tests","HIV 1/2, Determine Complete HIV Kit",Determine,N/A,Test kit,Inverness Japan,3457,100,150,10800,72,0.72,21.17,46,2946.64,TRUE,1/22/09,1/22/09,,10/14/08
114-UG-T01,Pre-PQ Process,SCMS-32250,ASN-3001,Uganda,PMO - US,Direct Drop,CIP,Air,ARV,Adult,BRISTOL-MYERS SQUIBB,"Didanosine EC 250mg [Videx EC], delayed-release capsules, Blister 3 x 10 Caps",Didanosine EC,Videx EC,250mg,Delayed-release capsules - blister,"BMS Meymac, France",3470,30,50,917,18.34,0.61,1.8,2,378,TRUE,12/9/08,12/9/08,,10/17/08
117-ET-T01,Pre-PQ Process,SCMS-32630,ASN-3156,Ethiopia,PMO - US,Direct Drop,EXW,Air,HRDT,HIV test,"SHANGHAI KEHUA BIOENGINEERING CO.,LTD.  (KHB)","HIV 1/2, SKB Colloidal Gold, Diagnostic Kit, Antibody, 50 Tests","HIV 1/2, Colloidal Gold, Diagnostic Kit, Antibody",Colloidal Gold,N/A,Test kit,"KHB Test Kit Facility, Shanghai China",3479,1,3510,80730,23,23,158.23,2535,20083.74,TRUE,1/26/09,1/20/09,,10/27/08
116-ZA-T01,Pre-PQ Process,SCMS-33320,ASN-3553,South Africa,PMO - US,Direct Drop,DDP,Truck,ARV,Adult,S. BUYS WHOLESALER,"Stavudine 30mg [Zerit], capsules, 60 Caps",Stavudine,Zerit,30mg,Capsule,"BMS Meymac, France",3490,60,1200,5772,4.81,0.08,11.31,,,FALSE,5/17/09,10/9/08,,
109-TZ-T01,Pre-PQ Process,SCMS-33700,ASN-3080,Tanzania,PMO - US,Direct Drop,EXW,Air,HRDT,HIV test,"Trinity Biotech, Plc","HIV 1/2, Uni-Gold HIV Kit, 20 Tests","HIV 1/2, Uni-Gold HIV Kit",Uni-Gold,N/A,Test kit,"Trinity Biotech, Plc",3499,20,839,26848,32,1.6,52.62,284,3261.37,TRUE,1/19/09,1/19/09,,11/14/08
133-NG-T01,Pre-PQ Process,SCMS-33830,ASN-3231,Nigeria,PMO - US,Direct Drop,EXW,Air,HRDT,HIV test,"Orgenics, Ltd","HIV 1/2, Determine Complete HIV Kit, 100 Tests","HIV 1/2, Determine Complete HIV Kit",Determine,N/A,Test kit,Inverness Japan,3507,100,5259,420720,80,0.8,824.61,1584,22775.45,TRUE,2/5/09,2/5/09,,11/20/08
141-NA-T01,Pre-PQ Process,SCMS-33850,ASN-3110,Namibia,PMO - US,Direct Drop,EXW,Air,HRDT,HIV test,INVERNESS MEDICAL INNOVATIONS SOUTH AFRICA (PTY) LTD,"HIV 1/2, Determine HIV Kit, without Lancets, 100 Tests","HIV 1/2, Determine HIV Kit, without Lancets",Determine,N/A,Test kit,Inverness Japan,3508,100,7,490,70,0.7,0.96,,,FALSE,1/27/09,1/27/09,,11/20/08
102-GY-T01,Pre-PQ Process,SCMS-35560,ASN-3481,Guyana,PMO - US,Direct Drop,EXW,Air,HRDT,HIV test,"Trinity Biotech, Plc","HIV 1/2, Uni-Gold HIV Kit, 20 Tests","HIV 1/2, Uni-Gold HIV Kit",Uni-Gold,N/A,Test kit,"Trinity Biotech, Plc",3551,20,1062,33984,32,1.6,66.61,355,4457.29,TRUE,3/17/09,3/13/09,,12/10/08
102-GY-T01,Pre-PQ Process,SCMS-35570,ASN-3511,Guyana,PMO - US,Direct Drop,EXW,Air,HRDT,HIV test,"Orgenics, Ltd","HIV 1/2, Determine Complete HIV Kit, 100 Tests","HIV 1/2, Determine Complete HIV Kit",Determine,N/A,Test kit,Inverness Japan,3552,100,213,15336,72,0.72,30.06,64,1083.36,TRUE,3/17/09,3/17/09,,12/11/08
108-VN-T01,Pre-PQ Process,SCMS-37210,ASN-3631,Vietnam,PMO - US,Direct Drop,EXW,Air,ARV,Adult,MYLAN LABORATORIES LTD (FORMERLY MATRIX LABORATORIES),"Zidovudine 300mg, tablets, 60 Tabs",Zidovudine,Generic,300mg,Tablet,Mylan (formerly Matrix) Nashik,3615,60,336,2520,7.5,0.12,4.94,18,2525.73,TRUE,4/11/09,4/11/09,,1/16/09
108-VN-T01,Pre-PQ Process,SCMS-37160,ASN-3561,Vietnam,PMO - US,Direct Drop,EXW,Air,ARV,Adult,Aurobindo Pharma Limited,"Lamivudine/Nevirapine/Zidovudine 150/200/300mg, tablets, 60 Tabs",Lamivudine/Nevirapine/Zidovudine,Generic,150/300/200mg,Tablet - FDC,"Aurobindo Unit III, India",3616,60,300,3345,11.15,0.19,6.56,,,FALSE,4/7/09,4/7/09,,1/16/09
107-RW-T01,Pre-PQ Process,SCMS-38690,ASN-3633,Rwanda,PMO - US,Direct Drop,EXW,Air,HRDT,HIV test,"Orgenics, Ltd","HIV 1/2, Determine HIV Kit, without Lancets, 100 Tests","HIV 1/2, Determine HIV Kit, without Lancets",Determine,N/A,Test kit,Inverness Japan,3674,100,386,27020,70,0.7,52.96,88,3936.25,TRUE,4/1/09,4/1/09,,2/18/09
106-HT-T01,Pre-PQ Process,SCMS-40000,ASN-3675,Haiti,PMO - US,Direct Drop,CIP,Air,ARV,Pediatric,BRISTOL-MYERS SQUIBB,"Didanosine 25mg [Videx], chewable tablets, 60 Tabs",Didanosine,Videx,25mg,Chewable/dispersible tablet,"BMS Meymac, France",3718,60,80,560,7,0.12,1.1,,,FALSE,3/31/09,3/31/09,,3/6/09
106-HT-T01,Pre-PQ Process,SCMS-40030,ASN-3749,Haiti,PMO - US,Direct Drop,FCA,Air,ARV,Adult,ABBVIE LOGISTICS (FORMERLY ABBOTT LOGISTICS BV),"Lopinavir/Ritonavir 200/50mg [Aluvia], tablets, 120 Tabs",Lopinavir/Ritonavir,Aluvia,200/50mg,Tablet,ABBVIE Ludwigshafen Germany,3719,120,1470,60417,41.1,0.34,118.42,362,2490.67,TRUE,4/15/09,4/15/09,,3/6/09
116-ZA-T01,Pre-PQ Process,SCMS-40780,ASN-3607,South Africa,PMO - US,Direct Drop,DDP,Air,ARV,Adult,S. BUYS WHOLESALER,"Stavudine 15mg [Zerit], capsules, 60 Caps",Stavudine,Zerit,15mg,Capsule,"BMS Meymac, France",3735,60,1000,3970,3.97,0.07,7.78,,,FALSE,3/17/09,11/28/08,,
116-ZA-T01,Pre-PQ Process,SCMS-40780,ASN-3607,South Africa,PMO - US,Direct Drop,DDP,Air,ARV,Adult,S. BUYS WHOLESALER,"Stavudine 30mg, capsules, 60 Caps",Stavudine,Generic,30mg,Capsule,"Aurobindo Unit III, India",3736,60,3675,9371.25,2.55,0.04,18.37,,,FALSE,3/17/09,11/28/08,,
116-ZA-T01,Pre-PQ Process,SCMS-40790,ASN-3575,South Africa,PMO - US,Direct Drop,DDP,Air,ARV,Pediatric,S. BUYS WHOLESALER,"Efavirenz 200mg, capsule, 90 Caps",Efavirenz,Generic,200mg,Capsule,"Aurobindo Unit III, India",3737,90,824,15515.92,18.83,0.21,30.41,,,FALSE,3/24/09,12/1/08,,
116-ZA-T01,Pre-PQ Process,SCMS-40820,ASN-3609,South Africa,PMO - US,Direct Drop,DDP,Air,ARV,Adult,S. BUYS WHOLESALER,"Nevirapine 200mg [Viramune], tablets, 60 Tabs",Nevirapine,Viramune,200mg,Tablet,"Boehringer Ing., Koropi, GR",3738,60,10560,163046.4,15.44,0.26,319.57,,,TRUE,4/14/09,12/4/08,,
116-ZA-T01,Pre-PQ Process,SCMS-40890,ASN-3585,South Africa,PMO - US,Direct Drop,DDP,Air,ARV,Adult,S. BUYS WHOLESALER,"Lamivudine 150mg [Epivir], tablets, 60 Tabs",Lamivudine,Epivir,150mg,Tablet,GSK Cape Town Factory (South Africa),3739,60,10000,56800,5.68,0.09,111.33,,,TRUE,5/19/09,1/2/09,,
116-ZA-T01,Pre-PQ Process,SCMS-41040,ASN-3623,South Africa,PMO - US,Direct Drop,DDP,Air,ARV,Adult,S. BUYS WHOLESALER,"Nevirapine 200mg [Viramune], tablets, 60 Tabs",Nevirapine,Viramune,200mg,Tablet,"Boehringer Ing., Koropi, GR",3743,60,1560,23649.6,15.16,0.25,46.35,,,FALSE,4/7/09,12/3/08,,
116-ZA-T01,Pre-PQ Process,SCMS-41050,ASN-3635,South Africa,PMO - US,Direct Drop,DDP,Air,ARV,Pediatric,S. BUYS WHOLESALER,"Efavirenz 50mg [Stocrin/Sustiva], capsule, 30 Caps",Efavirenz,Stocrin/Sustiva,50mg,Capsule,"MSD Midrand, J'burg, SA",3745,30,360,849.6,2.36,0.08,1.67,,4230.75,TRUE,4/21/09,12/5/08,,
116-ZA-T01,Pre-PQ Process,SCMS-41080,ASN-3637,South Africa,PMO - US,Direct Drop,DDP,Air,ARV,Pediatric,S. BUYS WHOLESALER,"Stavudine 1mg/ml, powder for oral solution, 200 ml",Stavudine,Generic,1mg/ml,Oral solution,"Aurobindo Unit III, India",3746,200,3000,5970,1.99,0.01,11.7,,,TRUE,5/26/09,1/22/09,,
116-ZA-T01,Pre-PQ Process,SCMS-41100,ASN-4018,South Africa,PMO - US,Direct Drop,DDP,Air,ARV,Adult,S. BUYS WHOLESALER,"Zidovudine 300mg, tablets, 60 Tabs",Zidovudine,Generic,300mg,Tablet,"Aurobindo Unit III, India",3747,60,1977,23091.36,11.68,0.19,45.26,,,TRUE,6/17/09,4/3/09,,3/13/09
116-ZA-T01,Pre-PQ Process,SCMS-41100,ASN-4670,South Africa,PMO - US,Direct Drop,DDP,Air,ARV,Adult,S. BUYS WHOLESALER,"Efavirenz 600mg, tablets, 30 Tabs",Efavirenz,Generic,600mg,Tablet,"Aurobindo Unit III, India",3748,30,282,4314.6,15.3,0.51,8.46,,,TRUE,6/17/09,4/17/09,,3/13/09
116-ZA-T01,Pre-PQ Process,SCMS-41140,ASN-3752,South Africa,PMO - US,Direct Drop,DDP,Air,ARV,Pediatric,S. BUYS WHOLESALER,"Nevirapine 10mg/ml [Viramune], oral suspension, Bottle, 240 ml",Nevirapine,Viramune,10mg/ml,Oral suspension,"BI, Ingelheim, Germany",3749,240,30,312.6,10.42,0.04,0.61,,,FALSE,3/31/09,11/21/08,,
116-ZA-T01,Pre-PQ Process,SCMS-41190,ASN-3732,South Africa,PMO - US,Direct Drop,DDP,Air,ARV,Adult,S. BUYS WHOLESALER,"Didanosine EC 400mg [Videx EC], delayed-release capsules, Blister 3 x 10 Caps",Didanosine EC,Videx EC,400mg,Delayed-release capsules - blister,"BMS Meymac, France",3751,30,60,1095,18.25,0.61,2.15,,,FALSE,3/30/09,1/21/09,,
116-ZA-T01,Pre-PQ Process,SCMS-41190,ASN-3732,South Africa,PMO - US,Direct Drop,DDP,Air,ARV,Pediatric,S. BUYS WHOLESALER,"Zidovudine 10mg/ml [Retrovir], solution for IV infusion injection, Vial 5 x 20 ml",Zidovudine,Retrovir,10mg/ml,Injection,GSK Ware (UK),3752,5,10,125.1,12.51,2.5,0.25,,,FALSE,3/30/09,1/21/09,,
116-ZA-T01,Pre-PQ Process,SCMS-41210,ASN-3737,South Africa,PMO - US,Direct Drop,DDP,Air,ARV,Adult,S. BUYS WHOLESALER,"Saquinavir 200mg [Invirase], capsules, 270 Caps",Saquinavir,Invirase,200mg,Capsule,Roche Basel,3753,270,2,114.9,57.45,0.21,0.23,,,TRUE,3/30/09,1/23/09,,
116-ZA-T01,Pre-PQ Process,SCMS-41220,ASN-3739,South Africa,PMO - US,Direct Drop,DDP,Air,ARV,Adult,S. BUYS WHOLESALER,"Ritonavir 100mg [Norvir], capsules, cool, 84 Caps",Ritonavir,Norvir,100mg,Capsule,ABBVIE (Abbott) Logis. UK,3754,84,20,147,7.35,0.09,0.29,,,TRUE,3/30/09,1/23/09,,
116-ZA-T01,Pre-PQ Process,SCMS-41461,ASN-4360,South Africa,PMO - US,Direct Drop,DDP,Air,ARV,Pediatric,S. BUYS WHOLESALER,"Zidovudine 10mg/ml [Retrovir], solution for IV infusion injection, Vial 5 x 20 ml",Zidovudine,Retrovir,10mg/ml,Injection,GSK Ware (UK),3763,5,334,4559.1,13.65,2.73,8.94,,,TRUE,6/25/09,4/20/09,,3/18/09
116-ZA-T01,Pre-PQ Process,SCMS-41582,ASN-4304,South Africa,PMO - US,Direct Drop,DDP,Air,ARV,Adult,S. BUYS WHOLESALER,"Efavirenz 600mg, tablets, 30 Tabs",Efavirenz,Generic,600mg,Tablet,"Aurobindo Unit III, India",3767,30,3500,44170,12.62,0.42,86.57,,,TRUE,6/25/09,4/8/09,,3/27/09
116-ZA-T01,Pre-PQ Process,SCMS-41582,ASN-4304,South Africa,PMO - US,Direct Drop,DDP,Air,ARV,Pediatric,S. BUYS WHOLESALER,"Efavirenz 200mg, capsule, 90 Caps",Efavirenz,Generic,200mg,Capsule,"Aurobindo Unit III, India",3768,90,2000,43360,21.68,0.24,84.99,,,FALSE,6/25/09,4/8/09,,3/27/09
116-ZA-T01,Pre-PQ Process,SCMS-41583,ASN-4339,South Africa,PMO - US,Direct Drop,DDP,Air,ARV,Adult,S. BUYS WHOLESALER,"Lopinavir/Ritonavir 200/50mg [Aluvia], tablets, 120 Tabs",Lopinavir/Ritonavir,Aluvia,200/50mg,Tablet,ABBVIE Ludwigshafen Germany,3769,120,1400,49532,35.38,0.29,97.08,,,TRUE,6/25/09,4/9/09,,3/27/09
116-ZA-T01,Pre-PQ Process,SCMS-41583,ASN-4339,South Africa,PMO - US,Direct Drop,DDP,Air,ARV,Adult,S. BUYS WHOLESALER,"Stavudine 15mg [Zerit], capsules, 60 Caps",Stavudine,Zerit,15mg,Capsule,"BMS Meymac, France",3770,60,1800,7110,3.95,0.07,13.94,,,FALSE,6/25/09,4/9/09,,3/27/09
116-ZA-T01,Pre-PQ Process,SCMS-41585,ASN-4386,South Africa,PMO - US,Direct Drop,DDP,Air,ARV,Pediatric,S. BUYS WHOLESALER,"Zidovudine 100mg [Retrovir], capsules, 100 Caps",Zidovudine,Retrovir,100mg,Capsule,GSK Crawley,3771,100,800,9888,12.36,0.12,19.38,,,TRUE,6/25/09,4/21/09,,3/27/09
116-ZA-T01,Pre-PQ Process,SCMS-41580,ASN-4603,South Africa,PMO - US,Direct Drop,DDP,Truck,ARV,Adult,S. BUYS WHOLESALER,"Lamivudine 150mg, tablets, 60 Tabs",Lamivudine,Generic,150mg,Tablet,"Aurobindo Unit III, India",3772,60,36,254.88,7.08,0.12,0.5,,,TRUE,6/25/09,6/5/09,,3/27/09
144-BW-T01,Pre-PQ Process,SCMS-41880,ASN-4323,Botswana,PMO - US,Direct Drop,EXW,Air,HRDT,HIV test,Orasure Technologies Inc.,"HIV 1/2, OraQuick Advance HIV Rapid Antibody Kit, 100 Tests","HIV 1/2, OraQuick Advance HIV Rapid Antibody Kit",OraQuick,N/A,Test kit,"Pacific Biotech, Thailand",3781,100,20,7000,350,3.5,13.72,48,684.42,TRUE,7/10/09,7/10/09,,3/25/09
116-ZA-T01,Pre-PQ Process,SCMS-47350,ASN-4287,South Africa,PMO - US,Direct Drop,DDP,Truck,ARV,Pediatric,S. BUYS WHOLESALER,"Zidovudine 100mg [Retrovir], capsules, 100 Caps",Zidovudine,Retrovir,100mg,Capsule,GSK Crawley,3787,100,30,371.1,12.37,0.12,0.73,,,TRUE,5/15/09,5/4/09,,4/2/09
102-KE-T01,Pre-PQ Process,SCMS-42961,ASN-4648,Kenya,PMO - US,Direct Drop,EXW,Air,HRDT,HIV test,"Orgenics, Ltd","HIV 1/2, Determine Complete HIV Kit, 100 Tests","HIV 1/2, Determine Complete HIV Kit",Determine,N/A,Test kit,Inverness Japan,3808,100,7500,600000,80,0.8,1176,2215,17974.65,TRUE,8/7/09,8/28/09,,5/14/09
107-RW-T01,Pre-PQ Process,SCMS-43870,ASN-4687,Rwanda,PMO - US,Direct Drop,CIP,Air,ARV,Adult,MYLAN LABORATORIES LTD (FORMERLY MATRIX LABORATORIES),"Lamivudine/Nevirapine/Zidovudine 150/200/300mg, tablets, 60 Tabs",Lamivudine/Nevirapine/Zidovudine,Generic,150/300/200mg,Tablet - FDC,Mylan (formerly Matrix) Nashik,3828,60,54432,641753.25,11.79,0.2,1257.84,7278,61925.7,TRUE,9/21/09,9/21/09,,4/15/09
139-NA-T01,Pre-PQ Process,SCMS-44720,ASN-4047,Namibia,PMO - US,Direct Drop,EXW,Air,HRDT,HIV test,"Orgenics, Ltd","HIV 1/2, Determine HIV Kit, without Lancets, 100 Tests","HIV 1/2, Determine HIV Kit, without Lancets",Determine,N/A,Test kit,Inverness Japan,3839,100,180,12600,70,0.7,24.7,43,2760.11,TRUE,5/20/09,5/20/09,,4/20/09
104-CI-T01,Pre-PQ Process,SCMS-44820,ASN-4594,Côte d'Ivoire,PMO - US,Direct Drop,CIP,Air,ARV,Adult,GLAXOSMITHKLINE EXPORT LIMITED,"Abacavir/Lamivudine/Zidovudine 300/150/300mg [Trizivir], tablets, 60 Tabs",Abacavir/Lamivudine/Zidovudine,Trizivir,300/150/300mg,Tablet - FDC,GSK Ware (UK),3840,60,2048,109998.08,53.71,0.9,215.6,,,TRUE,8/11/09,8/11/09,,4/24/09
108-VN-T01,Pre-PQ Process,SCMS-45000,ASN-4371,Vietnam,PMO - US,Direct Drop,EXW,Air,ARV,Adult,CIPLA LIMITED,"Lamivudine/Nevirapine/Stavudine 150/200/30mg, tablets, 60 Tabs",Lamivudine/Nevirapine/Stavudine,Generic,150/200/30mg,Tablet - FDC,"Cipla, Goa, India",3846,60,35616,240408,6.75,0.11,471.2,3479,10048.1,TRUE,7/21/09,7/21/09,,4/29/09
108-VN-T01,Pre-PQ Process,SCMS-45020,ASN-4403,Vietnam,PMO - US,Direct Drop,EXW,Air,ARV,Adult,MYLAN LABORATORIES LTD (FORMERLY MATRIX LABORATORIES),"Efavirenz 600mg, tablets, 30 Tabs",Efavirenz,Generic,600mg,Tablet,Mylan (formerly Matrix) Nashik,3848,30,6552,42588,6.5,0.22,83.47,524,4453.71,TRUE,8/3/09,8/3/09,,4/29/09
108-VN-T01,Pre-PQ Process,SCMS-45070,ASN-4419,Vietnam,PMO - US,Direct Drop,EXW,Air,ARV,Adult,Aurobindo Pharma Limited,"Stavudine 30mg, capsules, 60 Caps",Stavudine,Generic,30mg,Capsule,"Aurobindo Unit III, India",3851,60,15960,23142,1.45,0.02,45.36,1815,9931.49,TRUE,7/10/09,7/10/09,,4/29/09
108-VN-T01,Pre-PQ Process,SCMS-45070,ASN-4419,Vietnam,PMO - US,Direct Drop,EXW,Air,ARV,Adult,Aurobindo Pharma Limited,"Lamivudine/Nevirapine/Zidovudine 150/200/300mg, tablets, 60 Tabs",Lamivudine/Nevirapine/Zidovudine,Generic,150/300/200mg,Tablet - FDC,"Aurobindo Unit III, India",3852,60,3500,39025,11.15,0.19,76.49,,,FALSE,7/10/09,7/10/09,,4/29/09
102-BW-T01,Pre-PQ Process,SCMS-46070,ASN-4144,Botswana,PMO - US,Direct Drop,EXW,Air,HRDT,HIV test,Orasure Technologies Inc.,"HIV 1/2, OraQuick Advance HIV Rapid Antibody Kit, 100 Tests","HIV 1/2, OraQuick Advance HIV Rapid Antibody Kit",OraQuick,N/A,Test kit,"Pacific Biotech, Thailand",3870,100,1,350,350,3.5,0.69,3,597.43,TRUE,6/12/09,6/12/09,,5/27/09
108-VN-T01,Pre-PQ Process,SCMS-46540,ASN-4487,Vietnam,PMO - US,Direct Drop,CIP,Air,ARV,Pediatric,BRISTOL-MYERS SQUIBB,"Didanosine 25mg [Videx], chewable tablets, 60 Tabs",Didanosine,Videx,25mg,Chewable/dispersible tablet,"BMS Meymac, France",3880,60,120,840,7,0.12,1.65,,,TRUE,7/23/09,7/23/09,,5/27/09
116-ZA-T01,Pre-PQ Process,SCMS-47050,ASN-4819,South Africa,PMO - US,Direct Drop,DDP,Truck,ARV,Adult,S. BUYS WHOLESALER,"Nevirapine 200mg [Viramune], tablets, 60 Tabs",Nevirapine,Viramune,200mg,Tablet,"Boehringer Ing., Koropi, GR",3894,60,360,7041.6,19.56,0.33,13.8,,,TRUE,10/12/09,7/21/09,,6/5/09
116-ZA-T01,Pre-PQ Process,SCMS-47050,ASN-4819,South Africa,PMO - US,Direct Drop,DDP,Truck,ARV,Adult,S. BUYS WHOLESALER,"Didanosine EC 250mg [Videx EC], delayed-release capsules, Blister 3 x 10 Caps",Didanosine EC,Videx EC,250mg,Delayed-release capsules - blister,"BMS Meymac, France",3895,30,40,678.8,16.97,0.57,1.33,,,FALSE,10/12/09,7/21/09,,6/5/09
116-ZA-T01,Pre-PQ Process,SCMS-47051,ASN-4836,South Africa,PMO - US,Direct Drop,DDP,Truck,ARV,Adult,S. BUYS WHOLESALER,"Zidovudine 300mg [Retrovir], tablets, 60 Tabs",Zidovudine,Retrovir,300mg,Tablet,GSK Ware (UK),3896,60,200,3136,15.68,0.26,6.15,,,FALSE,10/12/09,7/28/09,,6/5/09
116-ZA-T01,Pre-PQ Process,SCMS-47051,ASN-4836,South Africa,PMO - US,Direct Drop,DDP,Truck,ARV,Pediatric,S. BUYS WHOLESALER,"Nevirapine 10mg/ml, oral suspension, Bottle, 240 ml",Nevirapine,Generic,10mg/ml,Oral suspension,"Aurobindo Unit III, India",3897,240,30,328.2,10.94,0.05,0.64,,,FALSE,10/12/09,7/28/09,,6/5/09
116-ZA-T01,Pre-PQ Process,SCMS-47051,ASN-4836,South Africa,PMO - US,Direct Drop,DDP,Truck,ARV,Adult,S. BUYS WHOLESALER,"Saquinavir 200mg [Invirase], capsules, 270 Caps",Saquinavir,Invirase,200mg,Capsule,Roche Basel,3898,270,30,2298,76.6,0.28,4.5,,,FALSE,10/12/09,7/28/09,,6/5/09
116-ZA-T01,Pre-PQ Process,SCMS-47070,ASN-4940,South Africa,PMO - US,Direct Drop,DDP,Truck,ARV,Adult,S. BUYS WHOLESALER,"Tenofovir Disoproxil Fumarate 300mg [Viread], tablets, 30 Tabs",Tenofovir Disoproxil Fumarate,Viread,300mg,Tablet,"Aspen-OSD, Port Elizabeth, SA",3899,30,300,7440,24.8,0.83,14.58,,,TRUE,9/8/09,8/31/09,,6/5/09
100-CI-T01,Pre-PQ Process,SCMS-2,ASN-4,Côte d'Ivoire,PMO - US,Direct Drop,EXW,Air,HRDT,HIV test,OMEGA DIAGNOSTICS LTD,"HIV 1/2, Visitect Kit, 25 Tests","HIV 1/2, Visitect Kit",Visitect,N/A,Test kit,"OMEGA Diagnostics, UK",3926,25,44,1375,31.25,1.25,,15,633.73,TRUE,5/10/06,5/10/06,,
114-UG-T01,Pre-PQ Process,SCMS-157,ASN-127,Uganda,PMO - US,Direct Drop,EXW,Air,ARV,Adult,Aurobindo Pharma Limited,"Lamivudine/Zidovudine 150/300mg, tablets, 60 Tabs",Lamivudine/Zidovudine,Generic,150/300mg,Tablet - FDC,"Aurobindo Unit III, India",3955,60,5080,55880,11,0.18,,1172,5595.44,TRUE,12/21/06,12/21/06,,
108-VN-T01,Pre-PQ Process,SCMS-171,ASN-294,Vietnam,PMO - US,Direct Drop,FCA,Air,ARV,Adult,Hoffmann-La Roche ltd Basel,"Nelfinavir (as mesilate) 250mg [Viracept], tablets, 270 Tabs",Nelfinavir (as mesilate),Viracept,250mg,Tablet,Roche Madrid,3956,270,200,32688,163.44,0.61,,54,13981.96,TRUE,3/27/07,3/27/07,,11/13/06
107-RW-T01,Pre-PQ Process,SCMS-288,ASN-170,Rwanda,PMO - US,Direct Drop,EXW,Air,HRDT,HIV test,Premier Medical Corporation Ltd.,"HIV 1/2/O, First Response HIV 1-2.0, v.3.0 Cards Kit, 30 Tests","HIV 1/2/O, First Response HIV 1-2.0, v.3.0 Cards Kit",First Response,N/A,Test kit,Premier Med. Corp Ltd. India,3970,30,2000,42000,21,0.7,,600,5714.31,TRUE,1/17/07,1/17/07,,12/28/06
107-RW-T01,Pre-PQ Process,SCMS-290,ASN-191,Rwanda,PMO - US,Direct Drop,EXW,Air,HRDT,HIV test,"Trinity Biotech, Plc","HIV 1/2, Uni-Gold HIV Kit, 20 Tests","HIV 1/2, Uni-Gold HIV Kit",Uni-Gold,N/A,Test kit,"Trinity Biotech, Plc",3971,20,500,20000,40,2,,173,17928.53,TRUE,1/25/07,3/9/07,,12/29/06
110-ZM-T01,Pre-PQ Process,SCMS-291,ASN-161,Zambia,PMO - US,Direct Drop,EXW,Air,HRDT,HIV test,Abbott GmbH & Co. KG,"HIV 1/2, Determine Complete HIV Kit, 100 Tests","HIV 1/2, Determine Complete HIV Kit",Determine,N/A,Test kit,ABBVIE GmbH & Co.KG Wiesbaden,3972,100,2500,200000,80,0.8,,857354,5157.65,TRUE,11/20/06,11/20/06,,
110-ZM-T01,Pre-PQ Process,SCMS-352,ASN-200,Zambia,PMO - US,Direct Drop,EXW,Air,HRDT,HIV test,"Standard Diagnostics, Inc.","HIV 1/2, Bioline 3.0 Kit, Lancets, Capillary pipets, Alcohol swabs included, 25 Tests","HIV 1/2, Bioline 3.0 Kit, Lancets, Capillary pipets, Alcohol swabs included",Bioline,N/A,Test kit,"Standard Diagnostics, Korea",3976,25,400,8000,20,0.8,,134,963.73,TRUE,2/20/07,2/20/07,,
100-HT-T01,Pre-PQ Process,SCMS-540,ASN-362,Haiti,PMO - US,Direct Drop,EXW,Air,HRDT,HIV test,"Trinity Biotech, Plc","HIV 1/2, Capillus HIV Kit, 100 Tests","HIV 1/2, Capillus HIV Kit",Capillus,N/A,Test kit,"Trinity Biotech, Plc",3989,100,125,17375,139,1.39,,78,4702.79,TRUE,5/8/07,5/8/07,,4/4/07
102-NG-T01,Pre-PQ Process,SCMS-592,ASN-528,Nigeria,PMO - US,Direct Drop,EXW,Air,HRDT,HIV test,Abbott GmbH & Co. KG,"HIV 1/2, Determine Complete HIV Kit, 100 Tests","HIV 1/2, Determine Complete HIV Kit",Determine,N/A,Test kit,ABBVIE GmbH & Co.KG Wiesbaden,3992,100,1500,120000,80,0.8,192,512,3906.29,TRUE,6/19/07,8/6/07,,5/13/07
108-VN-T01,Pre-PQ Process,SCMS-749,ASN-737,Vietnam,PMO - US,Direct Drop,EXW,Air,ARV,Adult,Aurobindo Pharma Limited,"Abacavir 300mg, tablets, 60 Tabs",Abacavir,Generic,300mg,Tablet,"Aurobindo Unit III, India",4020,60,1500,41475,27.65,0.46,66.36,,,FALSE,10/2/07,10/2/07,,7/3/07
108-VN-T01,Pre-PQ Process,SCMS-762,ASN-634,Vietnam,PMO - US,Direct Drop,FCA,Air,ARV,Adult,ABBVIE LOGISTICS (FORMERLY ABBOTT LOGISTICS BV),"Lopinavir/Ritonavir 200/50mg [Aluvia], tablets, 120 Tabs",Lopinavir/Ritonavir,Aluvia,200/50mg,Tablet,ABBVIE Ludwigshafen Germany,4021,120,1000,82190,82.19,0.68,131.5,226,2923.46,TRUE,9/10/07,9/10/07,,7/4/07
102-GY-T01,Pre-PQ Process,SCMS-767,ASN-607,Guyana,PMO - US,Direct Drop,EXW,Air,HRDT,HIV test - Ancillary,"Orgenics, Ltd","HIV, Lancet, Safety, for HIV Test kits, 100 Pcs","HIV, Lancet, Safety, for HIV Test kits, 100 Pcs",Generic,N/A,Test kit - Ancillary,Inverness Japan,4023,100,300,3,0.01,0,0,,,TRUE,8/9/07,8/9/07,,7/25/07
104-CI-T01,Pre-PQ Process,SCMS-785,ASN-652,Côte d'Ivoire,PMO - US,Direct Drop,CIP,Air,ARV,Adult,BRISTOL-MYERS SQUIBB,"Stavudine 20mg [Zerit], capsules, 60 Caps",Stavudine,Zerit,20mg,Capsule,"BMS Meymac, France",4025,60,1161,6548.04,5.64,0.09,10.48,,,TRUE,8/27/07,8/27/07,,7/11/07
109-TZ-T01,Pre-PQ Process,SCMS-10260,ASN-698,Tanzania,PMO - US,Direct Drop,EXW,Air,HRDT,HIV test,"Standard Diagnostics, Inc.","HIV 1/2, Bioline 3.0 Kit, Lancets, Capillary pipets, Alcohol swabs included, 25 Tests","HIV 1/2, Bioline 3.0 Kit, Lancets, Capillary pipets, Alcohol swabs included",Bioline,N/A,Test kit,"Standard Diagnostics, Korea",4044,25,10000,200000,20,0.8,320,3338,28466.06,TRUE,10/16/07,10/16/07,,
109-TZ-T01,Pre-PQ Process,SCMS-10340,ASN-2700,Tanzania,PMO - US,Direct Drop,EXW,Air,HRDT,HIV test,"Standard Diagnostics, Inc.","HIV 1/2, Bioline 3.0 Kit, Lancets, Capillary pipets, Alcohol swabs included, 25 Tests","HIV 1/2, Bioline 3.0 Kit, Lancets, Capillary pipets, Alcohol swabs included",Bioline,N/A,Test kit,"Standard Diagnostics, Korea",4045,25,10000,200000,20,0.8,392,3112,22856.02,TRUE,11/19/08,11/19/08,,9/17/08
102-GY-T01,Pre-PQ Process,SCMS-11650,ASN-834,Guyana,PMO - US,Direct Drop,EXW,Air,HRDT,HIV test - Ancillary,"Orgenics, Ltd","HIV, Lancet, Safety, for HIV Test kits, 100 Pcs","HIV, Lancet, Safety, for HIV Test kits, 100 Pcs",Generic,N/A,Test kit - Ancillary,Inverness Japan,4085,100,442,4.42,0.01,0,0.01,,,TRUE,9/21/07,9/21/07,,8/28/07
104-CI-T01,Pre-PQ Process,SCMS-12370,ASN-823,Côte d'Ivoire,PMO - US,Direct Drop,EXW,Air,HRDT,HIV test,"CHEMBIO DIAGNOSTIC SYSTEMS, INC.","HIV 1/2, Stat-Pak HIV, Kit, 20 Tests","HIV 1/2, Stat-Pak HIV, Kit",Stat-Pak,N/A,Test kit,Chembio Diagnostics Sys. Inc.,4100,20,250,6750,27,1.35,10.8,68,1711.86,TRUE,10/25/07,10/25/07,,9/18/07
116-ZA-T01,Pre-PQ Process,SCMS-14050,ASN-1251,South Africa,PMO - US,Direct Drop,DDP,N/A,ARV,Adult,"JSI R&T INSTITUTE, INC.","Zidovudine 300mg [Retrovir], tablets, 60 Tabs",Zidovudine,Retrovir,300mg,Tablet,GSK Aranda,4189,60,800,15408,19.26,0.32,24.65,,,FALSE,1/29/08,1/29/08,,11/12/07
116-ZA-T01,Pre-PQ Process,SCMS-14050,ASN-1252,South Africa,PMO - US,Direct Drop,DDP,N/A,ARV,Adult,"JSI R&T INSTITUTE, INC.","Stavudine 30mg [Zerit], capsules, 60 Caps",Stavudine,Zerit,30mg,Capsule,"BMS Meymac, France",4190,60,800,4792,5.99,0.1,7.67,,,TRUE,1/29/08,1/24/07,,11/12/07
107-RW-T01,Pre-PQ Process,SCMS-14140,ASN-1028,Rwanda,PMO - US,Direct Drop,EXW,Air,HRDT,HIV test,"Trinity Biotech, Plc","HIV 1/2, Uni-Gold HIV Kit, 20 Tests","HIV 1/2, Uni-Gold HIV Kit",Uni-Gold,N/A,Test kit,"Trinity Biotech, Plc",4192,20,2450,78400,32,1.6,125.44,,,FALSE,1/10/08,1/10/08,,11/16/07
107-RW-T01,Pre-PQ Process,SCMS-14221,ASN-1595,Rwanda,PMO - US,Direct Drop,CIP,Air,ARV,Adult,CIPLA LIMITED,"Lamivudine/Nevirapine/Stavudine 150/200/30mg, tablets, 60 Tabs",Lamivudine/Nevirapine/Stavudine,Generic,150/200/30mg,Tablet - FDC,"Cipla, Goa, India",4193,60,38784,271488,7,0.12,434.38,4124,10500,TRUE,4/28/08,4/22/08,,11/21/07
108-VN-T01,Pre-PQ Process,SCMS-14211,ASN-1341,Vietnam,PMO - US,Direct Drop,FCA,Air,ARV,Adult,ABBVIE LOGISTICS (FORMERLY ABBOTT LOGISTICS BV),"Lopinavir/Ritonavir 200/50mg [Aluvia], tablets, 120 Tabs",Lopinavir/Ritonavir,Aluvia,200/50mg,Tablet,ABBVIE Ludwigshafen Germany,4198,120,2000,164400,82.2,0.68,263.04,513,5866.31,TRUE,1/22/08,3/7/08,,12/6/07
108-VN-T01,Pre-PQ Process,SCMS-14930,ASN-1231,Vietnam,PMO - US,Direct Drop,EXW,Air,ARV,Adult,Aurobindo Pharma Limited,"Stavudine 20mg, capsules, 60 Caps",Stavudine,Generic,20mg,Capsule,"Aurobindo Unit III, India",4215,60,800,1400,1.75,0.03,2.24,,,FALSE,1/22/08,1/22/08,,12/5/07
116-ZA-T01,Pre-PQ Process,SCMS-16600,ASN-1520,South Africa,PMO - US,Direct Drop,DDP,N/A,ARV,Adult,"JSI R&T INSTITUTE, INC.","Nevirapine 200mg [Viramune], tablets, 60 Tabs",Nevirapine,Viramune,200mg,Tablet,"BI, Ingelheim, Germany",4257,60,100,2318,23.18,0.39,3.71,,,FALSE,1/21/08,1/4/08,,1/4/08
116-ZA-T01,Pre-PQ Process,SCMS-16600,ASN-1520,South Africa,PMO - US,Direct Drop,DDP,N/A,ARV,Adult,"JSI R&T INSTITUTE, INC.","Zidovudine 300mg [Retrovir], tablets, 60 Tabs",Zidovudine,Retrovir,300mg,Tablet,GSK Aranda,4258,60,800,13960,17.45,0.29,22.34,,,FALSE,1/21/08,1/4/08,,1/4/08
116-ZA-T01,Pre-PQ Process,SCMS-16600,ASN-1520,South Africa,PMO - US,Direct Drop,DDP,N/A,ARV,Pediatric,"JSI R&T INSTITUTE, INC.","Lamivudine 10mg/ml [Epivir], oral solution, Bottle, 240 ml",Lamivudine,Epivir,10mg/ml,Oral solution,GSK Mississauga (Canada),4259,240,300,2049,6.83,0.03,3.28,,,FALSE,1/21/08,1/4/08,,1/4/08
106-HT-T01,Pre-PQ Process,SCMS-17670,ASN-1519,Haiti,PMO - US,Direct Drop,FCA,Air,ARV,Pediatric,ABBVIE LOGISTICS (FORMERLY ABBOTT LOGISTICS BV),"Lopinavir/Ritonavir 100/25mg [Aluvia], tablets, 60 Tabs",Lopinavir/Ritonavir,Generic,100/25mg,Tablet,ABBVIE Ludwigshafen Germany,4283,60,180,1850.4,10.28,0.17,2.96,31,910.86,TRUE,4/11/08,4/11/08,,2/15/08
116-ZA-T01,Pre-PQ Process,SCMS-17720,ASN-1530,South Africa,PMO - US,Direct Drop,DDP,Truck,ARV,Adult,"JSI R&T INSTITUTE, INC.","Didanosine EC 400mg [Videx EC], delayed-release capsules, Blister 3 x 10 Caps",Didanosine EC,Videx EC,400mg,Delayed-release capsules - blister,"BMS Meymac, France",4290,30,800,21720,27.15,0.9,34.75,,,TRUE,2/5/08,2/4/08,,1/21/08
110-ZM-T01,Pre-PQ Process,SCMS-18240,ASN-1788,Zambia,PMO - US,Direct Drop,EXW,Air,HRDT,HIV test,"Orgenics, Ltd","HIV 1/2, Determine HIV Kit, without Lancets, 100 Tests","HIV 1/2, Determine HIV Kit, without Lancets",Determine,N/A,Test kit,Inverness Japan,4301,100,4300,309557,71.99,0.72,495.29,979,8690.26,TRUE,6/6/08,6/6/08,,2/29/08
104-CI-T01,Pre-PQ Process,SCMS-18280,ASN-1550,Côte d'Ivoire,PMO - US,Direct Drop,EXW,Air,HRDT,HIV test,BIO-RAD LABORATORIES (FRANCE),"#108853** HIV, Genie II HIV-1/HIV-2 Kit, 40 Tests","HIV, Genie II HIV-1/HIV-2 Kit",Genie,N/A,Test kit,Bio-Rad Laboratories,4302,40,476,36176,76,1.9,57.88,522,6924.83,TRUE,4/14/08,4/17/08,,2/27/08
107-RW-T01,Pre-PQ Process,SCMS-18350,ASN-1401,Rwanda,PMO - US,Direct Drop,EXW,Air,HRDT,HIV test,"Trinity Biotech, Plc","HIV 1/2, Uni-Gold HIV Kit, 20 Tests","HIV 1/2, Uni-Gold HIV Kit",Uni-Gold,N/A,Test kit,"Trinity Biotech, Plc",4303,20,3150,100800,32,1.6,161.28,1080,15987.05,TRUE,7/11/08,7/11/08,,2/26/08
104-CI-T01,Pre-PQ Process,SCMS-18460,ASN-2449,Côte d'Ivoire,PMO - US,Direct Drop,EXW,Air,HRDT,HIV test,"Orgenics, Ltd","HIV 1/2, Determine HIV Kit, without Lancets, 100 Tests","HIV 1/2, Determine HIV Kit, without Lancets",Determine,N/A,Test kit,Inverness Japan,4311,100,1116,78120,70,0.7,124.99,256,4014.57,TRUE,9/26/08,9/26/08,,2/29/08
102-GY-T01,Pre-PQ Process,SCMS-18510,ASN-2006,Guyana,PMO - US,Direct Drop,EXW,Air,HRDT,HIV test,"Trinity Biotech, Plc","HIV 1/2, Uni-Gold HIV Kit, 20 Tests","HIV 1/2, Uni-Gold HIV Kit",Uni-Gold,N/A,Test kit,"Trinity Biotech, Plc",4312,20,1062,33984,32,1.6,54.37,362,4717.51,TRUE,7/21/08,7/21/08,,2/28/08
102-BW-T01,Pre-PQ Process,SCMS-18730,ASN-1609,Botswana,PMO - US,Direct Drop,EXW,Air,HRDT,HIV test - Ancillary,"Orgenics, Ltd","HIV, Lancet, Safety, for HIV Test kits, 100 Pcs","HIV, Lancet, Safety, for HIV Test kits, 100 Pcs",Generic,N/A,Test kit - Ancillary,Inverness Japan,4321,100,200,2,0.01,0,0,,,TRUE,6/23/08,6/23/08,,3/11/08
129-KG-T01,Pre-PQ Process,SCMS-19110,ASN-1801,Kyrgyzstan,PMO - US,Direct Drop,DDP,Air,HRDT,HIV test,"Orgenics, Ltd","HIV 1/2, DoubleCheck II Kit, 40 Tests","HIV 1/2, DoubleCheck II Kit",DoubleCheck,N/A,Test kit,Not Applicable,4331,40,500,39500,79,1.98,63.2,,,TRUE,6/14/08,6/14/08,,3/18/08
119-NA-T01,Pre-PQ Process,SCMS-19130,ASN-1787,Namibia,PMO - US,Direct Drop,EXW,Air,HRDT,HIV test - Ancillary,"Orgenics, Ltd","HIV, Lancet, Safety, for HIV Test kits, 100 Pcs","HIV, Lancet, Safety, for HIV Test kits, 100 Pcs",Generic,N/A,Test kit - Ancillary,Inverness Japan,4333,100,142,1.42,0.01,0,0,,,TRUE,6/4/08,6/4/08,,3/18/08
116-ZA-T01,Pre-PQ Process,SCMS-19800,ASN-1665,South Africa,PMO - US,Direct Drop,DDP,Truck,ARV,Pediatric,S. BUYS WHOLESALER,"Lamivudine 10mg/ml [Epivir], oral solution, Bottle, 240 ml",Lamivudine,Epivir,10mg/ml,Oral solution,GSK Mississauga (Canada),4347,240,1000,6410,6.41,0.03,10.26,,,FALSE,4/24/08,4/24/08,,2/20/08
108-VN-T01,Pre-PQ Process,SCMS-20181,ASN-2023,Vietnam,PMO - US,Direct Drop,EXW,Air,ARV,Pediatric,Aurobindo Pharma Limited,"Didanosine 100mg, chewable/dispersible tablets, 60 Tabs",Didanosine,Generic,100mg,Chewable/dispersible tablet,"Aurobindo Unit III, India",4367,60,408,3162,7.75,0.13,5.06,,,FALSE,7/7/08,7/7/08,,3/31/08
108-VN-T01,Pre-PQ Process,SCMS-20390,ASN-2204,Vietnam,PMO - US,Direct Drop,EXW,Air,ARV,Adult,CIPLA LIMITED,"Lamivudine/Nevirapine/Stavudine 150/200/30mg, tablets, 60 Tabs",Lamivudine/Nevirapine/Stavudine,Generic,150/200/30mg,Tablet - FDC,"Cipla, Goa, India",4368,60,10420,77108,7.4,0.12,123.37,1000,7526.06,TRUE,8/12/08,8/12/08,,3/31/08
108-VN-T01,Pre-PQ Process,SCMS-20400,ASN-2205,Vietnam,PMO - US,Direct Drop,EXW,Air,ARV,Adult,CIPLA LIMITED,"Lamivudine/Nevirapine/Stavudine 150/200/30mg, tablets, 60 Tabs",Lamivudine/Nevirapine/Stavudine,Generic,150/200/30mg,Tablet - FDC,"Cipla, Goa, India",4369,60,9600,71040,7.4,0.12,113.66,920,7265.05,TRUE,9/19/08,9/19/08,,3/31/08
108-VN-T01,Pre-PQ Process,SCMS-20410,ASN-2050,Vietnam,PMO - US,Direct Drop,FCA,Air,ARV,Adult,ABBVIE LOGISTICS (FORMERLY ABBOTT LOGISTICS BV),"Lopinavir/Ritonavir 200/50mg [Aluvia], tablets, 120 Tabs",Lopinavir/Ritonavir,Aluvia,200/50mg,Tablet,ABBVIE Ludwigshafen Germany,4372,120,1520,124944,82.2,0.68,199.91,385,4393.32,TRUE,7/16/08,7/16/08,,3/31/08
108-VN-T01,Pre-PQ Process,SCMS-20420,ASN-2051,Vietnam,PMO - US,Direct Drop,FCA,Air,ARV,Adult,ABBVIE LOGISTICS (FORMERLY ABBOTT LOGISTICS BV),"Lopinavir/Ritonavir 200/50mg [Aluvia], tablets, 120 Tabs",Lopinavir/Ritonavir,Aluvia,200/50mg,Tablet,ABBVIE Ludwigshafen Germany,4373,120,800,65760,82.2,0.68,105.22,208,3449.4,TRUE,7/14/08,7/14/08,,3/31/08
106-HT-T01,Pre-PQ Process,SCMS-22780,ASN-1680,Haiti,PMO - US,Direct Drop,DDP,Air,HRDT,HIV test,REINBOLD EXPORT IMPORT,"HIV 1/2, Determine Complete HIV Kit, 100 Tests","HIV 1/2, Determine Complete HIV Kit",Determine,N/A,Test kit,Inverness Japan,4432,100,30,2550,85,0.85,4.08,,,TRUE,4/18/08,1/3/08,,4/28/08
108-VN-T01,Pre-PQ Process,SCMS-23310,ASN-2486,Vietnam,PMO - US,Direct Drop,EXW,Air,ARV,Adult,CIPLA LIMITED,"Lamivudine/Nevirapine/Stavudine 150/200/30mg, tablets, 60 Tabs",Lamivudine/Nevirapine/Stavudine,Generic,150/200/30mg,Tablet - FDC,"Cipla, Goa, India",4456,60,15360,113664,7.4,0.12,181.86,1360,5412.14,TRUE,10/11/08,10/11/08,,5/14/08
108-VN-T01,Pre-PQ Process,SCMS-23320,ASN-2275,Vietnam,PMO - US,Direct Drop,EXW,Air,ARV,Adult,Aurobindo Pharma Limited,"Nevirapine 200mg, tablets, 60 Tabs",Nevirapine,Generic,200mg,Tablet,"Aurobindo Unit III, India",4457,60,2180,6997.8,3.21,0.05,11.2,242,5881.57,TRUE,9/19/08,9/19/08,,5/13/08
108-VN-T01,Pre-PQ Process,SCMS-23330,ASN-2276,Vietnam,PMO - US,Direct Drop,EXW,Air,ARV,Adult,Aurobindo Pharma Limited,"Lamivudine/Zidovudine 150/300mg, tablets, 60 Tabs",Lamivudine/Zidovudine,Generic,150/300mg,Tablet - FDC,"Aurobindo Unit III, India",4458,60,2016,18648,9.25,0.15,29.84,185,5551.97,TRUE,9/19/08,9/19/08,,5/13/08
108-VN-T01,Pre-PQ Process,SCMS-23380,ASN-2524,Vietnam,PMO - US,Direct Drop,CIP,Air,ARV,Pediatric,BRISTOL-MYERS SQUIBB,"Didanosine 25mg [Videx], chewable tablets, 60 Tabs",Didanosine,Videx,25mg,Chewable/dispersible tablet,"BMS Meymac, France",4459,60,400,2800,7,0.12,4.48,81,2035.66,TRUE,9/30/08,9/30/08,,5/13/08
108-VN-T01,Pre-PQ Process,SCMS-23450,ASN-2336,Vietnam,PMO - US,Direct Drop,EXW,Air,ARV,Adult,MYLAN LABORATORIES LTD (FORMERLY MATRIX LABORATORIES),"Efavirenz 600mg, tablets, 30 Tabs",Efavirenz,Generic,600mg,Tablet,Mylan (formerly Matrix) Nashik,4460,30,10080,103219.2,10.24,0.34,165.15,,,FALSE,9/19/08,9/19/08,,5/14/08
116-ZA-T01,Pre-PQ Process,SCMS-23500,ASN-2293,South Africa,PMO - US,Direct Drop,DDP,Truck,ARV,Pediatric,S. BUYS WHOLESALER,"Didanosine 25mg [Videx], chewable tablets, 60 Tabs",Didanosine,Videx,25mg,Chewable/dispersible tablet,"BMS Meymac, France",4461,60,4,52.96,13.24,0.22,0.08,,,FALSE,8/20/08,5/8/08,,
106-HT-T01,Pre-PQ Process,SCMS-23820,ASN-2099,Haiti,PMO - US,Direct Drop,EXW,Air,HRDT,HIV test,"Orgenics, Ltd","HIV 1/2, Determine HIV Kit, without Lancets, 100 Tests","HIV 1/2, Determine HIV Kit, without Lancets",Determine,N/A,Test kit,Inverness Japan,4470,100,2059,144130,70,0.7,230.61,470,3684.28,TRUE,8/6/08,8/6/08,,5/20/08
116-ZA-T01,Pre-PQ Process,SCMS-25540,ASN-2295,South Africa,PMO - US,Direct Drop,DDP,Truck,ARV,Adult,S. BUYS WHOLESALER,"Tenofovir Disoproxil Fumarate 300mg [Viread], tablets, 30 Tabs",Tenofovir Disoproxil Fumarate,Viread,300mg,Tablet,"Aspen-OSD, Port Elizabeth, SA",4531,30,400,9536,23.84,0.79,15.26,,,FALSE,6/12/08,6/9/08,,
110-ZM-T01,Pre-PQ Process,SCMS-25700,ASN-2797,Zambia,PMO - US,Direct Drop,EXW,Air,HRDT,HIV test,"Trinity Biotech, Plc","HIV 1/2, Uni-Gold HIV Kit, 20 Tests","HIV 1/2, Uni-Gold HIV Kit",Uni-Gold,N/A,Test kit,"Trinity Biotech, Plc",4534,20,5900,188800,32,1.6,370.05,1989,19569.48,TRUE,11/18/08,11/18/08,,6/20/08
109-TZ-T01,Pre-PQ Process,SCMS-23611,ASN-2727,Tanzania,PMO - US,Direct Drop,CIP,Air,ARV,Adult,BRISTOL-MYERS SQUIBB,"Didanosine EC 400mg [Videx EC], delayed-release capsules, Blister 3 x 10 Caps",Didanosine EC,Videx EC,400mg,Delayed-release capsules - blister,"BMS Meymac, France",4567,30,2597,61470.99,23.67,0.79,120.48,,,TRUE,11/3/08,11/3/08,,5/15/08
110-ZM-T01,Pre-PQ Process,SCMS-27010,ASN-2448,Zambia,PMO - US,Direct Drop,EXW,Air,HRDT,HIV test,"Orgenics, Ltd","HIV 1/2, Determine HIV Kit, without Lancets, 100 Tests","HIV 1/2, Determine HIV Kit, without Lancets",Determine,N/A,Test kit,Inverness Japan,4593,100,3000,215970,71.99,0.72,345.55,,,FALSE,9/22/08,9/22/08,,8/21/08
102-GY-T01,Pre-PQ Process,SCMS-27040,ASN-2473,Guyana,PMO - US,Direct Drop,EXW,Air,HRDT,HIV test,"Trinity Biotech, Plc","HIV 1/2, Uni-Gold HIV Kit, 20 Tests","HIV 1/2, Uni-Gold HIV Kit",Uni-Gold,N/A,Test kit,"Trinity Biotech, Plc",4594,20,1062,33984,32,1.6,54.37,1062,3976.33,TRUE,10/1/08,10/1/08,,7/18/08
102-BW-T01,Pre-PQ Process,SCMS-27750,ASN-2397,Botswana,PMO - US,Direct Drop,EXW,Air,HRDT,HIV test,"Trinity Biotech, Plc","HIV 1/2, Uni-Gold HIV Kit, 20 Tests","HIV 1/2, Uni-Gold HIV Kit",Uni-Gold,N/A,Test kit,"Trinity Biotech, Plc",4611,20,5,160,32,1.6,0.26,3,1225.17,TRUE,11/18/08,11/18/08,,7/28/08
102-BW-T01,Pre-PQ Process,SCMS-27760,ASN-2325,Botswana,PMO - US,Direct Drop,EXW,Air,HRDT,HIV test,"Orgenics, Ltd","HIV 1/2, Determine HIV Kit, without Lancets, 100 Tests","HIV 1/2, Determine HIV Kit, without Lancets",Determine,N/A,Test kit,Inverness Japan,4615,100,8,560,70,0.7,0.9,5406,559.95,TRUE,10/9/08,10/2/08,,7/28/08
108-VN-T01,Pre-PQ Process,SCMS-26171,ASN-2515,Vietnam,PMO - US,Direct Drop,EXW,Air,ARV,Adult,Aurobindo Pharma Limited,"Nevirapine 200mg, tablets, 60 Tabs",Nevirapine,Generic,200mg,Tablet,"Aurobindo Unit III, India",4635,60,1848,5359.2,2.9,0.05,8.57,327,3171.36,TRUE,9/25/08,9/25/08,,7/1/08
102-NG-T01,Pre-PQ Process,SCMS-28650,ASN-3202,Nigeria,PMO - US,Direct Drop,DDP,Air,HRDT,HIV test,BUNDI INTERNATIONAL DIAGNOSTICS LTD,"HIV 1/2, Bundi Rapid HIV Kit, 25 Tests","HIV 1/2, Bundi Rapid HIV Kit",Bundi,N/A,Test kit,BUNDI INTERNATIONAL DIAGNOSTICS LTD,4646,1,1369,51337.5,37.5,37.5,100.62,,,TRUE,8/27/08,8/27/08,,8/20/08
117-ET-T01,Pre-PQ Process,SCMS-28690,ASN-2839,Ethiopia,PMO - US,Direct Drop,EXW,Air,HRDT,HIV test,"SHANGHAI KEHUA BIOENGINEERING CO.,LTD.  (KHB)","HIV 1/2, SKB Colloidal Gold, Diagnostic Kit, Antibody, 50 Tests","HIV 1/2, Colloidal Gold, Diagnostic Kit, Antibody",Colloidal Gold,N/A,Test kit,"KHB Test Kit Facility, Shanghai China",4647,1,7002,161046,23,23,315.65,4922,46117.09,TRUE,11/17/08,11/17/08,,8/22/08
117-ET-T01,Pre-PQ Process,SCMS-28700,ASN-2719,Ethiopia,PMO - US,Direct Drop,EXW,Air,HRDT,HIV test,"SHANGHAI KEHUA BIOENGINEERING CO.,LTD.  (KHB)","HIV 1/2, SKB Colloidal Gold, Diagnostic Kit, Antibody, 50 Tests","HIV 1/2, Colloidal Gold, Diagnostic Kit, Antibody",Colloidal Gold,N/A,Test kit,"KHB Test Kit Facility, Shanghai China",4648,1,7002,161046,23,23,315.65,5057,44360.44,TRUE,10/30/08,10/28/08,,8/22/08
117-ET-T01,Pre-PQ Process,SCMS-28720,ASN-2577,Ethiopia,PMO - US,Direct Drop,EXW,Air,HRDT,HIV test,"SHANGHAI KEHUA BIOENGINEERING CO.,LTD.  (KHB)","HIV 1/2, SKB Colloidal Gold, Diagnostic Kit, Antibody, 50 Tests","HIV 1/2, Colloidal Gold, Diagnostic Kit, Antibody",Colloidal Gold,N/A,Test kit,"KHB Test Kit Facility, Shanghai China",4649,1,7002,161046,23,23,257.67,5057,44347.71,TRUE,10/6/08,10/6/08,,8/22/08
111-MZ-T01,Pre-PQ Process,SCMS-28730,ASN-2658,Mozambique,PMO - US,Direct Drop,EXW,Air,HRDT,HIV test - Ancillary,"Orgenics, Ltd","HIV, Lancet, Safety, for HIV Test kits, 100 Pcs","HIV, Lancet, Safety, for HIV Test kits, 100 Pcs",Generic,N/A,Test kit - Ancillary,Inverness Japan,4650,100,7690,76.9,0.01,0,0.15,2278,23743.01,TRUE,11/1/08,11/1/08,,8/26/08
107-RW-T01,Pre-PQ Process,SCMS-30310,ASN-3505,Rwanda,PMO - US,Direct Drop,CIP,Air,ARV,Adult,CIPLA LIMITED,"Lamivudine/Zidovudine 150/300mg, tablets, 60 Tabs",Lamivudine/Zidovudine,Generic,150/300mg,Tablet - FDC,"Cipla, Goa, India",4709,60,18560,168896,9.1,0.15,331.04,1698,16414.22,TRUE,3/10/09,3/10/09,,10/21/08
119-NA-T01,Pre-PQ Process,SCMS-30720,ASN-2586,Namibia,PMO - US,Direct Drop,EXW,Air,HRDT,HIV test,"Trinity Biotech, Plc","HIV 1/2, Uni-Gold HIV Kit, 20 Tests","HIV 1/2, Uni-Gold HIV Kit",Uni-Gold,N/A,Test kit,"Trinity Biotech, Plc",4722,20,650,20800,32,1.6,33.28,220,7078.9,TRUE,10/8/08,10/8/08,,9/19/08
110-ZM-T01,Pre-PQ Process,SCMS-33150,ASN-3308,Zambia,PMO - US,Direct Drop,CIP,Air,ARV,Pediatric,BRISTOL-MYERS SQUIBB,"Didanosine 25mg [Videx], chewable tablets, 60 Tabs",Didanosine,Videx,25mg,Chewable/dispersible tablet,"BMS Meymac, France",4794,60,545,3815,7,0.12,7.48,,,TRUE,2/20/09,2/20/09,,11/4/08
116-ZA-T01,Pre-PQ Process,SCMS-33320,ASN-3553,South Africa,PMO - US,Direct Drop,DDP,Truck,ARV,Pediatric,S. BUYS WHOLESALER,"Efavirenz 50mg [Stocrin/Sustiva], capsule, 30 Caps",Efavirenz,Stocrin/Sustiva,50mg,Capsule,"MSD Midrand, J'burg, SA",4798,30,200,592,2.96,0.1,1.16,,,FALSE,5/17/09,10/9/08,,
109-TZ-T01,Pre-PQ Process,SCMS-33690,ASN-3229,Tanzania,PMO - US,Direct Drop,EXW,Air,HRDT,HIV test,"Trinity Biotech, Plc","HIV 1/2, Uni-Gold HIV Kit, 20 Tests","HIV 1/2, Uni-Gold HIV Kit",Uni-Gold,N/A,Test kit,"Trinity Biotech, Plc",4804,20,1678,53696,32,1.6,105.24,554,4810.99,TRUE,3/2/09,3/2/09,,11/14/08
117-ET-T01,Pre-PQ Process,SCMS-34310,ASN-3234,Ethiopia,PMO - US,Direct Drop,EXW,Air,HRDT,HIV test - Ancillary,"Orgenics, Ltd","Capillary Tubes, for Determine, EDTA, 50uL,100 Pcs","HIV, Capillary Tubes, for Determine, EDTA, 50uL,100 Pcs",Determine,N/A,Test kit - Ancillary,Inverness Japan,4818,100,10000,80000,8,0.08,156.8,400,4856.14,TRUE,1/27/09,1/27/09,,11/24/08
109-TZ-T01,Pre-PQ Process,SCMS-34690,ASN-3853,Tanzania,PMO - US,Direct Drop,CIP,Air,ARV,Adult,MERCK SHARP & DOHME IDEA GMBH (FORMALLY MERCK SHARP & DOHME B.V.),"Efavirenz/Emtricitabine/Tenofovir Disoproxil Fumarate 600/200/300mg [Atripla], tablets, 30 Tabs",Efavirenz/Emtricitabine/Tenofovir Disoproxil Fumarate,Atripla,600/200/300mg,Tablet - FDC,"MSD, Haarlem, NL",4824,30,24963,1258135.2,50.4,1.68,2465.94,2462,3451.41,TRUE,6/15/09,6/15/09,,12/30/08
102-GY-T01,Pre-PQ Process,SCMS-35550,ASN-3190,Guyana,PMO - US,Direct Drop,EXW,Air,HRDT,HIV test,"Orgenics, Ltd","HIV 1/2, Determine Complete HIV Kit, 100 Tests","HIV 1/2, Determine Complete HIV Kit",Determine,N/A,Test kit,Inverness Japan,4854,100,351,25272,72,0.72,49.53,60,1097.78,TRUE,1/30/09,1/23/09,,12/12/08
108-VN-T01,Pre-PQ Process,SCMS-37170,ASN-3562,Vietnam,PMO - US,Direct Drop,EXW,Air,ARV,Adult,Aurobindo Pharma Limited,"Nevirapine 200mg, tablets, 60 Tabs",Nevirapine,Generic,200mg,Tablet,"Aurobindo Unit III, India",4921,60,5200,15080,2.9,0.05,29.56,,,FALSE,4/10/09,4/10/09,,1/16/09
110-ZM-T01,Pre-PQ Process,SCMS-37770,ASN-3676,Zambia,PMO - US,Direct Drop,EXW,Air,HRDT,HIV test,"Standard Diagnostics, Inc.","HIV 1/2, Bioline 3.0 Kit, Lancets, Capillary pipets, Alcohol swabs included, 25 Tests","HIV 1/2, Bioline 3.0 Kit, Lancets, Capillary pipets, Alcohol swabs included",Bioline,N/A,Test kit,"Standard Diagnostics, Korea",4929,25,300,6000,20,0.8,11.76,94,1205.43,TRUE,3/26/09,3/26/09,,1/27/09
100-SN-T01,Pre-PQ Process,SCMS-38270,ASN-3546,Senegal,PMO - US,Direct Drop,EXW,Air,HRDT,HIV test,"Orgenics, Ltd","HIV 1/2, ImmunoComb TriSpot Ag - Ab Kit, 36 Tests","HIV 1/2, ImmunoComb TriSpot Ag - Ab Kit",ImmunoComb,N/A,Test kit,INVERNESS ORGENICS LINE,4947,36,80,6800,85,2.36,13.33,33,812,TRUE,3/25/09,3/25/09,,2/6/09
109-TZ-T01,Pre-PQ Process,SCMS-38410,ASN-4381,Tanzania,PMO - US,Direct Drop,FCA,Air,ARV,Adult,ABBVIE LOGISTICS (FORMERLY ABBOTT LOGISTICS BV),"Lopinavir/Ritonavir 200/50mg [Aluvia], tablets, 120 Tabs",Lopinavir/Ritonavir,Aluvia,200/50mg,Tablet,ABBVIE Ludwigshafen Germany,4949,120,10680,438948,41.1,0.34,860.34,2724,12620.12,TRUE,8/11/09,8/11/09,,2/5/09
116-ZA-T01,Pre-PQ Process,SCMS-40780,ASN-3607,South Africa,PMO - US,Direct Drop,DDP,Air,ARV,Adult,S. BUYS WHOLESALER,"Efavirenz 600mg, tablets, 30 Tabs",Efavirenz,Generic,600mg,Tablet,"Aurobindo Unit III, India",5032,30,7000,113050,16.15,0.54,221.58,,,FALSE,3/17/09,11/28/08,,
116-ZA-T01,Pre-PQ Process,SCMS-40780,ASN-3607,South Africa,PMO - US,Direct Drop,DDP,Air,ARV,Adult,S. BUYS WHOLESALER,"Nevirapine 200mg, tablets, 60 Tabs",Nevirapine,Generic,200mg,Tablet,"Aurobindo Unit III, India",5033,60,983,4875.68,4.96,0.08,9.56,,,FALSE,3/17/09,11/28/08,,
116-ZA-T01,Pre-PQ Process,SCMS-40790,ASN-3575,South Africa,PMO - US,Direct Drop,DDP,Air,ARV,Adult,S. BUYS WHOLESALER,"Stavudine 30mg, capsules, 60 Caps",Stavudine,Generic,30mg,Capsule,"Aurobindo Unit III, India",5034,60,1325,3339,2.52,0.04,6.54,,,FALSE,3/24/09,12/1/08,,
116-ZA-T01,Pre-PQ Process,SCMS-40810,ASN-3634,South Africa,PMO - US,Direct Drop,DDP,Air,ARV,Adult,S. BUYS WHOLESALER,"Nevirapine 200mg [Viramune], tablets, 60 Tabs",Nevirapine,Viramune,200mg,Tablet,"Boehringer Ing., Koropi, GR",5035,60,2880,44812.8,15.56,0.26,87.83,,,FALSE,3/31/09,12/2/08,,
116-ZA-T01,Pre-PQ Process,SCMS-40850,ASN-3611,South Africa,PMO - US,Direct Drop,DDP,Air,ARV,Adult,S. BUYS WHOLESALER,"Zidovudine 300mg, tablets, 60 Tabs",Zidovudine,Generic,300mg,Tablet,"Aurobindo Unit III, India",5036,60,6800,82620,12.15,0.2,161.94,,,TRUE,6/16/09,1/28/09,,
116-ZA-T01,Pre-PQ Process,SCMS-40880,ASN-3610,South Africa,PMO - US,Direct Drop,DDP,Air,ARV,Adult,S. BUYS WHOLESALER,"Efavirenz 600mg, tablets, 30 Tabs",Efavirenz,Generic,600mg,Tablet,"Cipla, Goa, India",5037,30,3414,49810.26,14.59,0.49,97.63,,,TRUE,7/7/09,2/2/09,,
116-ZA-T01,Pre-PQ Process,SCMS-41040,ASN-3623,South Africa,PMO - US,Direct Drop,DDP,Air,ARV,Adult,S. BUYS WHOLESALER,"Zidovudine 300mg [Retrovir], tablets, 60 Tabs",Zidovudine,Retrovir,300mg,Tablet,GSK Aranda,5041,60,5000,62750,12.55,0.21,122.99,,,FALSE,4/7/09,12/3/08,,
116-ZA-T01,Pre-PQ Process,SCMS-41060,ASN-3624,South Africa,PMO - US,Direct Drop,DDP,Air,ARV,Adult,S. BUYS WHOLESALER,"Efavirenz 600mg, tablets, 30 Tabs",Efavirenz,Generic,600mg,Tablet,"Aurobindo Unit III, India",5042,30,6215,102609.65,16.51,0.55,201.11,,,FALSE,5/5/09,12/23/08,,
116-ZA-T01,Pre-PQ Process,SCMS-41060,ASN-3624,South Africa,PMO - US,Direct Drop,DDP,Air,ARV,Pediatric,S. BUYS WHOLESALER,"Efavirenz 50mg [Stocrin/Sustiva], capsule, 30 Caps",Efavirenz,Stocrin/Sustiva,50mg,Capsule,"MSD Midrand, J'burg, SA",5043,30,3000,7470,2.49,0.08,14.64,,,FALSE,5/5/09,12/23/08,,
116-ZA-T01,Pre-PQ Process,SCMS-41080,ASN-3637,South Africa,PMO - US,Direct Drop,DDP,Air,ARV,Pediatric,S. BUYS WHOLESALER,"Efavirenz 50mg, capsule, 30 Caps",Efavirenz,Generic,50mg,Capsule,"Aurobindo Unit III, India",5044,30,500,1530,3.06,0.1,3,,,FALSE,5/26/09,1/22/09,,
116-ZA-T01,Pre-PQ Process,SCMS-41140,ASN-3752,South Africa,PMO - US,Direct Drop,DDP,Air,ARV,Adult,S. BUYS WHOLESALER,"Efavirenz 600mg, tablets, 30 Tabs",Efavirenz,Generic,600mg,Tablet,"Cipla, Goa, India",5045,30,1200,14532,12.11,0.4,28.48,,,FALSE,3/31/09,11/21/08,,
116-ZA-T01,Pre-PQ Process,SCMS-41140,ASN-3752,South Africa,PMO - US,Direct Drop,DDP,Air,ARV,Adult,S. BUYS WHOLESALER,"Tenofovir Disoproxil Fumarate 300mg [Viread], tablets, 30 Tabs",Tenofovir Disoproxil Fumarate,Viread,300mg,Tablet,"Aspen-OSD, Port Elizabeth, SA",5046,30,500,8820,17.64,0.59,17.29,,,FALSE,3/31/09,11/21/08,,
116-ZA-T01,Pre-PQ Process,SCMS-41140,ASN-3752,South Africa,PMO - US,Direct Drop,DDP,Air,ARV,Adult,S. BUYS WHOLESALER,"Emtricitabine/Tenofovir Disoproxil Fumarate 200/300mg [Truvada], tablets, 30 Tabs",Emtricitabine/Tenofovir Disoproxil Fumarate,Truvada,300/200mg,Tablet - FDC,"Aspen-OSD, Port Elizabeth, SA",5047,30,80,2336,29.2,0.97,4.58,,,FALSE,3/31/09,11/21/08,,
116-ZA-T01,Pre-PQ Process,SCMS-41150,ASN-3759,South Africa,PMO - US,Direct Drop,DDP,Air,ARV,Pediatric,S. BUYS WHOLESALER,"Ritonavir 80mg/ml [Norvir], oral solution, cool, Bottle, 90 ml",Ritonavir,Norvir,80mg/ml,Oral solution,ABBVIE (Abbott) France,5048,90,1,5.97,5.97,0.07,0.01,,,TRUE,4/1/09,11/21/08,,
116-ZA-T01,Pre-PQ Process,SCMS-41160,ASN-3760,South Africa,PMO - US,Direct Drop,DDP,Air,ARV,Adult,S. BUYS WHOLESALER,"Zidovudine 300mg [Retrovir], tablets, 60 Tabs",Zidovudine,Retrovir,300mg,Tablet,GSK Aranda,5049,60,500,6555,13.11,0.22,12.85,,1521.4,TRUE,4/1/09,11/26/08,,
116-ZA-T01,Pre-PQ Process,SCMS-41180,ASN-3778,South Africa,PMO - US,Direct Drop,DDP,Air,ARV,Adult,S. BUYS WHOLESALER,"Stavudine 20mg [Zerit], capsules, 60 Caps",Stavudine,Zerit,20mg,Capsule,"BMS Meymac, France",5050,60,300,1179,3.93,0.07,2.31,,,TRUE,4/3/09,2/11/09,,
116-ZA-T01,Pre-PQ Process,SCMS-41190,ASN-3732,South Africa,PMO - US,Direct Drop,DDP,Air,ARV,Pediatric,S. BUYS WHOLESALER,"Efavirenz 50mg [Stocrin/Sustiva], capsule, 30 Caps",Efavirenz,Stocrin/Sustiva,50mg,Capsule,"MSD Midrand, J'burg, SA",5051,30,80,188.8,2.36,0.08,0.37,,,FALSE,3/30/09,1/21/09,,
116-ZA-T01,Pre-PQ Process,SCMS-41190,ASN-3732,South Africa,PMO - US,Direct Drop,DDP,Air,ARV,Adult,S. BUYS WHOLESALER,"Saquinavir 200mg [Invirase], capsules, 270 Caps",Saquinavir,Invirase,200mg,Capsule,Roche Basel,5052,270,28,1578.92,56.39,0.21,3.09,,,FALSE,3/30/09,1/21/09,,
116-ZA-T01,Pre-PQ Process,SCMS-41190,ASN-3732,South Africa,PMO - US,Direct Drop,DDP,Air,ARV,Pediatric,S. BUYS WHOLESALER,"Efavirenz 200mg [Stocrin/Sustiva], capsule, 90 Caps",Efavirenz,Stocrin/Sustiva,200mg,Capsule,"MSD Midrand, J'burg, SA",5053,90,30,829.5,27.65,0.31,1.63,,,FALSE,3/30/09,1/21/09,,
116-ZA-T01,Pre-PQ Process,SCMS-41465,ASN-4614,South Africa,PMO - US,Direct Drop,DDP,Air,ARV,Pediatric,S. BUYS WHOLESALER,"Lamivudine 10mg/ml, oral solution, Bottle, 240 ml",Lamivudine,Generic,10mg/ml,Oral solution,"Aurobindo Unit III, India",5058,240,108,610.2,5.65,0.02,1.2,,,TRUE,6/25/09,6/25/09,,3/18/09
116-ZA-T01,Pre-PQ Process,SCMS-41586,ASN-4387,South Africa,PMO - US,Direct Drop,DDP,Air,ARV,Adult,S. BUYS WHOLESALER,"Lamivudine 150mg, tablets, 60 Tabs",Lamivudine,Generic,150mg,Tablet,"Aurobindo Unit III, India",5059,60,9620,68109.6,7.08,0.12,133.49,,,TRUE,6/25/09,4/15/09,,3/27/09
144-BW-T01,Pre-PQ Process,SCMS-41890,ASN-3780,Botswana,PMO - US,Direct Drop,EXW,Air,HRDT,HIV test,Orasure Technologies Inc.,"HIV 1/2, OraQuick Advance HIV Rapid Antibody Kit, 100 Tests","HIV 1/2, OraQuick Advance HIV Rapid Antibody Kit",OraQuick,N/A,Test kit,"Pacific Biotech, Thailand",5066,100,20,7000,350,3.5,13.72,48,1119.99,TRUE,4/17/09,4/17/09,,3/25/09
116-ZA-T01,Pre-PQ Process,SCMS-42260,ASN-4333,South Africa,PMO - US,Direct Drop,DDP,Truck,ARV,Adult,S. BUYS WHOLESALER,"Tenofovir Disoproxil Fumarate 300mg [Viread], tablets, 30 Tabs",Tenofovir Disoproxil Fumarate,Viread,300mg,Tablet,"Aspen-OSD, Port Elizabeth, SA",5076,30,250,5315,21.26,0.71,10.42,,,TRUE,4/21/09,4/17/09,,4/2/09
116-ZA-T01,Pre-PQ Process,SCMS-42430,ASN-4226,South Africa,PMO - US,Direct Drop,DDP,Truck,ARV,Pediatric,S. BUYS WHOLESALER,"Efavirenz 200mg [Stocrin/Sustiva], capsule, 90 Caps",Efavirenz,Stocrin/Sustiva,200mg,Capsule,"MSD Midrand, J'burg, SA",5081,90,100,3220,32.2,0.36,6.31,,,TRUE,5/15/09,5/15/09,,
116-ZA-T01,Pre-PQ Process,SCMS-47380,ASN-4285,South Africa,PMO - US,Direct Drop,DDP,Truck,ARV,Adult,S. BUYS WHOLESALER,"Lopinavir/Ritonavir 200/50mg [Aluvia], tablets, 120 Tabs",Lopinavir/Ritonavir,Aluvia,200/50mg,Tablet,ABBVIE Ludwigshafen Germany,5083,120,400,14400,36,0.3,28.22,,,TRUE,5/15/09,4/21/09,,4/2/09
107-RW-T01,Pre-PQ Process,SCMS-43900,ASN-4553,Rwanda,PMO - US,Direct Drop,CIP,Air,ARV,Adult,HETERO LABS LIMITED,"Efavirenz 600mg, tablets, 30 Tabs",Efavirenz,Generic,600mg,Tablet,Hetero Unit III Hyderabad IN,5113,30,28034,195677.31,6.98,0.23,383.53,2268,19023.36,TRUE,8/12/09,8/12/09,,7/15/09
123-NG-T01,Pre-PQ Process,SCMS-43960,ASN-4533,Nigeria,PMO - US,Direct Drop,EXW,Air,ACT,ACT,MISSIONPHARMA A/S,"Artemether/Lumefantrine 20/120mg [Coartem], scored tablets, Blister 30 x 18 Tabs",Artemether/Lumefantrine,Coartem,20/120mg,Tablet - FDC + blister,"Novartis Pharma Suffern, USA",5114,540,2000,70420,35.21,0.07,138.02,1250,17170.07,TRUE,9/3/09,9/3/09,,4/10/09
104-CI-T01,Pre-PQ Process,SCMS-44050,ASN-3985,Côte d'Ivoire,PMO - US,Direct Drop,EXW,Air,HRDT,HIV test,BIO-RAD LABORATORIES (FRANCE),"#108853** HIV, Genie II HIV-1/HIV-2 Kit, 40 Tests","HIV, Genie II HIV-1/HIV-2 Kit",Genie,N/A,Test kit,Bio-Rad Laboratories,5119,40,476,52360,110,2.75,102.63,534,9471.52,TRUE,6/10/09,6/9/09,,4/15/09
104-CI-T01,Pre-PQ Process,SCMS-44050,ASN-4095,Côte d'Ivoire,PMO - US,Direct Drop,EXW,Air,HRDT,HIV test,BIO-RAD LABORATORIES (FRANCE),"#108853** HIV, Genie II HIV-1/HIV-2 Kit, 40 Tests","HIV, Genie II HIV-1/HIV-2 Kit",Genie,N/A,Test kit,Bio-Rad Laboratories,5120,40,18,1980,110,2.75,3.88,20,2199.43,TRUE,6/10/09,6/17/09,,4/15/09
119-NA-T01,Pre-PQ Process,SCMS-44970,ASN-4081,Namibia,PMO - US,Direct Drop,EXW,Air,HRDT,HIV test,"Trinity Biotech, Plc","HIV 1/2, Uni-Gold HIV Kit, 20 Tests","HIV 1/2, Uni-Gold HIV Kit",Uni-Gold,N/A,Test kit,"Trinity Biotech, Plc",5147,20,6760,216320,32,1.6,423.99,2261,17643.81,TRUE,5/27/09,5/27/09,,4/29/09
109-TZ-T01,Pre-PQ Process,SCMS-46500,ASN-4223,Tanzania,PMO - US,Direct Drop,FCA,Air,ARV,Adult,Hoffmann-La Roche ltd Basel,"Saquinavir 200mg [Invirase], capsules, 270 Caps",Saquinavir,Invirase,200mg,Capsule,Roche Basel,5175,270,820,73074.13,89.11,0.33,143.23,424,3310.89,TRUE,7/30/09,7/30/09,,5/28/09
116-ZA-T01,Pre-PQ Process,SCMS-47050,ASN-4819,South Africa,PMO - US,Direct Drop,DDP,Truck,ARV,Adult,S. BUYS WHOLESALER,"Abacavir 300mg [Ziagen], tablets, Blister 6 x 10 Tabs",Abacavir,Ziagen,300mg,Tablet - blister,GSK Ware (UK),5194,60,30,1081.8,36.06,0.6,2.12,,,FALSE,10/12/09,7/21/09,,6/5/09
116-ZA-T01,Pre-PQ Process,SCMS-47051,ASN-4836,South Africa,PMO - US,Direct Drop,DDP,Truck,ARV,Adult,S. BUYS WHOLESALER,"Lopinavir/Ritonavir 200/50mg [Aluvia], tablets, 120 Tabs",Lopinavir/Ritonavir,Aluvia,200/50mg,Tablet,ABBVIE Ludwigshafen Germany,5195,120,200,8396,41.98,0.35,16.46,,,FALSE,10/12/09,7/28/09,,6/5/09
141-NA-T01,Pre-PQ Process,SCMS-47160,ASN-4663,Namibia,PMO - US,Direct Drop,EXW,Air,HRDT,HIV test,"Orgenics, Ltd","HIV 1/2, Clearview Complete Kit, 25 Tests","HIV 1/2, Clearview Complete Kit",Clearview,N/A,Test kit,Chembio Diagnostics Sys. Inc.,5199,25,4,300,75,3,0.59,4,133.25,TRUE,9/1/09,9/1/09,,6/4/09
104-CI-T01,Pre-PQ Process,SCMS-42241,ASN-4812,Côte d'Ivoire,PMO - US,Direct Drop,CIP,Air,ARV,Pediatric,ABBVIE LOGISTICS (FORMERLY ABBOTT LOGISTICS BV),"Lopinavir/Ritonavir 80/20mg/ml [Kaletra], oral solution, cool, Bottle 5 x 60 ml",Lopinavir/Ritonavir,Kaletra,80/20mg/ml,Oral solution,ABBVIE (Abbott) Logis. UK,5201,300,20,822,41.1,0.14,1.61,,,TRUE,9/15/09,9/15/09,,3/30/09
100-CI-T01,Pre-PQ Process,SCMS-3,ASN-6,Côte d'Ivoire,PMO - US,Direct Drop,EXW,Air,HRDT,HIV test,"Standard Diagnostics, Inc.","HIV 1/2, Bioline 3.0 Kit, (no accessories), 30 Tests","HIV 1/2, Bioline 3.0 Kit (no accessories)",Bioline,N/A,Test kit,"Standard Diagnostics, Korea",5233,30,31,734.7,23.7,0.79,,11,515.32,TRUE,5/2/06,5/2/06,,
104-CI-T01,Pre-PQ Process,SCMS-40,ASN-26,Côte d'Ivoire,PMO - US,Direct Drop,EXW,Air,HRDT,HIV test,RANBAXY Fine Chemicals LTD.,"HIV, Reveal G3 Rapid HIV-1 Antibody Test, 30 Tests","HIV, Reveal G3 Rapid HIV-1 Antibody Test",Reveal,N/A,Test kit,Ranbaxy Fine Chemicals LTD,5243,30,19,551,29,0.97,,13,859.53,TRUE,8/8/06,8/8/06,,
108-VN-T01,Pre-PQ Process,SCMS-79,ASN-53,Vietnam,PMO - US,Direct Drop,CIP,Air,ARV,Adult,ABBVIE LOGISTICS (FORMERLY ABBOTT LOGISTICS BV),"Lopinavir/Ritonavir 133.3/33.3mg [Kaletra], capsules, cool, 2 x 90 Caps",Lopinavir/Ritonavir,Kaletra,133.3/33.3mg,Capsule,ABBVIE (Abbott) St. P'burg USA,5249,180,198,35802.36,180.82,1,,389,7286.16,TRUE,9/15/06,9/15/06,,
112-NG-T01,Pre-PQ Process,SCMS-87,ASN-57,Nigeria,PMO - US,Direct Drop,EXW,Air,ARV,Pediatric,Aurobindo Pharma Limited,"Nevirapine 10mg/ml, oral suspension, Bottle, 240 ml",Nevirapine,Generic,10mg/ml,Oral suspension,"Aurobindo Unit III, India",5253,240,416,2579.2,6.2,0.03,,,,FALSE,9/28/06,9/28/06,,
104-CI-T01,Pre-PQ Process,SCMS-103,ASN-61,Côte d'Ivoire,PMO - US,Direct Drop,EXW,Air,ARV,Adult,Aurobindo Pharma Limited,"Lamivudine 150mg, tablets, 60 Tabs",Lamivudine,Generic,150mg,Tablet,"Aurobindo Unit III, India",5260,60,16683,65897.85,3.95,0.07,,1498,20257.08,TRUE,9/6/06,9/6/06,,
104-CI-T01,Pre-PQ Process,SCMS-103,ASN-61,Côte d'Ivoire,PMO - US,Direct Drop,EXW,Air,ARV,Adult,Aurobindo Pharma Limited,"Stavudine 30mg, capsules, 60 Caps",Stavudine,Generic,30mg,Capsule,"Aurobindo Unit III, India",5261,60,9321,29361.15,3.15,0.05,,,,FALSE,9/6/06,9/6/06,,
105-GY-T01,Pre-PQ Process,SCMS-122,ASN-116,Guyana,PMO - US,Direct Drop,EXW,Air,ARV,Adult,Aurobindo Pharma Limited,"Stavudine 15mg, capsules, 60 Caps",Stavudine,Generic,15mg,Capsule,"Aurobindo Unit III, India",5268,60,602,1414.7,2.35,0.04,,37,569.52,TRUE,12/25/06,12/25/06,,
114-UG-T01,Pre-PQ Process,SCMS-159,ASN-125,Uganda,PMO - US,Direct Drop,EXW,Air,ARV,Adult,SUN PHARMACEUTICAL INDUSTRIES LTD (RANBAXY LABORATORIES LIMITED),"Lamivudine 150mg, tablets, 60 Tabs",Lamivudine,Generic,150mg,Tablet,"Ranbaxy, Paonta Shahib, India",5277,60,6349,21269.15,3.35,0.06,,369,2623.49,TRUE,12/22/06,12/22/06,,
110-ZM-T01,Pre-PQ Process,SCMS-163,ASN-123,Zambia,PMO - US,Direct Drop,EXW,Air,ARV,Adult,Aurobindo Pharma Limited,"Nevirapine 200mg, tablets, 60 Tabs",Nevirapine,Generic,200mg,Tablet,"Aurobindo Unit III, India",5278,60,33333,120332.13,3.61,0.06,,,,FALSE,12/20/06,12/20/06,,
108-VN-T01,Pre-PQ Process,SCMS-167,ASN-270,Vietnam,PMO - US,Direct Drop,EXW,Air,ARV,Adult,SUN PHARMACEUTICAL INDUSTRIES LTD (RANBAXY LABORATORIES LIMITED),"Lamivudine 150mg, tablets, 60 Tabs",Lamivudine,Generic,150mg,Tablet,"Ranbaxy, Paonta Shahib, India",5279,60,98400,329640,3.35,0.06,,4300,27923.26,TRUE,3/14/07,3/14/07,,11/14/06
108-VN-T01,Pre-PQ Process,SCMS-476,ASN-387,Vietnam,PMO - US,Direct Drop,EXW,Air,ARV,Pediatric,Aurobindo Pharma Limited,"Didanosine 100mg, chewable/dispersible tablets, 60 Tabs",Didanosine,Generic,100mg,Chewable/dispersible tablet,"Aurobindo Unit III, India",5280,60,1700,17850,10.5,0.18,,356,14982.1,TRUE,3/14/07,5/16/07,,11/14/06
108-VN-T01,Pre-PQ Process,SCMS-168,ASN-276,Vietnam,PMO - US,Direct Drop,EXW,Air,ARV,Adult,Aurobindo Pharma Limited,"Abacavir 300mg, tablets, 60 Tabs",Abacavir,Generic,300mg,Tablet,"Aurobindo Unit III, India",5281,60,700,30835,44.05,0.73,,,,FALSE,3/14/07,3/14/07,,11/14/06
108-VN-T01,Pre-PQ Process,SCMS-168,ASN-276,Vietnam,PMO - US,Direct Drop,EXW,Air,ARV,Adult,Aurobindo Pharma Limited,"Efavirenz 600mg, tablets, 30 Tabs",Efavirenz,Generic,600mg,Tablet,"Aurobindo Unit III, India",5282,30,38300,641525,16.75,0.56,,,,FALSE,3/14/07,3/14/07,,11/14/06
108-VN-T01,Pre-PQ Process,SCMS-172,ASN-302,Vietnam,PMO - US,Direct Drop,CIP,Air,ARV,Adult,ABBVIE LOGISTICS (FORMERLY ABBOTT LOGISTICS BV),"Lopinavir/Ritonavir 200/50mg [Aluvia], tablets, 120 Tabs",Lopinavir/Ritonavir,Aluvia,200/50mg,Tablet,ABBVIE (Abbott) Logis. UK,5283,120,1320,238682.4,180.82,1.51,,304,13453.12,TRUE,4/16/07,4/16/07,,11/29/06
102-GY-T01,Pre-PQ Process,SCMS-225,ASN-113,Guyana,PMO - US,Direct Drop,EXW,Air,HRDT,HIV test,Abbott GmbH & Co. KG,"HIV 1/2, Determine Complete HIV Kit, 100 Tests","HIV 1/2, Determine Complete HIV Kit",Determine,N/A,Test kit,ABBVIE GmbH & Co.KG Wiesbaden,5293,100,230,18400,80,0.8,,38681,801.54,TRUE,11/15/06,11/15/06,,
102-NG-T01,Pre-PQ Process,SCMS-228,ASN-141,Nigeria,PMO - US,Direct Drop,EXW,Air,HRDT,HIV test,"Trinity Biotech, Plc","HIV 1/2, Uni-Gold HIV Kit, 20 Tests","HIV 1/2, Uni-Gold HIV Kit",Uni-Gold,N/A,Test kit,"Trinity Biotech, Plc",5294,20,40,1600,40,2,,14,713.58,TRUE,1/18/07,1/18/07,,
102-NG-T01,Pre-PQ Process,SCMS-229,ASN-155,Nigeria,PMO - US,Direct Drop,EXW,Air,HRDT,HIV test,Orasure Technologies Inc.,"HIV 1/2, OraQuick Advance HIV Rapid Antibody Kit, 100 Tests","HIV 1/2, OraQuick Advance HIV Rapid Antibody Kit",OraQuick,N/A,Test kit,"Pacific Biotech, Thailand",5295,100,8,3200,400,4,,,,TRUE,12/17/06,12/17/06,,
113-ZW-T01,Pre-PQ Process,SCMS-348,ASN-286,Zimbabwe,PMO - US,Direct Drop,CIP,Air,ARV,Pediatric,BRISTOL-MYERS SQUIBB,"Didanosine 50mg [Videx], chewable tablets, 60 Tabs",Didanosine,Videx,50mg,Chewable/dispersible tablet,"BMS Meymac, France",5303,60,54,513,9.5,0.16,,,,TRUE,3/19/07,3/19/07,,1/19/07
109-TZ-T01,Pre-PQ Process,SCMS-367,ASN-221,Tanzania,PMO - US,Direct Drop,EXW,Air,HRDT,HIV test,"Trinity Biotech, Plc","HIV 1/2, Capillus HIV Kit, 100 Tests","HIV 1/2, Capillus HIV Kit",Capillus,N/A,Test kit,"Trinity Biotech, Plc",5304,100,700,97300,139,1.39,,488,3114.08,TRUE,3/23/07,3/23/07,,1/25/07
102-GY-T01,Pre-PQ Process,SCMS-526,ASN-343,Guyana,PMO - US,Direct Drop,EXW,Air,HRDT,HIV test,"Trinity Biotech, Plc","HIV 1/2, Uni-Gold HIV Kit, 20 Tests","HIV 1/2, Uni-Gold HIV Kit",Uni-Gold,N/A,Test kit,"Trinity Biotech, Plc",5324,20,1000,32000,32,1.6,,337,5240.47,TRUE,4/30/07,4/30/07,,4/2/07
102-GY-T01,Pre-PQ Process,SCMS-765,ASN-575,Guyana,PMO - US,Direct Drop,EXW,Air,HRDT,HIV test,"Trinity Biotech, Plc","HIV 1/2, Uni-Gold HIV Kit, 20 Tests","HIV 1/2, Uni-Gold HIV Kit",Uni-Gold,N/A,Test kit,"Trinity Biotech, Plc",5352,20,1500,48000,32,1.6,76.8,515,8576.8,TRUE,8/7/07,8/7/07,,7/6/07
102-GY-T01,Pre-PQ Process,SCMS-767,ASN-620,Guyana,PMO - US,Direct Drop,EXW,Air,HRDT,HIV test,"Orgenics, Ltd","HIV 1/2, Determine HIV Kit, without Lancets, 100 Tests","HIV 1/2, Determine HIV Kit, without Lancets",Determine,N/A,Test kit,Inverness Japan,5353,100,300,21597,71.99,0.72,34.56,69,1398.6,TRUE,8/9/07,8/21/07,,7/25/07
104-CI-T01,Pre-PQ Process,SCMS-10070,ASN-640,Côte d'Ivoire,PMO - US,Direct Drop,CIP,Air,ARV,Pediatric,BRISTOL-MYERS SQUIBB,"Didanosine 50mg [Videx], chewable tablets, 60 Tabs",Didanosine,Videx,50mg,Chewable/dispersible tablet,"BMS Meymac, France",5364,60,1577,14981.5,9.5,0.16,23.97,309,,TRUE,8/24/07,8/24/07,,5/9/07
100-HT-T01,Pre-PQ Process,SCMS-10080,ASN-664,Haiti,PMO - US,Direct Drop,EXW,Air,HRDT,HIV test - Ancillary,"Orgenics, Ltd","HIV, Lancet, Safety, for HIV Test kits, 100 Pcs","HIV, Lancet, Safety, for HIV Test kits, 100 Pcs",Generic,N/A,Test kit - Ancillary,Inverness Japan,5365,100,450,4.5,0.01,0,0.01,,,TRUE,8/13/07,8/13/07,,7/26/07
100-HT-T01,Pre-PQ Process,SCMS-10080,ASN-606,Haiti,PMO - US,Direct Drop,EXW,Air,HRDT,HIV test - Ancillary,"Orgenics, Ltd","HIV, Lancet, Safety, for HIV Test kits, 100 Pcs","HIV, Lancet, Safety, for HIV Test kits, 100 Pcs",Generic,N/A,Test kit - Ancillary,Inverness Japan,5366,100,300,3,0.01,0,0,24,240,TRUE,8/13/07,8/7/07,,7/26/07
104-CI-T01,Pre-PQ Process,SCMS-12400,ASN-794,Côte d'Ivoire,PMO - US,Direct Drop,EXW,Air,HRDT,HIV test,"Standard Diagnostics, Inc.","HIV 1/2, Bioline 3.0 Kit, (no accessories), 30 Tests","HIV 1/2, Bioline 3.0 Kit (no accessories)",Bioline,N/A,Test kit,"Standard Diagnostics, Korea",5428,30,2000,47000,23.5,0.78,75.2,750,7961.7,TRUE,10/23/07,10/23/07,,9/18/07
107-RW-T01,Pre-PQ Process,SCMS-13020,ASN-914,Rwanda,PMO - US,Direct Drop,EXW,Air,HRDT,HIV test,Premier Medical Corporation Ltd.,"HIV 1/2/O, First Response HIV 1-2.0, v.3.0 Cards Kit, 30 Tests","HIV 1/2/O, First Response HIV 1-2.0, v.3.0 Cards Kit",First Response,N/A,Test kit,Premier Med. Corp Ltd. India,5446,30,1400,23100,16.5,0.55,36.96,405,3616.95,TRUE,11/19/07,11/19/07,,10/18/07
116-ZA-T01,Pre-PQ Process,SCMS-14050,ASN-1251,South Africa,PMO - US,Direct Drop,DDP,N/A,ARV,Adult,"JSI R&T INSTITUTE, INC.","Efavirenz 600mg [Stocrin/Sustiva], tablets, 30 Tabs",Efavirenz,Stocrin/Sustiva,600mg,Tablet,"MSD Midrand, J'burg, SA",5507,30,600,12996,21.66,0.72,20.79,,,FALSE,1/29/08,1/29/08,,11/12/07
116-ZA-T01,Pre-PQ Process,SCMS-14050,ASN-1251,South Africa,PMO - US,Direct Drop,DDP,N/A,ARV,Pediatric,"JSI R&T INSTITUTE, INC.","Ritonavir 80mg/ml [Norvir], oral solution, cool, Bottle, 90 ml",Ritonavir,Norvir,80mg/ml,Oral solution,ABBVIE (Abbott) France,5508,90,3,28.95,9.65,0.11,0.05,,,FALSE,1/29/08,1/29/08,,11/12/07
116-ZA-T01,Pre-PQ Process,SCMS-14050,ASN-1251,South Africa,PMO - US,Direct Drop,DDP,N/A,ARV,Adult,"JSI R&T INSTITUTE, INC.","Lopinavir/Ritonavir 133.3/33.3mg [Kaletra], capsules, cool, 2 x 90 Caps",Lopinavir/Ritonavir,Kaletra,133.3/33.3mg,Capsule,ABBVIE (Abbott) Logis. UK,5509,180,400,19304,48.26,0.27,30.89,,,FALSE,1/29/08,1/29/08,,11/12/07
116-ZA-T01,Pre-PQ Process,SCMS-14050,ASN-1251,South Africa,PMO - US,Direct Drop,DDP,N/A,ARV,Adult,"JSI R&T INSTITUTE, INC.","Didanosine EC 250mg [Videx EC], delayed-release capsules, Blister 3 x 10 Caps",Didanosine EC,Videx EC,250mg,Delayed-release capsules - blister,"BMS Meymac, France",5510,30,100,2208,22.08,0.74,3.53,,,FALSE,1/29/08,1/29/08,,11/12/07
108-VN-T01,Pre-PQ Process,SCMS-14210,ASN-1340,Vietnam,PMO - US,Direct Drop,FCA,Air,ARV,Adult,ABBVIE LOGISTICS (FORMERLY ABBOTT LOGISTICS BV),"Lopinavir/Ritonavir 200/50mg [Aluvia], tablets, 120 Tabs",Lopinavir/Ritonavir,Aluvia,200/50mg,Tablet,ABBVIE Ludwigshafen Germany,5522,120,1000,82200,82.2,0.68,131.52,249,3120.92,TRUE,3/6/08,3/6/08,,11/22/07
107-RW-T01,Pre-PQ Process,SCMS-14630,ASN-1198,Rwanda,PMO - US,Direct Drop,EXW,Air,HRDT,HIV test,"Orgenics, Ltd","HIV 1/2, Determine HIV Kit, without Lancets, 100 Tests","HIV 1/2, Determine HIV Kit, without Lancets",Determine,N/A,Test kit,Inverness Japan,5532,100,1500,107985,71.99,0.72,172.78,340,9479.89,TRUE,1/31/08,1/28/08,,12/10/07
108-VN-T01,Pre-PQ Process,SCMS-14760,ASN-1230,Vietnam,PMO - US,Direct Drop,EXW,Air,ARV,Adult,Aurobindo Pharma Limited,"Stavudine 15mg, capsules, 60 Caps",Stavudine,Generic,15mg,Capsule,"Aurobindo Unit III, India",5534,60,600,900,1.5,0.02,1.44,,,FALSE,2/1/08,2/1/08,,12/5/07
100-HT-T01,Pre-PQ Process,SCMS-15480,ASN-1403,Haiti,PMO - US,Direct Drop,EXW,Air,HRDT,HIV test,"Trinity Biotech, Plc","HIV 1/2, Capillus HIV Kit, 100 Tests","HIV 1/2, Capillus HIV Kit",Capillus,N/A,Test kit,"Trinity Biotech, Plc",5551,100,2,278,139,1.39,0.44,1,897.52,TRUE,3/10/08,3/10/08,,
116-ZA-T01,Pre-PQ Process,SCMS-16600,ASN-1520,South Africa,PMO - US,Direct Drop,DDP,N/A,ARV,Adult,"JSI R&T INSTITUTE, INC.","Stavudine 40mg [Zerit], capsules, 60 Caps",Stavudine,Zerit,40mg,Capsule,"BMS Meymac, France",5575,60,200,1146,5.73,0.1,1.83,,,FALSE,1/21/08,1/4/08,,1/4/08
102-BW-T01,Pre-PQ Process,SCMS-16720,ASN-1402,Botswana,PMO - US,Direct Drop,EXW,Air,HRDT,HIV test,"Trinity Biotech, Plc","HIV 1/2, Uni-Gold HIV Kit, 20 Tests","HIV 1/2, Uni-Gold HIV Kit",Uni-Gold,N/A,Test kit,"Trinity Biotech, Plc",5589,20,450,14400,32,1.6,23.04,155,1625.08,TRUE,4/3/08,4/3/08,,2/4/08
102-NG-T01,Pre-PQ Process,SCMS-16890,ASN-1874,Nigeria,PMO - US,Direct Drop,EXW,Air,HRDT,HIV test,"CHEMBIO DIAGNOSTIC SYSTEMS, INC.","HIV 1/2, Stat-Pak HIV, Kit, 20 Tests","HIV 1/2, Stat-Pak HIV, Kit",Stat-Pak,N/A,Test kit,Chembio Diagnostics Sys. Inc.,5590,20,7301,197127,27,1.35,315.4,2093,16036.94,TRUE,9/19/08,6/20/08,,1/29/08
128-BJ-T01,Pre-PQ Process,SCMS-17280,ASN-1412,Benin,PMO - US,Direct Drop,EXW,Air,HRDT,HIV test - Ancillary,"Orgenics, Ltd","HIV, Lancet, Safety, for HIV Test kits, 100 Pcs","HIV, Lancet, Safety, for HIV Test kits, 100 Pcs",Generic,N/A,Test kit - Ancillary,Inverness Japan,5595,100,1436,14.36,0.01,0,0.02,,,TRUE,3/10/08,3/10/08,,2/6/08
128-BJ-T01,Pre-PQ Process,SCMS-17280,ASN-1380,Benin,PMO - US,Direct Drop,EXW,Air,HRDT,HIV test,"Orgenics, Ltd","HIV 1/2, Determine HIV Kit, without Lancets, 100 Tests","HIV 1/2, Determine HIV Kit, without Lancets",Determine,N/A,Test kit,Inverness Japan,5596,100,1436,103377.64,71.99,0.72,165.4,327,6687.51,TRUE,3/10/08,3/4/08,,2/6/08
110-ZM-T01,Pre-PQ Process,SCMS-18070,ASN-1577,Zambia,PMO - US,Direct Drop,EXW,Air,HRDT,HIV test - Ancillary,"Orgenics, Ltd","HIV, Lancet, Safety, for HIV Test kits, 100 Pcs","HIV, Lancet, Safety, for HIV Test kits, 100 Pcs",Generic,N/A,Test kit - Ancillary,Inverness Japan,5622,100,2000,20,0.01,0,0.03,,,TRUE,4/22/08,4/22/08,,2/25/08
104-CI-T01,Pre-PQ Process,SCMS-18300,ASN-3434,Côte d'Ivoire,PMO - US,Direct Drop,EXW,Air,HRDT,HIV test,"Standard Diagnostics, Inc.","HIV 1/2, Bioline 3.0 Kit, Lancets, Capillary pipets, Alcohol swabs included, 25 Tests","HIV 1/2, Bioline 3.0 Kit, Lancets, Capillary pipets, Alcohol swabs included",Bioline,N/A,Test kit,"Standard Diagnostics, Korea",5634,25,659,13180,20,0.8,25.83,206,2358.13,TRUE,3/19/09,3/19/09,,3/3/08
102-LS-T01,Pre-PQ Process,SCMS-18370,ASN-1660,Lesotho,PMO - US,Direct Drop,EXW,Air,HRDT,HIV test,Orasure Technologies Inc.,"HIV 1/2, OraQuick Advance HIV Rapid Antibody Kit, 100 Tests","HIV 1/2, OraQuick Advance HIV Rapid Antibody Kit",OraQuick,N/A,Test kit,"Pacific Biotech, Thailand",5635,100,7,2450,350,3.5,3.92,17,587.63,TRUE,7/14/08,7/14/08,,2/27/08
102-BW-T01,Pre-PQ Process,SCMS-18730,ASN-1608,Botswana,PMO - US,Direct Drop,EXW,Air,HRDT,HIV test,"Orgenics, Ltd","HIV 1/2, Determine HIV Kit, without Lancets, 100 Tests","HIV 1/2, Determine HIV Kit, without Lancets",Determine,N/A,Test kit,Inverness Japan,5645,100,200,14398,71.99,0.72,23.04,46,1028.18,TRUE,6/23/08,6/4/08,,3/11/08
123-NG-T01,Pre-PQ Process,SCMS-18740,ASN-1553,Nigeria,PMO - US,Direct Drop,EXW,Air,HRDT,HIV test - Ancillary,"Orgenics, Ltd","HIV, Lancet, Safety, for HIV Test kits, 100 Pcs","HIV, Lancet, Safety, for HIV Test kits, 100 Pcs",Generic,N/A,Test kit - Ancillary,Inverness Japan,5646,100,285,2.85,0.01,0,0,,,TRUE,5/8/08,4/7/08,,3/11/08
114-UG-T01,Pre-PQ Process,SCMS-18750,ASN-1618,Uganda,PMO - US,Direct Drop,EXW,Air,HRDT,HIV test - Ancillary,"Orgenics, Ltd","HIV, Lancet, Safety, for HIV Test kits, 100 Pcs","HIV, Lancet, Safety, for HIV Test kits, 100 Pcs",Generic,N/A,Test kit - Ancillary,Inverness Japan,5647,100,850,8.5,0.01,0,0.01,56,360,TRUE,5/22/08,5/22/08,,3/11/08
114-UG-T01,Pre-PQ Process,SCMS-18900,ASN-1543,Uganda,PMO - US,Direct Drop,EXW,Air,HRDT,HIV test,"CHEMBIO DIAGNOSTIC SYSTEMS, INC.","HIV 1/2, Stat-Pak HIV, Kit, 20 Tests","HIV 1/2, Stat-Pak HIV, Kit",Stat-Pak,N/A,Test kit,Chembio Diagnostics Sys. Inc.,5657,20,1275,34425,27,1.35,55.08,483,4193.88,TRUE,6/2/08,6/2/08,,3/14/08
114-UG-T01,Pre-PQ Process,SCMS-18910,ASN-1614,Uganda,PMO - US,Direct Drop,EXW,Air,HRDT,HIV test,"Trinity Biotech, Plc","HIV 1/2, Uni-Gold HIV Kit, 20 Tests","HIV 1/2, Uni-Gold HIV Kit",Uni-Gold,N/A,Test kit,"Trinity Biotech, Plc",5658,20,85,2720,32,1.6,4.35,85,1253.98,TRUE,6/2/08,6/2/08,,3/13/08
104-CI-T01,Pre-PQ Process,SCMS-19100,ASN-1598,Côte d'Ivoire,PMO - US,Direct Drop,EXW,Air,HRDT,HIV test,BIO-RAD LABORATORIES (FRANCE),"#108853** HIV, Genie II HIV-1/HIV-2 Kit, 40 Tests","HIV, Genie II HIV-1/HIV-2 Kit",Genie,N/A,Test kit,Bio-Rad Laboratories,5661,40,331,25156,76,1.9,40.25,366,7915.98,TRUE,5/30/08,5/30/08,,3/18/08
116-ZA-T01,Pre-PQ Process,SCMS-19800,ASN-1664,South Africa,PMO - US,Direct Drop,DDP,Truck,ARV,Adult,S. BUYS WHOLESALER,"Zidovudine 300mg [Retrovir], tablets, 60 Tabs",Zidovudine,Retrovir,300mg,Tablet,GSK Aranda,5675,60,1000,16400,16.4,0.27,26.24,,,FALSE,4/24/08,2/29/08,,2/20/08
116-ZA-T01,Pre-PQ Process,SCMS-19800,ASN-1665,South Africa,PMO - US,Direct Drop,DDP,Truck,ARV,Adult,S. BUYS WHOLESALER,"Lamivudine 150mg [Epivir], tablets, 60 Tabs",Lamivudine,Epivir,150mg,Tablet,GSK Cape Town Factory (South Africa),5676,60,3000,16350,5.45,0.09,26.16,,,FALSE,4/24/08,4/24/08,,2/20/08
116-ZA-T01,Pre-PQ Process,SCMS-19800,ASN-1665,South Africa,PMO - US,Direct Drop,DDP,Truck,ARV,Adult,S. BUYS WHOLESALER,"Stavudine 20mg [Zerit], capsules, 60 Caps",Stavudine,Zerit,20mg,Capsule,"BMS Meymac, France",5677,60,200,978,4.89,0.08,1.56,,,FALSE,4/24/08,4/24/08,,2/20/08
116-ZA-T01,Pre-PQ Process,SCMS-19800,ASN-1665,South Africa,PMO - US,Direct Drop,DDP,Truck,ARV,Adult,S. BUYS WHOLESALER,"Emtricitabine/Tenofovir Disoproxil Fumarate 200/300mg [Truvada], tablets, 30 Tabs",Emtricitabine/Tenofovir Disoproxil Fumarate,Truvada,300/200mg,Tablet - FDC,"Aspen-OSD, Port Elizabeth, SA",5678,30,20,723.4,36.17,1.21,1.16,,,FALSE,4/24/08,4/24/08,,2/20/08
108-VN-T01,Pre-PQ Process,SCMS-20200,ASN-2017,Vietnam,PMO - US,Direct Drop,EXW,Air,ARV,Adult,Aurobindo Pharma Limited,"Abacavir 300mg, tablets, 60 Tabs",Abacavir,Generic,300mg,Tablet,"Aurobindo Unit III, India",5701,60,500,12500,25,0.42,20,124,5217.59,TRUE,7/14/08,7/14/08,,3/31/08
108-VN-T01,Pre-PQ Process,SCMS-20341,ASN-1691,Vietnam,PMO - US,Direct Drop,EXW,Air,ARV,Adult,MYLAN LABORATORIES LTD (FORMERLY MATRIX LABORATORIES),"Tenofovir Disoproxil Fumarate 300mg, tablets, 30 Tabs",Tenofovir Disoproxil Fumarate,Generic,300mg,Tablet,Mylan (formerly Matrix) Nashik,5703,30,2016,27538.56,13.66,0.46,44.06,122,2864.44,TRUE,6/1/08,5/22/08,,4/10/08
104-CI-T01,Pre-PQ Process,SCMS-21270,ASN-1669,Côte d'Ivoire,PMO - US,Direct Drop,EXW,Air,HRDT,HIV test,"Orgenics, Ltd","HIV 1/2, Determine HIV Kit, without Lancets, 100 Tests","HIV 1/2, Determine HIV Kit, without Lancets",Determine,N/A,Test kit,Inverness Japan,5713,100,250,17997.5,71.99,0.72,28.8,57,1796.68,TRUE,5/9/08,5/9/08,,4/7/08
116-ZA-T01,Pre-PQ Process,SCMS-21460,ASN-1667,South Africa,PMO - US,Direct Drop,DDP,N/A,ARV,Adult,S. BUYS WHOLESALER,"Nevirapine 200mg [Viramune], tablets, 60 Tabs",Nevirapine,Viramune,200mg,Tablet,"BI, Ingelheim, Germany",5717,60,100,2030,20.3,0.34,3.25,,,FALSE,4/25/08,4/7/08,,4/4/08
102-BW-T01,Pre-PQ Process,SCMS-22770,ASN-2235,Botswana,PMO - US,Direct Drop,EXW,Air,HRDT,HIV test - Ancillary,"Orgenics, Ltd","HIV, Lancet, Safety, for HIV Test kits, 100 Pcs","HIV, Lancet, Safety, for HIV Test kits, 100 Pcs",Generic,N/A,Test kit - Ancillary,Inverness Japan,5769,100,100,1,0.01,0,0,,,TRUE,1/20/09,1/20/09,,4/28/08
108-VN-T01,Pre-PQ Process,SCMS-23340,ASN-2277,Vietnam,PMO - US,Direct Drop,EXW,Air,ARV,Adult,Aurobindo Pharma Limited,"Lamivudine/Zidovudine 150/300mg, tablets, 60 Tabs",Lamivudine/Zidovudine,Generic,150/300mg,Tablet - FDC,"Aurobindo Unit III, India",5793,60,3024,27972,9.25,0.15,44.76,703,10356.86,TRUE,9/19/08,9/19/08,,5/13/08
108-VN-T01,Pre-PQ Process,SCMS-23350,ASN-2489,Vietnam,PMO - US,Direct Drop,FCA,Air,ARV,Adult,ABBVIE LOGISTICS (FORMERLY ABBOTT LOGISTICS BV),"Lopinavir/Ritonavir 200/50mg [Aluvia], tablets, 120 Tabs",Lopinavir/Ritonavir,Aluvia,200/50mg,Tablet,ABBVIE Ludwigshafen Germany,5794,120,1040,85488,82.2,0.68,136.78,251,2519.89,TRUE,11/16/08,11/16/08,,5/13/08
108-VN-T01,Pre-PQ Process,SCMS-23440,ASN-2335,Vietnam,PMO - US,Direct Drop,EXW,Air,ARV,Adult,MYLAN LABORATORIES LTD (FORMERLY MATRIX LABORATORIES),"Lamivudine 150mg, tablets, 60 Tabs",Lamivudine,Generic,150mg,Tablet,Mylan (formerly Matrix) Nashik,5796,60,9576,24897.6,2.6,0.04,39.84,889,7884.8,TRUE,9/20/08,9/20/08,,5/13/08
116-ZA-T01,Pre-PQ Process,SCMS-23500,ASN-2300,South Africa,PMO - US,Direct Drop,DDP,Truck,ARV,Adult,S. BUYS WHOLESALER,"Abacavir 300mg [Ziagen], tablets, Blister 6 x 10 Tabs",Abacavir,Ziagen,300mg,Tablet - blister,GSK Ware (UK),5799,60,8,397.92,49.74,0.83,0.64,,,FALSE,8/20/08,5/14/08,,
116-ZA-T01,Pre-PQ Process,SCMS-23500,ASN-2293,South Africa,PMO - US,Direct Drop,DDP,Truck,ARV,Pediatric,S. BUYS WHOLESALER,"Didanosine 100mg [Videx],chewable tablets, 60 Tabs",Didanosine,Videx,100mg,Chewable/dispersible tablet,"BMS Meymac, France",5800,60,4,56.16,14.04,0.23,0.09,,,FALSE,8/20/08,5/8/08,,
116-ZA-T01,Pre-PQ Process,SCMS-23500,ASN-2293,South Africa,PMO - US,Direct Drop,DDP,Truck,ARV,Adult,S. BUYS WHOLESALER,"Tenofovir Disoproxil Fumarate 300mg [Viread], tablets, 30 Tabs",Tenofovir Disoproxil Fumarate,Viread,300mg,Tablet,Gilead(Nycomed) Oranienburg DE,5801,30,30,738.3,24.61,0.82,1.18,,,FALSE,8/20/08,5/8/08,,
116-ZA-T01,Pre-PQ Process,SCMS-23500,ASN-2293,South Africa,PMO - US,Direct Drop,DDP,Truck,ARV,Pediatric,S. BUYS WHOLESALER,"Didanosine 2g [Videx], powder for oral solution 10mg/ml, reconstitute to 200 ml",Didanosine,Videx,2g,Powder for oral solution,"BMS Meymac, France",5802,200,6,78.48,13.08,0.07,0.13,,,FALSE,8/20/08,5/8/08,,
106-HT-T01,Pre-PQ Process,SCMS-23800,ASN-2257,Haiti,PMO - US,Direct Drop,EXW,Air,HRDT,HIV test,"Trinity Biotech, Plc","HIV 1/2, Capillus HIV Kit, 100 Tests","HIV 1/2, Capillus HIV Kit",Capillus,N/A,Test kit,"Trinity Biotech, Plc",5815,100,121,16819,139,1.39,26.91,100,1372.85,TRUE,8/22/08,8/22/08,,5/20/08
106-HT-T01,Pre-PQ Process,SCMS-23920,ASN-2569,Haiti,PMO - US,Direct Drop,EXW,Air,HRDT,HIV test,"Trinity Biotech, Plc","HIV 1/2, Capillus HIV Kit, 100 Tests","HIV 1/2, Capillus HIV Kit",Capillus,N/A,Test kit,"Trinity Biotech, Plc",5818,100,84,11676,139,1.39,18.68,54,871.71,TRUE,10/10/08,10/10/08,,5/20/08
106-HT-T01,Pre-PQ Process,SCMS-24010,ASN-3087,Haiti,PMO - US,Direct Drop,CIP,Air,HRDT,HIV test,Orasure Technologies Inc.,"HIV 1/2, OraQuick Advance HIV Rapid Antibody Kit, 100 Tests","HIV 1/2, OraQuick Advance HIV Rapid Antibody Kit",OraQuick,N/A,Test kit,"Pacific Biotech, Thailand",5821,100,28,9800,350,3.5,19.21,,,TRUE,1/14/09,1/14/09,,5/23/08
107-RW-T01,Pre-PQ Process,SCMS-25140,ASN-2116,Rwanda,PMO - US,Direct Drop,EXW,Air,HRDT,HIV test,"Orgenics, Ltd","HIV 1/2, Determine HIV Kit, without Lancets, 100 Tests","HIV 1/2, Determine HIV Kit, without Lancets",Determine,N/A,Test kit,Inverness Japan,5857,100,4327,302890,70,0.7,484.62,986,26574.61,TRUE,7/22/08,7/22/08,,6/12/08
113-ZW-T01,Pre-PQ Process,SCMS-25300,ASN-2997,Zimbabwe,PMO - US,Direct Drop,EXW,Air,HRDT,HIV test,"Orgenics, Ltd","HIV 1/2, Determine HIV Kit, without Lancets, 100 Tests","HIV 1/2, Determine HIV Kit, without Lancets",Determine,N/A,Test kit,Inverness Japan,5860,100,1396,100498.04,71.99,0.72,196.98,414,5781.14,TRUE,1/22/09,1/22/09,,6/12/08
108-VN-T01,Pre-PQ Process,SCMS-26170,ASN-2339,Vietnam,PMO - US,Direct Drop,EXW,Air,ARV,Adult,Aurobindo Pharma Limited,"Lamivudine 150mg, tablets, 60 Tabs",Lamivudine,Generic,150mg,Tablet,"Aurobindo Unit III, India",5894,60,15960,38304,2.4,0.04,61.29,755,6609.02,TRUE,9/3/08,9/3/08,,7/1/08
108-VN-T01,Pre-PQ Process,SCMS-26370,ASN-2337,Vietnam,PMO - US,Direct Drop,EXW,Air,ARV,Adult,MYLAN LABORATORIES LTD (FORMERLY MATRIX LABORATORIES),"Tenofovir Disoproxil Fumarate 300mg, tablets, 30 Tabs",Tenofovir Disoproxil Fumarate,Generic,300mg,Tablet,Mylan (formerly Matrix) Nashik,5895,30,5040,62294.4,12.36,0.41,99.67,301,4883.46,TRUE,9/19/08,9/19/08,,7/1/08
109-TZ-T01,Pre-PQ Process,SCMS-26640,ASN-2408,Tanzania,PMO - US,Direct Drop,CIP,Air,ARV,Pediatric,GLAXOSMITHKLINE EXPORT LIMITED,"Abacavir 20mg/ml [Ziagen], oral solution, Bottle, 240 ml",Abacavir,Ziagen,20mg/ml,Oral solution,GSK Mississauga (Canada),5905,240,132,1990.56,15.08,0.06,3.18,65,633,TRUE,9/8/08,9/8/08,,7/4/08
116-ZA-T01,Pre-PQ Process,SCMS-26820,ASN-2488,South Africa,PMO - US,Direct Drop,DDP,Truck,ARV,Adult,S. BUYS WHOLESALER,"Emtricitabine/Tenofovir Disoproxil Fumarate 200/300mg [Truvada], tablets, 30 Tabs",Emtricitabine/Tenofovir Disoproxil Fumarate,Truvada,300/200mg,Tablet - FDC,"Aspen-OSD, Port Elizabeth, SA",5916,30,30,1171.5,39.05,1.3,1.87,,,FALSE,7/10/08,7/8/08,,
130-NG-T01,Pre-PQ Process,SCMS-26840,ASN-2554,Nigeria,PMO - US,Direct Drop,EXW,Air,ANTM,Malaria,IDA FOUNDATION,"Sulfadoxine/Pyrimethamine 500/25mg, tablets, 1000 Tabs",Sulfadoxine/Pyrimethamine,Generic,500/25mg,Tablet - FDC,"Micro Labs Ltd. (Brown & Burk), India",5917,1000,7,184.45,26.35,0.03,0.3,488,4404.9,TRUE,10/9/08,10/9/08,,7/15/08
133-NG-T01,Pre-PQ Process,SCMS-27050,ASN-2694,Nigeria,PMO - US,Direct Drop,EXW,Air,HRDT,HIV test,"CHEMBIO DIAGNOSTIC SYSTEMS, INC.","HIV 1/2, Stat-Pak HIV, Kit, 20 Tests","HIV 1/2, Stat-Pak HIV, Kit",Stat-Pak,N/A,Test kit,Chembio Diagnostics Sys. Inc.,5928,20,8485,229095,27,1.35,449.03,2441,22229.32,TRUE,11/7/08,11/7/08,,7/18/08
108-VN-T01,Pre-PQ Process,SCMS-27290,ASN-2853,Vietnam,PMO - US,Direct Drop,FCA,Air,ARV,Adult,ABBVIE LOGISTICS (FORMERLY ABBOTT LOGISTICS BV),"Lopinavir/Ritonavir 200/50mg [Aluvia], tablets, 120 Tabs",Lopinavir/Ritonavir,Aluvia,200/50mg,Tablet,ABBVIE Ludwigshafen Germany,5935,120,6,493.2,82.2,0.68,0.97,9,2709.98,TRUE,12/2/08,12/2/08,,7/24/08
108-VN-T01,Pre-PQ Process,SCMS-27320,ASN-2792,Vietnam,PMO - US,Direct Drop,EXW,Air,ARV,Adult,Aurobindo Pharma Limited,"Abacavir 300mg, tablets, 60 Tabs",Abacavir,Generic,300mg,Tablet,"Aurobindo Unit III, India",5936,60,880,20680,23.5,0.39,40.53,331,2771.84,TRUE,11/21/08,11/21/08,,7/24/08
108-VN-T01,Pre-PQ Process,SCMS-27340,ASN-2862,Vietnam,PMO - US,Direct Drop,CIP,Air,ARV,Pediatric,BRISTOL-MYERS SQUIBB,"Didanosine 25mg [Videx], chewable tablets, 60 Tabs",Didanosine,Videx,25mg,Chewable/dispersible tablet,"BMS Meymac, France",5937,60,280,1960,7,0.12,3.84,60,1516.05,TRUE,11/21/08,11/21/08,,7/23/08
117-ET-T01,Pre-PQ Process,SCMS-28720,ASN-2579,Ethiopia,PMO - US,Direct Drop,EXW,Air,HRDT,HIV test,"SHANGHAI KEHUA BIOENGINEERING CO.,LTD.  (KHB)","HIV 1/2, SKB Colloidal Gold, Diagnostic Kit, Antibody, 50 Tests","HIV 1/2, Colloidal Gold, Diagnostic Kit, Antibody",Colloidal Gold,N/A,Test kit,"KHB Test Kit Facility, Shanghai China",5976,1,6998,160954,23,23,257.53,5057,44347.71,TRUE,10/6/08,10/3/08,,8/22/08
116-ZA-T01,Pre-PQ Process,SCMS-28830,ASN-2503,South Africa,PMO - US,Direct Drop,DDP,Truck,ARV,Adult,S. BUYS WHOLESALER,"Stavudine 30mg [Zerit], capsules, 60 Caps",Stavudine,Zerit,30mg,Capsule,"BMS Meymac, France",5978,60,350,1736,4.96,0.08,2.78,,,FALSE,8/25/08,8/14/08,,
116-ZA-T01,Pre-PQ Process,SCMS-28830,ASN-2503,South Africa,PMO - US,Direct Drop,DDP,Truck,ARV,Adult,S. BUYS WHOLESALER,"Didanosine EC 250mg [Videx EC], delayed-release capsules, Blister 3 x 10 Caps",Didanosine EC,Videx EC,250mg,Delayed-release capsules - blister,"BMS Meymac, France",5979,30,100,1828,18.28,0.61,2.92,,,FALSE,8/25/08,8/14/08,,
104-CI-T01,Pre-PQ Process,SCMS-29160,ASN-2508,Côte d'Ivoire,PMO - US,Direct Drop,EXW,Air,HRDT,HIV test,"Orgenics, Ltd","HIV 1/2, Determine HIV Kit, without Lancets, 100 Tests","HIV 1/2, Determine HIV Kit, without Lancets",Determine,N/A,Test kit,Inverness Japan,5987,100,1174,82180,70,0.7,131.49,275,4015,TRUE,10/13/08,10/13/08,,8/28/08
106-HT-T01,Pre-PQ Process,DSCM-10090,ASN-2615,Haiti,PMO - US,Direct Drop,EXW,Air,ANTM,Malaria,IDA FOUNDATION,"Chloroquine 150mg base (as phosphate), [DON] tablets, 1000 Tabs",Chloroquine base (as phosphate),Generic,150mg,Tablet,Meditab (for Cipla) Daman IN,6023,1000,30,197.1,6.57,0.01,0.39,3221,21015.77,TRUE,12/16/08,10/16/08,,
104-CI-T01,Pre-PQ Process,SCMS-30430,ASN-2799,Côte d'Ivoire,PMO - US,Direct Drop,EXW,Air,HRDT,HIV test,"Orgenics, Ltd","HIV 1/2, Determine HIV Kit, without Lancets, 100 Tests","HIV 1/2, Determine HIV Kit, without Lancets",Determine,N/A,Test kit,Inverness Japan,6041,100,1174,82180,70,0.7,161.07,268,5243.53,TRUE,12/5/08,12/5/08,,9/18/08
119-NA-T01,Pre-PQ Process,SCMS-31180,ASN-2717,Namibia,PMO - US,Direct Drop,EXW,Air,HRDT,HIV test - Ancillary,"Orgenics, Ltd","HIV, Lancet, Safety, for HIV Test kits, 100 Pcs","HIV, Lancet, Safety, for HIV Test kits, 100 Pcs",Generic,N/A,Test kit - Ancillary,Inverness Japan,6062,100,150,1.5,0.01,0,0,,,FALSE,10/29/08,10/29/08,,9/24/08
108-VN-T01,Pre-PQ Process,SCMS-31720,ASN-3312,Vietnam,PMO - US,Direct Drop,EXW,Air,ARV,Adult,Aurobindo Pharma Limited,"Lamivudine 150mg, tablets, 60 Tabs",Lamivudine,Generic,150mg,Tablet,"Aurobindo Unit III, India",6081,60,6966,16718.4,2.4,0.04,32.77,1068,3894.21,TRUE,2/27/09,2/27/09,,10/21/08
108-VN-T01,Pre-PQ Process,SCMS-31730,ASN-3313,Vietnam,PMO - US,Direct Drop,EXW,Air,ARV,Adult,Aurobindo Pharma Limited,"Nevirapine 200mg, tablets, 60 Tabs",Nevirapine,Generic,200mg,Tablet,"Aurobindo Unit III, India",6082,60,4200,12180,2.9,0.05,23.87,,,FALSE,2/23/09,2/23/09,,10/21/08
111-MZ-T01,Pre-PQ Process,SCMS-31770,ASN-2946,Mozambique,PMO - US,Direct Drop,EXW,Air,HRDT,HIV test,"Trinity Biotech, Plc","HIV 1/2, Uni-Gold HIV Kit, 20 Tests","HIV 1/2, Uni-Gold HIV Kit",Uni-Gold,N/A,Test kit,"Trinity Biotech, Plc",6084,20,4916,157312,32,1.6,308.33,1651,23300.18,TRUE,12/29/08,12/29/08,,10/14/08
117-ET-T01,Pre-PQ Process,SCMS-32400,ASN-3322,Ethiopia,PMO - US,Direct Drop,EXW,Air,HRDT,HIV test,"Trinity Biotech, Plc","HIV 1/2, Uni-Gold HIV Kit, 20 Tests","HIV 1/2, Uni-Gold HIV Kit",Uni-Gold,N/A,Test kit,"Trinity Biotech, Plc",6105,20,2500,80000,32,1.6,156.8,844,8101.57,TRUE,2/18/09,2/18/09,,10/22/08
117-ET-T01,Pre-PQ Process,SCMS-32410,ASN-2903,Ethiopia,PMO - US,Direct Drop,EXW,Air,HRDT,HIV test,"CHEMBIO DIAGNOSTIC SYSTEMS, INC.","HIV 1/2, Stat-Pak HIV, Kit, 20 Tests","HIV 1/2, Stat-Pak HIV, Kit",Stat-Pak,N/A,Test kit,Chembio Diagnostics Sys. Inc.,6106,20,8964,242028,27,1.35,474.37,3231,15619.2,TRUE,1/30/09,11/24/08,,10/22/08
117-ET-T01,Pre-PQ Process,SCMS-32630,ASN-3157,Ethiopia,PMO - US,Direct Drop,EXW,Air,HRDT,HIV test,"SHANGHAI KEHUA BIOENGINEERING CO.,LTD.  (KHB)","HIV 1/2, SKB Colloidal Gold, Diagnostic Kit, Antibody, 50 Tests","HIV 1/2, Colloidal Gold, Diagnostic Kit, Antibody",Colloidal Gold,N/A,Test kit,"KHB Test Kit Facility, Shanghai China",6111,1,3510,80730,23,23,158.23,2535,20083.74,TRUE,1/26/09,1/26/09,,10/27/08
116-ZA-T01,Pre-PQ Process,SCMS-33320,ASN-3553,South Africa,PMO - US,Direct Drop,DDP,Truck,ARV,Adult,S. BUYS WHOLESALER,"Nevirapine 200mg, tablets, 60 Tabs",Nevirapine,Generic,200mg,Tablet,"Cipla, Goa, India",6125,60,120,2355.6,19.63,0.33,4.62,,,FALSE,5/17/09,10/9/08,,
102-GY-T01,Pre-PQ Process,SCMS-33940,ASN-3423,Guyana,PMO - US,Direct Drop,CIP,Air,MRDT,Malaria,ZEPHYR BIOMEDICALS,"Malaria Paramax-3 Kit, 25 Tests",Malaria Paramax-3 Kit,Paramax,N/A,Test kit,Not Applicable,6139,25,108,4050,37.5,1.5,7.94,,,TRUE,3/6/09,3/6/09,,11/19/08
104-CI-T01,Pre-PQ Process,SCMS-35780,ASN-3151,Côte d'Ivoire,PMO - US,Direct Drop,EXW,Air,ANTM,Malaria,IDA FOUNDATION,"Quinine 300mg (as sulfate), tablets, Blister 100 x 10 Tabs",Quinine (as sulfate),Generic,300mg,Tablet - blister,"Medopharm Malur Factory, INDIA",6196,1000,12,629.88,52.49,0.05,1.23,12,536.78,TRUE,1/20/09,1/20/09,,12/19/08
139-NA-T01,Pre-PQ Process,SCMS-37070,ASN-3490,Namibia,PMO - US,Direct Drop,EXW,Air,HRDT,HIV test,"Trinity Biotech, Plc","HIV 1/2, Uni-Gold HIV Kit, 20 Tests","HIV 1/2, Uni-Gold HIV Kit",Uni-Gold,N/A,Test kit,"Trinity Biotech, Plc",6253,20,700,22400,32,1.6,43.9,236,6862.01,TRUE,3/13/09,3/13/09,,1/14/09
108-VN-T01,Pre-PQ Process,SCMS-37160,ASN-3561,Vietnam,PMO - US,Direct Drop,EXW,Air,ARV,Adult,Aurobindo Pharma Limited,"Stavudine 30mg, capsules, 60 Caps",Stavudine,Generic,30mg,Capsule,"Aurobindo Unit III, India",6257,60,9576,13885.2,1.45,0.02,27.21,,,FALSE,4/7/09,4/7/09,,1/16/09
109-TZ-T01,Pre-PQ Process,SCMS-37790,ASN-3415,Tanzania,PMO - US,Direct Drop,EXW,Air,HRDT,HIV test,"Orgenics, Ltd","HIV 1/2, Determine Complete HIV Kit, 100 Tests","HIV 1/2, Determine Complete HIV Kit",Determine,N/A,Test kit,Inverness Japan,6272,100,1132,81504,72,0.72,159.75,337,4323.93,TRUE,3/31/09,3/31/09,,1/27/09
107-RW-T01,Pre-PQ Process,SCMS-38660,ASN-3458,Rwanda,PMO - US,Direct Drop,EXW,Air,HRDT,HIV test,Premier Medical Corporation Ltd.,"HIV 1/2/O, First Response HIV 1-2.0, v.3.0 Cards Kit, 30 Tests","HIV 1/2/O, First Response HIV 1-2.0, v.3.0 Cards Kit",First Response,N/A,Test kit,Premier Med. Corp Ltd. India,6312,30,3912,88020,22.5,0.75,172.52,1320,15022.74,TRUE,4/28/09,3/11/09,,2/18/09
106-HT-T01,Pre-PQ Process,SCMS-40030,ASN-3748,Haiti,PMO - US,Direct Drop,FCA,Air,ARV,Adult,ABBVIE LOGISTICS (FORMERLY ABBOTT LOGISTICS BV),"Lopinavir/Ritonavir 200/50mg [Aluvia], tablets, 120 Tabs",Lopinavir/Ritonavir,Aluvia,200/50mg,Tablet,ABBVIE Ludwigshafen Germany,6369,120,10,411,41.1,0.34,0.81,9,807.28,TRUE,4/15/09,4/15/09,,3/6/09
108-VN-T01,Pre-PQ Process,SCMS-40390,ASN-3673,Vietnam,PMO - US,Direct Drop,CIP,Air,ARV,Pediatric,BRISTOL-MYERS SQUIBB,"Didanosine 100mg [Videx],chewable tablets, 60 Tabs",Didanosine,Videx,100mg,Chewable/dispersible tablet,"BMS Meymac, France",6381,60,260,3315,12.75,0.21,6.5,56,2246.81,TRUE,3/26/09,3/26/09,,3/6/09
116-ZA-T01,Pre-PQ Process,SCMS-40780,ASN-3607,South Africa,PMO - US,Direct Drop,DDP,Air,ARV,Adult,S. BUYS WHOLESALER,"Lamivudine 150mg, tablets, 60 Tabs",Lamivudine,Generic,150mg,Tablet,"Aurobindo Unit III, India",6394,60,5000,27450,5.49,0.09,53.8,,,FALSE,3/17/09,11/28/08,,
116-ZA-T01,Pre-PQ Process,SCMS-40810,ASN-3634,South Africa,PMO - US,Direct Drop,DDP,Air,ARV,Pediatric,S. BUYS WHOLESALER,"Stavudine 1mg/ml [Zerit], powder for oral solution, Bottle, 200 ml",Stavudine,Zerit,1mg/ml,Powder for oral solution,"BMS Meymac, France",6395,200,1320,1504.8,1.14,0.01,2.95,,,FALSE,3/31/09,12/2/08,,
116-ZA-T01,Pre-PQ Process,SCMS-40810,ASN-3634,South Africa,PMO - US,Direct Drop,DDP,Air,ARV,Pediatric,S. BUYS WHOLESALER,"Stavudine 1mg/ml, powder for oral solution, 200 ml",Stavudine,Generic,1mg/ml,Oral solution,"Aurobindo Unit III, India",6396,200,500,1000,2,0.01,1.96,,,FALSE,3/31/09,12/2/08,,
116-ZA-T01,Pre-PQ Process,SCMS-40820,ASN-3609,South Africa,PMO - US,Direct Drop,DDP,Air,ARV,Adult,S. BUYS WHOLESALER,"Stavudine 30mg [Zerit], capsules, 60 Caps",Stavudine,Zerit,30mg,Capsule,"BMS Meymac, France",6397,60,10260,39193.2,3.82,0.06,76.82,,,FALSE,4/14/09,12/4/08,,
116-ZA-T01,Pre-PQ Process,SCMS-40850,ASN-3611,South Africa,PMO - US,Direct Drop,DDP,Air,ARV,Adult,S. BUYS WHOLESALER,"Stavudine 30mg, capsules, 60 Caps",Stavudine,Generic,30mg,Capsule,"Aurobindo Unit III, India",6398,60,20213,50734.63,2.51,0.04,99.44,,,FALSE,6/16/09,1/28/09,,
116-ZA-T01,Pre-PQ Process,SCMS-41040,ASN-3623,South Africa,PMO - US,Direct Drop,DDP,Air,ARV,Adult,S. BUYS WHOLESALER,"Stavudine 30mg [Zerit], capsules, 60 Caps",Stavudine,Zerit,30mg,Capsule,"BMS Meymac, France",6399,60,1140,4286.4,3.76,0.06,8.4,,,FALSE,4/7/09,12/3/08,,
116-ZA-T01,Pre-PQ Process,SCMS-41050,ASN-3635,South Africa,PMO - US,Direct Drop,DDP,Air,ARV,Pediatric,S. BUYS WHOLESALER,"Zidovudine 10mg/ml, oral solution, Bottle, 240 ml",Zidovudine,Generic,10mg/ml,Oral solution,"Aurobindo Unit III, India",6400,240,23,83.72,3.64,0.02,0.16,,,FALSE,4/21/09,12/5/08,,
116-ZA-T01,Pre-PQ Process,SCMS-41140,ASN-3752,South Africa,PMO - US,Direct Drop,DDP,Air,ARV,Pediatric,S. BUYS WHOLESALER,"Stavudine 1mg/ml [Zerit], powder for oral solution, Bottle, 200 ml",Stavudine,Zerit,1mg/ml,Powder for oral solution,"BMS Meymac, France",6401,200,400,440,1.1,0.01,0.86,,,FALSE,3/31/09,11/21/08,,
116-ZA-T01,Pre-PQ Process,SCMS-41160,ASN-3760,South Africa,PMO - US,Direct Drop,DDP,Air,ARV,Pediatric,S. BUYS WHOLESALER,"Lamivudine 10mg/ml [Epivir], oral solution, Bottle, 240 ml",Lamivudine,Epivir,10mg/ml,Oral solution,GSK Mississauga (Canada),6402,240,156,845.52,5.42,0.02,1.66,,,FALSE,4/1/09,11/26/08,,
116-ZA-T01,Pre-PQ Process,SCMS-41170,ASN-3770,South Africa,PMO - US,Direct Drop,DDP,Air,ARV,Pediatric,S. BUYS WHOLESALER,"Lamivudine 10mg/ml [Epivir], oral solution, Bottle, 240 ml",Lamivudine,Epivir,10mg/ml,Oral solution,GSK Mississauga (Canada),6403,240,44,237.6,5.4,0.02,0.47,,,TRUE,3/18/09,3/18/09,,
116-ZA-T01,Pre-PQ Process,SCMS-41190,ASN-3732,South Africa,PMO - US,Direct Drop,DDP,Air,ARV,Adult,S. BUYS WHOLESALER,"Efavirenz 600mg [Stocrin/Sustiva], tablets, 30 Tabs",Efavirenz,Stocrin/Sustiva,600mg,Tablet,"MSD Midrand, J'burg, SA",6404,30,1600,26624,16.64,0.55,52.18,,,FALSE,3/30/09,1/21/09,,
116-ZA-T01,Pre-PQ Process,SCMS-41190,ASN-3732,South Africa,PMO - US,Direct Drop,DDP,Air,ARV,Adult,S. BUYS WHOLESALER,"Zidovudine 300mg [Retrovir], tablets, 60 Tabs",Zidovudine,Retrovir,300mg,Tablet,GSK Aranda,6405,60,800,9856,12.32,0.21,19.32,,,FALSE,3/30/09,1/21/09,,
116-ZA-T01,Pre-PQ Process,SCMS-41463,ASN-5420,South Africa,PMO - US,Direct Drop,DDP,Air,ARV,Pediatric,S. BUYS WHOLESALER,"Lamivudine 10mg/ml, oral solution, Bottle, 240 ml",Lamivudine,Generic,10mg/ml,Oral solution,"Aurobindo Unit III, India",6411,240,3304,18667.6,5.65,0.02,40.25,,,TRUE,6/25/09,10/30/09,,3/18/09
116-ZA-T01,Pre-PQ Process,SCMS-41582,ASN-4304,South Africa,PMO - US,Direct Drop,DDP,Air,ARV,Pediatric,S. BUYS WHOLESALER,"Zidovudine 10mg/ml, oral solution, Bottle, 240 ml",Zidovudine,Generic,10mg/ml,Oral solution,"Aurobindo Unit III, India",6415,240,1200,7248,6.04,0.03,14.21,,,FALSE,6/25/09,4/8/09,,3/27/09
116-ZA-T01,Pre-PQ Process,SCMS-41585,ASN-4386,South Africa,PMO - US,Direct Drop,DDP,Air,ARV,Adult,S. BUYS WHOLESALER,"Stavudine 30mg, capsules, 60 Caps",Stavudine,Generic,30mg,Capsule,"Aurobindo Unit III, India",6416,60,2775,8325,3,0.05,16.32,,,FALSE,6/25/09,4/21/09,,3/27/09
116-ZA-T01,Pre-PQ Process,SCMS-41586,ASN-4387,South Africa,PMO - US,Direct Drop,DDP,Air,ARV,Pediatric,S. BUYS WHOLESALER,"Nevirapine 10mg/ml, oral suspension, Bottle, 240 ml",Nevirapine,Generic,10mg/ml,Oral suspension,"Aurobindo Unit III, India",6417,240,150,1407,9.38,0.04,2.76,,,FALSE,6/25/09,4/15/09,,3/27/09
116-ZA-T01,Pre-PQ Process,SCMS-41587,ASN-4602,South Africa,PMO - US,Direct Drop,DDP,Air,ARV,Adult,S. BUYS WHOLESALER,"Efavirenz 600mg, tablets, 30 Tabs",Efavirenz,Generic,600mg,Tablet,"Aurobindo Unit III, India",6418,30,6500,82030,12.62,0.42,160.78,,,TRUE,6/25/09,4/16/09,,3/27/09
104-CI-T01,Pre-PQ Process,SCMS-42240,ASN-4457,Côte d'Ivoire,PMO - US,Direct Drop,FCA,Air,ARV,Pediatric,ABBVIE LOGISTICS (FORMERLY ABBOTT LOGISTICS BV),"Lopinavir/Ritonavir 80/20mg/ml [Kaletra], oral solution, cool, Bottle 5 x 60 ml",Lopinavir/Ritonavir,Kaletra,80/20mg/ml,Oral solution,ABBVIE (Abbott) Logis. UK,6431,300,50,2055,41.1,0.14,4.03,99,1939.99,TRUE,8/24/09,8/24/09,,3/30/09
116-ZA-T01,Pre-PQ Process,SCMS-47400,ASN-4284,South Africa,PMO - US,Direct Drop,DDP,Truck,ARV,Adult,S. BUYS WHOLESALER,"Tenofovir Disoproxil Fumarate 300mg [Viread], tablets, 30 Tabs",Tenofovir Disoproxil Fumarate,Viread,300mg,Tablet,"Aspen-OSD, Port Elizabeth, SA",6432,30,650,13819,21.26,0.71,27.09,,,TRUE,4/21/09,4/21/09,,4/2/09
116-ZA-T01,Pre-PQ Process,SCMS-47410,ASN-4281,South Africa,PMO - US,Direct Drop,DDP,Truck,ARV,Adult,S. BUYS WHOLESALER,"Efavirenz 600mg, tablets, 30 Tabs",Efavirenz,Generic,600mg,Tablet,"Cipla, Goa, India",6436,30,2000,25040,12.52,0.42,49.08,,,TRUE,5/15/09,4/20/09,,4/2/09
116-ZA-T01,Pre-PQ Process,SCMS-47500,ASN-4332,South Africa,PMO - US,Direct Drop,DDP,Truck,ARV,Adult,S. BUYS WHOLESALER,"Lamivudine 150mg, tablets, 60 Tabs",Lamivudine,Generic,150mg,Tablet,"Aurobindo Unit III, India",6437,60,2000,14160,7.08,0.12,27.75,,,FALSE,5/15/09,4/23/09,,4/2/09
116-ZA-T01,Pre-PQ Process,SCMS-47500,ASN-4332,South Africa,PMO - US,Direct Drop,DDP,Truck,ARV,Pediatric,S. BUYS WHOLESALER,"Stavudine 1mg/ml, powder for oral solution, 200 ml",Stavudine,Generic,1mg/ml,Oral solution,"Aurobindo Unit III, India",6438,200,400,832,2.08,0.01,1.63,,,FALSE,5/15/09,4/23/09,,4/2/09
116-ZA-T01,Pre-PQ Process,SCMS-47500,ASN-4332,South Africa,PMO - US,Direct Drop,DDP,Truck,ARV,Pediatric,S. BUYS WHOLESALER,"Nevirapine 10mg/ml, oral suspension, Bottle, 240 ml",Nevirapine,Generic,10mg/ml,Oral suspension,"Aurobindo Unit III, India",6439,240,80,750.4,9.38,0.04,1.47,,,FALSE,5/15/09,4/23/09,,4/2/09
116-ZA-T01,Pre-PQ Process,SCMS-42450,ASN-4772,South Africa,PMO - US,Direct Drop,DDP,Truck,ARV,Adult,S. BUYS WHOLESALER,"Stavudine 20mg [Zerit], capsules, 60 Caps",Stavudine,Zerit,20mg,Capsule,"BMS Meymac, France",6440,60,24,94.8,3.95,0.07,0.19,,,TRUE,5/15/09,7/17/09,,4/2/09
104-CI-T01,Pre-PQ Process,SCMS-42590,ASN-4326,Côte d'Ivoire,PMO - US,Direct Drop,EXW,Air,HRDT,HIV test,"Orgenics, Ltd","HIV 1/2, Determine HIV Kit, without Lancets, 100 Tests","HIV 1/2, Determine HIV Kit, without Lancets",Determine,N/A,Test kit,Inverness Japan,6450,100,800,56000,70,0.7,109.76,182,3272.6,TRUE,7/14/09,7/14/09,,5/27/09
110-ZM-T01,Pre-PQ Process,SCMS-42620,ASN-4357,Zambia,PMO - US,Direct Drop,EXW,Air,HRDT,HIV test,"Trinity Biotech, Plc","HIV 1/2, Uni-Gold HIV Kit, 20 Tests","HIV 1/2, Uni-Gold HIV Kit",Uni-Gold,N/A,Test kit,"Trinity Biotech, Plc",6451,20,7000,224000,32,1.6,439.04,2379,21686.21,TRUE,7/10/09,7/10/09,,4/2/09
123-NG-T01,Pre-PQ Process,SCMS-43910,ASN-4959,Nigeria,PMO - US,Direct Drop,EXW,Air,ACT,ACT,MISSIONPHARMA A/S,"Artemether/Lumefantrine 20/120mg [Coartem], scored tablets, Blister 30 x 18 Tabs",Artemether/Lumefantrine,Coartem,20/120mg,Tablet - FDC + blister,"Novartis Pharma Suffern, USA",6488,540,2000,70420,35.21,0.07,138.02,10,14515.44,TRUE,10/27/09,10/27/09,,4/10/09
108-VN-T01,Pre-PQ Process,SCMS-45080,ASN-4420,Vietnam,PMO - US,Direct Drop,EXW,Air,ARV,Adult,Aurobindo Pharma Limited,"Stavudine 30mg, capsules, 60 Caps",Stavudine,Generic,30mg,Capsule,"Aurobindo Unit III, India",6517,60,6048,8769.6,1.45,0.02,17.19,,,FALSE,7/10/09,7/10/09,,4/29/09
102-BW-T01,Pre-PQ Process,SCMS-45090,ASN-4215,Botswana,PMO - US,Direct Drop,EXW,Air,HRDT,HIV test,"Orgenics, Ltd","HIV 1/2, Determine HIV Kit, without Lancets, 100 Tests","HIV 1/2, Determine HIV Kit, without Lancets",Determine,N/A,Test kit,Inverness Japan,6519,100,1200,84000,70,0.7,164.64,274,3321.08,TRUE,7/10/09,7/10/09,,4/30/09
139-NA-T01,Pre-PQ Process,SCMS-45420,ASN-3988,Namibia,PMO - US,Direct Drop,DDP,Air,HRDT,HIV test,"Orgenics, Ltd","HIV 1/2, Clearview Complete Kit, 25 Tests","HIV 1/2, Clearview Complete Kit",Clearview,N/A,Test kit,Chembio Diagnostics Sys. Inc.,6524,25,7,525,75,3,1.03,5,87.73,TRUE,5/15/09,5/15/09,,4/30/09
108-VN-T01,Pre-PQ Process,SCMS-46490,ASN-4179,Vietnam,PMO - US,Direct Drop,CIP,Air,ARV,Pediatric,BRISTOL-MYERS SQUIBB,"Didanosine 25mg [Videx], chewable tablets, 60 Tabs",Didanosine,Videx,25mg,Chewable/dispersible tablet,"BMS Meymac, France",6544,60,120,840,7,0.12,1.65,,,TRUE,6/22/09,6/22/09,,5/25/09
108-VN-T01,Pre-PQ Process,SCMS-46550,ASN-4488,Vietnam,PMO - US,Direct Drop,CIP,Air,ARV,Pediatric,BRISTOL-MYERS SQUIBB,"Didanosine 25mg [Videx], chewable tablets, 60 Tabs",Didanosine,Videx,25mg,Chewable/dispersible tablet,"BMS Meymac, France",6546,60,320,2240,7,0.12,4.39,,,FALSE,7/28/09,7/28/09,,5/27/09
116-ZA-T01,Pre-PQ Process,SCMS-46970,ASN-4822,South Africa,PMO - US,Direct Drop,DDP,Truck,ARV,Pediatric,S. BUYS WHOLESALER,"Lopinavir/Ritonavir 80/20mg/ml [Kaletra], oral solution, cool, Bottle 5 x 60 ml",Lopinavir/Ritonavir,Kaletra,80/20mg/ml,Oral solution,ABBVIE (Abbott) Logis. UK,6561,300,50,2099,41.98,0.14,4.11,,,TRUE,7/28/09,8/5/09,,6/5/09
116-ZA-T01,Pre-PQ Process,SCMS-47051,ASN-4837,South Africa,PMO - US,Direct Drop,DDP,Truck,ARV,Pediatric,S. BUYS WHOLESALER,"Efavirenz 200mg, capsule, 90 Caps",Efavirenz,Generic,200mg,Capsule,"Aurobindo Unit III, India",6563,90,140,3540.6,25.29,0.28,6.94,,,FALSE,10/12/09,8/3/09,,6/5/09
110-ZM-T01,Pre-PQ Process,SCMS-38,ASN-25,Zambia,PMO - US,Direct Drop,FCA,Air,HRDT,HIV test,Abbott GmbH & Co. KG,"HIV 1/2, Determine Complete HIV Kit, 100 Tests","HIV 1/2, Determine Complete HIV Kit",Determine,N/A,Test kit,ABBVIE GmbH & Co.KG Wiesbaden,6595,100,500,40000,80,0.8,,171,1187.19,TRUE,8/28/06,8/28/06,,
106-HT-T01,Pre-PQ Process,SCMS-76,ASN-76,Haiti,PMO - US,Direct Drop,CIP,Air,HRDT,HIV test,PLURIPHARM S.A.,"HIV 1/2, Capillus HIV Kit, 100 Tests","HIV 1/2, Capillus HIV Kit",Capillus,N/A,Test kit,Not Applicable,6599,100,12,3240,270,2.7,,,,TRUE,9/15/06,9/15/06,,
108-VN-T01,Pre-PQ Process,SCMS-78,ASN-51,Vietnam,PMO - US,Direct Drop,EXW,Air,ARV,Adult,SUN PHARMACEUTICAL INDUSTRIES LTD (RANBAXY LABORATORIES LIMITED),"Lamivudine 150mg, tablets, 60 Tabs",Lamivudine,Generic,150mg,Tablet,"Ranbaxy, Paonta Shahib, India",6600,60,2080,8299.2,3.99,0.07,,87,10657.19,TRUE,9/1/06,9/1/06,,
108-VN-T01,Pre-PQ Process,SCMS-83,ASN-54,Vietnam,PMO - US,Direct Drop,EXW,Air,ARV,Adult,CIPLA LIMITED,"Efavirenz 600mg, tablets, 30 Tabs",Efavirenz,Generic,600mg,Tablet,"Cipla, Goa, India",6601,30,19000,323000,17,0.57,,1520,19044.32,TRUE,9/4/06,9/4/06,,
104-CI-T01,Pre-PQ Process,SCMS-108,ASN-70,Côte d'Ivoire,PMO - US,Direct Drop,FCA,Air,HRDT,HIV test,Abbott GmbH & Co. KG,"HIV 1/2, Determine Complete HIV Kit, 100 Tests","HIV 1/2, Determine Complete HIV Kit",Determine,N/A,Test kit,ABBVIE GmbH & Co.KG Wiesbaden,6608,100,600,48000,80,0.8,,205503,4110.88,TRUE,10/27/06,10/27/06,,
114-UG-T01,Pre-PQ Process,SCMS-157,ASN-127,Uganda,PMO - US,Direct Drop,EXW,Air,ARV,Adult,Aurobindo Pharma Limited,"Stavudine 30mg, capsules, 60 Caps",Stavudine,Generic,30mg,Capsule,"Aurobindo Unit III, India",6621,60,6349,12380.55,1.95,0.03,,,,FALSE,12/21/06,12/21/06,,
114-UG-T01,Pre-PQ Process,SCMS-160,ASN-124,Uganda,PMO - US,Direct Drop,EXW,Air,ARV,Adult,STRIDES ARCOLAB LIMITED,"Nevirapine 200mg, tablets, 60 Tabs",Nevirapine,Generic,200mg,Tablet,"Strides, Bangalore, India.",6622,60,6349,21586.6,3.4,0.06,,355,3181.2,TRUE,1/2/07,1/2/07,,
110-ZM-T01,Pre-PQ Process,SCMS-162,ASN-115,Zambia,PMO - US,Direct Drop,CIP,Air,ARV,Pediatric,INTERNATIONAL HEALTHCARE DISTRIBUTORS,"Lopinavir/Ritonavir 80/20mg/ml [Kaletra], oral solution, cool, Bottle 5 x 60 ml",Lopinavir/Ritonavir,Kaletra,80/20mg/ml,Oral solution,ABBVIE (Abbott) Logis. UK,6623,300,70,2877,41.1,0.14,,57,,TRUE,12/5/06,12/5/06,,
110-ZM-T01,Pre-PQ Process,SCMS-164,ASN-146,Zambia,PMO - US,Direct Drop,EXW,Air,ARV,Adult,"GILEAD SCIENCES IRELAND, INC.","Emtricitabine/Tenofovir Disoproxil Fumarate 200/300mg [Truvada], tablets, 30 Tabs",Emtricitabine/Tenofovir Disoproxil Fumarate,Truvada,300/200mg,Tablet - FDC,Gilead(Nycomed) Oranienburg DE,6624,30,14851,389838.75,26.25,0.88,,1244,6546.69,TRUE,1/9/07,1/9/07,,
108-VN-T01,Pre-PQ Process,SCMS-166,ASN-261,Vietnam,PMO - US,Direct Drop,EXW,Air,ARV,Adult,"GILEAD SCIENCES IRELAND, INC.","Tenofovir Disoproxil Fumarate 300mg [Viread], tablets, 30 Tabs",Tenofovir Disoproxil Fumarate,Viread,300mg,Tablet,Gilead(Nycomed) Oranienburg DE,6625,30,1900,32300,17,0.57,,116,14571.5,TRUE,3/16/07,3/16/07,,12/2/06
108-VN-T01,Pre-PQ Process,SCMS-168,ASN-276,Vietnam,PMO - US,Direct Drop,EXW,Air,ARV,Pediatric,Aurobindo Pharma Limited,"Stavudine 1mg/ml, powder for oral solution, 200 ml",Stavudine,Generic,1mg/ml,Oral solution,"Aurobindo Unit III, India",6626,200,1000,1450,1.45,0.01,,,,FALSE,3/14/07,3/14/07,,11/14/06
108-VN-T01,Pre-PQ Process,SCMS-170,ASN-273,Vietnam,PMO - US,Direct Drop,EXW,Air,ARV,Adult,STRIDES ARCOLAB LIMITED,"Nevirapine 200mg, tablets, 60 Tabs",Nevirapine,Generic,200mg,Tablet,"Strides, Bangalore, India.",6627,60,83000,282200,3.4,0.06,,,,FALSE,3/14/07,3/14/07,,11/15/06
110-ZM-T01,Pre-PQ Process,SCMS-223,ASN-283,Zambia,PMO - US,Direct Drop,CIP,Air,ARV,Pediatric,INTERNATIONAL HEALTHCARE DISTRIBUTORS,"Lopinavir/Ritonavir 80/20mg/ml [Kaletra], oral solution, cool, Bottle 5 x 60 ml",Lopinavir/Ritonavir,Kaletra,80/20mg/ml,Oral solution,ABBVIE (Abbott) Logis. UK,6642,300,70,2877,41.1,0.14,,58,,TRUE,3/8/07,3/8/07,,12/5/06
107-RW-T01,Pre-PQ Process,SCMS-289,ASN-192,Rwanda,PMO - US,Direct Drop,EXW,Air,HRDT,HIV test,"Trinity Biotech, Plc","HIV 1/2, Capillus HIV Kit, 100 Tests","HIV 1/2, Capillus HIV Kit",Capillus,N/A,Test kit,"Trinity Biotech, Plc",6647,100,60,10500,175,1.75,,39,859.37,TRUE,1/25/07,1/25/07,,12/29/06
111-MZ-T01,Pre-PQ Process,SCMS-608,ASN-688,Mozambique,PMO - US,Direct Drop,CIP,Air,ARV,Adult,INTERNATIONAL HEALTHCARE DISTRIBUTORS,"Didanosine EC 250mg [Videx EC], delayed-release capsules, Blister 3 x 10 Caps",Didanosine EC,Videx EC,250mg,Delayed-release capsules - blister,"BMS Meymac, France",6670,30,44,859.65,19.54,0.65,1.38,,,TRUE,9/6/07,9/6/07,,5/7/07
104-CI-T01,Pre-PQ Process,SCMS-609,ASN-704,Côte d'Ivoire,PMO - US,Direct Drop,CIP,Air,ARV,Pediatric,BRISTOL-MYERS SQUIBB,"#102198**Didanosine 200mg [Videx], tablets, 60 Tabs",Didanosine,Videx,200mg,Tablet,"BMS Meymac, France",6671,60,5721,145885.5,25.5,0.42,233.42,1232,,TRUE,9/21/07,9/21/07,,5/30/07
108-VN-T01,Pre-PQ Process,SCMS-750,ASN-804,Vietnam,PMO - US,Direct Drop,EXW,Air,ARV,Adult,SUN PHARMACEUTICAL INDUSTRIES LTD (RANBAXY LABORATORIES LIMITED),"Zidovudine 300mg, tablets, 60 Tabs",Zidovudine,Generic,300mg,Tablet,"Ranbaxy, Paonta Shahib, India",6691,60,100,894,8.94,0.15,1.43,6,2794.34,TRUE,10/24/07,10/24/07,,7/3/07
108-VN-T01,Pre-PQ Process,SCMS-751,ASN-633,Vietnam,PMO - US,Direct Drop,FCA,Air,ARV,Adult,ABBVIE LOGISTICS (FORMERLY ABBOTT LOGISTICS BV),"Lopinavir/Ritonavir 200/50mg [Aluvia], tablets, 120 Tabs",Lopinavir/Ritonavir,Aluvia,200/50mg,Tablet,ABBVIE Ludwigshafen Germany,6692,120,1000,82190,82.19,0.68,131.5,226,5294.51,TRUE,9/10/07,9/10/07,,7/3/07
102-GY-T01,Pre-PQ Process,SCMS-766,ASN-588,Guyana,PMO - US,Direct Drop,EXW,Air,HRDT,HIV test,"CHEMBIO DIAGNOSTIC SYSTEMS, INC.","HIV 1/2, Stat-Pak HIV, Kit, 20 Tests","HIV 1/2, Stat-Pak HIV, Kit",Stat-Pak,N/A,Test kit,Chembio Diagnostics Sys. Inc.,6693,20,50,1350,27,1.35,2.16,13,581.1,TRUE,8/8/07,8/8/07,,7/6/07
107-RW-T01,Pre-PQ Process,SCMS-800,ASN-719,Rwanda,PMO - US,Direct Drop,CIP,Air,ARV,Pediatric,BRISTOL-MYERS SQUIBB,"Didanosine 50mg [Videx], chewable tablets, 60 Tabs",Didanosine,Videx,50mg,Chewable/dispersible tablet,"BMS Meymac, France",6705,60,182,1729,9.5,0.16,2.77,40,86.4,TRUE,9/14/07,9/14/07,,7/17/07
108-VN-T01,Pre-PQ Process,SCMS-10970,ASN-1017,Vietnam,PMO - US,Direct Drop,EXW,Air,ARV,Pediatric,Aurobindo Pharma Limited,"Didanosine 100mg, chewable/dispersible tablets, 60 Tabs",Didanosine,Generic,100mg,Chewable/dispersible tablet,"Aurobindo Unit III, India",6724,60,1200,9300,7.75,0.13,14.88,249,3719.91,TRUE,12/19/07,12/19/07,,7/3/07
102-GY-T01,Pre-PQ Process,SCMS-11650,ASN-763,Guyana,PMO - US,Direct Drop,EXW,Air,HRDT,HIV test,"Orgenics, Ltd","HIV 1/2, Determine HIV Kit, without Lancets, 100 Tests","HIV 1/2, Determine HIV Kit, without Lancets",Determine,N/A,Test kit,Inverness Japan,6745,100,442,31819.58,71.99,0.72,50.91,100,1928.93,TRUE,9/21/07,10/8/07,,8/28/07
102-NG-T01,Pre-PQ Process,SCMS-11760,ASN-858,Nigeria,PMO - US,Direct Drop,EXW,Air,HRDT,HIV test,"CHEMBIO DIAGNOSTIC SYSTEMS, INC.","HIV 1/2, Stat-Pak HIV, Kit, 20 Tests","HIV 1/2, Stat-Pak HIV, Kit",Stat-Pak,N/A,Test kit,Chembio Diagnostics Sys. Inc.,6746,20,10000,270000,27,1.35,432,3265,6197,TRUE,11/7/07,11/7/07,,8/27/07
102-NG-T01,Pre-PQ Process,SCMS-12240,ASN-707,Nigeria,PMO - US,Direct Drop,CIP,N/A,HRDT,HIV test,ACCOUN NIGERIA LIMITED,"HIV 1/2, Determine Complete HIV Kit, 100 Tests","HIV 1/2, Determine Complete HIV Kit",Determine,N/A,Test kit,ABBVIE GmbH & Co.KG Wiesbaden,6753,100,500,40000,80,0.8,64,,,TRUE,9/7/07,5/7/07,,
102-GY-T01,Pre-PQ Process,SCMS-12680,ASN-968,Guyana,PMO - US,Direct Drop,CIF,N/A,MRDT,Malaria,ZEPHYR BIOMEDICALS,"Malaria Paramax-3 Kit, 25 Tests",Malaria Paramax-3 Kit,Paramax,N/A,Test kit,Not Applicable,6768,25,390,14625,37.5,1.5,23.4,145,186.25,TRUE,11/7/07,11/7/07,,10/2/07
107-RW-T01,Pre-PQ Process,SCMS-13900,ASN-990,Rwanda,PMO - US,Direct Drop,EXW,Air,ARV,Adult,ASPEN PHARMACARE,"Tenofovir Disoproxil Fumarate 300mg [Viread], tablets, 30 Tabs",Tenofovir Disoproxil Fumarate,Viread,300mg,Tablet,"Aspen-OSD, Port Elizabeth, SA",6837,30,84,0.84,0.01,0,0,,,FALSE,1/28/08,1/28/08,,11/12/07
116-ZA-T01,Pre-PQ Process,SCMS-14050,ASN-1251,South Africa,PMO - US,Direct Drop,DDP,N/A,ARV,Adult,"JSI R&T INSTITUTE, INC.","Stavudine 20mg [Zerit], capsules, 60 Caps",Stavudine,Zerit,20mg,Capsule,"BMS Meymac, France",6845,60,30,179.7,5.99,0.1,0.29,,,FALSE,1/29/08,1/29/08,,11/12/07
116-ZA-T01,Pre-PQ Process,SCMS-14050,ASN-1251,South Africa,PMO - US,Direct Drop,DDP,N/A,ARV,Adult,"JSI R&T INSTITUTE, INC.","Nevirapine 200mg [Viramune], tablets, 60 Tabs",Nevirapine,Viramune,200mg,Tablet,"BI, Ingelheim, Germany",6846,60,300,7272,24.24,0.4,11.64,,,FALSE,1/29/08,1/29/08,,11/12/07
107-RW-T01,Pre-PQ Process,SCMS-14221,ASN-1594,Rwanda,PMO - US,Direct Drop,CIP,Air,ARV,Adult,CIPLA LIMITED,"Lamivudine/Nevirapine/Stavudine 150/200/30mg, tablets, 60 Tabs",Lamivudine/Nevirapine/Stavudine,Generic,150/200/30mg,Tablet - FDC,"Cipla, Goa, India",6848,60,34576,242032,7,0.12,387.25,3656,10500,TRUE,4/28/08,4/22/08,,11/21/07
107-RW-T01,Pre-PQ Process,SCMS-14221,ASN-1596,Rwanda,PMO - US,Direct Drop,CIP,Air,ARV,Adult,CIPLA LIMITED,"Lamivudine/Nevirapine/Stavudine 150/200/30mg, tablets, 60 Tabs",Lamivudine/Nevirapine/Stavudine,Generic,150/200/30mg,Tablet - FDC,"Cipla, Goa, India",6849,60,16640,116480,7,0.12,186.37,1766,10500,TRUE,4/28/08,4/28/08,,11/21/07
106-HT-T01,Pre-PQ Process,SCMS-15500,ASN-1153,Haiti,PMO - US,Direct Drop,EXW,Air,HRDT,HIV test,Orasure Technologies Inc.,"HIV 1/2, OraQuick Advance HIV Rapid Antibody Kit, 100 Tests","HIV 1/2, OraQuick Advance HIV Rapid Antibody Kit",OraQuick,N/A,Test kit,"Pacific Biotech, Thailand",6881,100,25,8750,350,3.5,14,60,1521.11,TRUE,1/22/08,1/22/08,,
106-HT-T01,Pre-PQ Process,SCMS-15590,ASN-1328,Haiti,PMO - US,Direct Drop,EXW,Air,HRDT,HIV test,"Trinity Biotech, Plc","HIV 1/2, Capillus HIV Kit, 100 Tests","HIV 1/2, Capillus HIV Kit",Capillus,N/A,Test kit,"Trinity Biotech, Plc",6884,100,8,1112,139,1.39,1.78,6,3238.79,TRUE,2/18/08,2/18/08,,2/4/08
117-ET-T01,Pre-PQ Process,SCMS-16220,ASN-1329,Ethiopia,PMO - US,Direct Drop,EXW,Air,ARV,Adult,ASPEN PHARMACARE,"Tenofovir Disoproxil Fumarate 300mg [Viread], tablets, 30 Tabs",Tenofovir Disoproxil Fumarate,Viread,300mg,Tablet,"Aspen-OSD, Port Elizabeth, SA",6896,30,14820,251940,17,0.57,403.1,1233,5137.76,TRUE,3/4/08,3/4/08,,1/3/08
116-ZA-T01,Pre-PQ Process,SCMS-16600,ASN-1520,South Africa,PMO - US,Direct Drop,DDP,N/A,ARV,Pediatric,"JSI R&T INSTITUTE, INC.","Ritonavir 80mg/ml [Norvir], oral solution, cool, Bottle, 90 ml",Ritonavir,Norvir,80mg/ml,Oral solution,ABBVIE (Abbott) France,6913,90,3,27.69,9.23,0.1,0.04,,,FALSE,1/21/08,1/4/08,,1/4/08
116-ZA-T01,Pre-PQ Process,SCMS-16600,ASN-1520,South Africa,PMO - US,Direct Drop,DDP,N/A,ARV,Pediatric,"JSI R&T INSTITUTE, INC.","Lopinavir/Ritonavir 80/20mg/ml [Kaletra], oral solution, cool, Bottle 5 x 60 ml",Lopinavir/Ritonavir,Kaletra,80/20mg/ml,Oral solution,ABBVIE (Abbott) Logis. UK,6914,300,30,1384.5,46.15,0.15,2.22,,,FALSE,1/21/08,1/4/08,,1/4/08
116-ZA-T01,Pre-PQ Process,SCMS-16600,ASN-1520,South Africa,PMO - US,Direct Drop,DDP,N/A,ARV,Adult,"JSI R&T INSTITUTE, INC.","Lamivudine 150mg [Epivir], tablets, 60 Tabs",Lamivudine,Epivir,150mg,Tablet,GSK Cape Town Factory (South Africa),6915,60,2500,14525,5.81,0.1,23.24,,,FALSE,1/21/08,1/4/08,,1/4/08
109-TZ-T01,Pre-PQ Process,SCMS-16760,ASN-1697,Tanzania,PMO - US,Direct Drop,CIP,Air,ARV,Pediatric,GLAXOSMITHKLINE EXPORT LIMITED,"Abacavir 20mg/ml [Ziagen], oral solution, Bottle, 240 ml",Abacavir,Ziagen,20mg/ml,Oral solution,GSK Mississauga (Canada),6931,240,132,3300,25,0.1,5.28,,,TRUE,5/8/08,5/8/08,,1/24/08
102-NG-T01,Pre-PQ Process,SCMS-16880,ASN-1354,Nigeria,PMO - US,Direct Drop,EXW,Air,HRDT,HIV test,"CHEMBIO DIAGNOSTIC SYSTEMS, INC.","HIV 1/2, Stat-Pak HIV, Kit, 20 Tests","HIV 1/2, Stat-Pak HIV, Kit",Stat-Pak,N/A,Test kit,Chembio Diagnostics Sys. Inc.,6932,20,9380,253260,27,1.35,405.22,3058,18750.2,TRUE,4/21/08,2/29/08,,1/7/08
102-NG-T01,Pre-PQ Process,SCMS-16880,ASN-1462,Nigeria,PMO - US,Direct Drop,EXW,Air,HRDT,HIV test,"CHEMBIO DIAGNOSTIC SYSTEMS, INC.","HIV 1/2, Stat-Pak HIV, Kit, 20 Tests","HIV 1/2, Stat-Pak HIV, Kit",Stat-Pak,N/A,Test kit,Chembio Diagnostics Sys. Inc.,6933,20,8153,220131,27,1.35,352.21,2707,13535.55,TRUE,4/21/08,3/27/08,,1/7/08
111-MZ-T01,Pre-PQ Process,SCMS-18060,ASN-1650,Mozambique,PMO - US,Direct Drop,EXW,Air,HRDT,HIV test,"Orgenics, Ltd","HIV 1/2, Determine HIV Kit, without Lancets, 100 Tests","HIV 1/2, Determine HIV Kit, without Lancets",Determine,N/A,Test kit,Inverness Japan,6962,100,4200,302358,71.99,0.72,483.77,965,7781.88,TRUE,6/13/08,5/27/08,,2/25/08
102-LS-T01,Pre-PQ Process,SCMS-18360,ASN-1430,Lesotho,PMO - US,Direct Drop,DDP,Air,HRDT,HIV test,Orasure Technologies Inc.,"HIV 1/2, OraQuick Advance HIV Rapid Antibody Kit, 100 Tests","HIV 1/2, OraQuick Advance HIV Rapid Antibody Kit",OraQuick,N/A,Test kit,"Pacific Biotech, Thailand",6972,100,7,2450,350,3.5,3.92,,,TRUE,3/12/08,3/12/08,,2/27/08
123-NG-T01,Pre-PQ Process,SCMS-18740,ASN-1552,Nigeria,PMO - US,Direct Drop,EXW,Air,HRDT,HIV test,"Orgenics, Ltd","HIV 1/2, Determine HIV Kit, without Lancets, 100 Tests","HIV 1/2, Determine HIV Kit, without Lancets",Determine,N/A,Test kit,Inverness Japan,6988,100,285,22797.15,79.99,0.8,36.48,64,1629,TRUE,5/8/08,5/8/08,,3/11/08
119-NA-T01,Pre-PQ Process,SCMS-18890,ASN-1487,Namibia,PMO - US,Direct Drop,EXW,Air,HRDT,HIV test,"Orgenics, Ltd","HIV 1/2, Clearview Complete Kit, 25 Tests","HIV 1/2, Clearview Complete Kit",Clearview,N/A,Test kit,Inverness USA,6994,25,271,20325,75,3,32.52,260,1496.76,TRUE,4/2/08,4/2/08,,3/14/08
108-VN-T01,Pre-PQ Process,SCMS-19630,ASN-1718,Vietnam,PMO - US,Direct Drop,DDU,Truck,ARV,Adult,CENTRAL PHARMACEUTICAL COMPANY NO. 1,"Tenofovir Disoproxil Fumarate 300mg [Viread], tablets, 30 Tabs",Tenofovir Disoproxil Fumarate,Viread,300mg,Tablet,Gilead(Nycomed) Oranienburg DE,7007,30,1968,40717.92,20.69,0.69,65.15,,1401.49,TRUE,5/12/08,4/16/08,,3/21/08
116-ZA-T01,Pre-PQ Process,SCMS-19800,ASN-1665,South Africa,PMO - US,Direct Drop,DDP,Truck,ARV,Pediatric,S. BUYS WHOLESALER,"Lopinavir/Ritonavir 80/20mg/ml [Kaletra], oral solution, cool, Bottle 5 x 60 ml",Lopinavir/Ritonavir,Kaletra,80/20mg/ml,Oral solution,ABBVIE (Abbott) Logis. UK,7008,300,10,394,39.4,0.13,0.63,,,FALSE,4/24/08,4/24/08,,2/20/08
116-ZA-T01,Pre-PQ Process,SCMS-19800,ASN-1665,South Africa,PMO - US,Direct Drop,DDP,Truck,ARV,Pediatric,S. BUYS WHOLESALER,"Zidovudine 10mg/ml [Retrovir], oral solution, Bottle, 200 ml",Zidovudine,Retrovir,10mg/ml,Oral solution,GSK Mississauga (Canada),7009,200,100,676,6.76,0.03,1.08,,,FALSE,4/24/08,4/24/08,,2/20/08
108-VN-T01,Pre-PQ Process,SCMS-20330,ASN-1984,Vietnam,PMO - US,Direct Drop,CIP,Air,ARV,Pediatric,BRISTOL-MYERS SQUIBB,"Didanosine 25mg [Videx], chewable tablets, 60 Tabs",Didanosine,Videx,25mg,Chewable/dispersible tablet,"BMS Meymac, France",7030,60,400,2800,7,0.12,4.48,82,2211.05,TRUE,7/17/08,7/17/08,,3/31/08
108-VN-T01,Pre-PQ Process,SCMS-20490,ASN-1795,Vietnam,PMO - US,Direct Drop,EXW,Air,ARV,Pediatric,Aurobindo Pharma Limited,"Zidovudine 100mg, capsules, 100 Caps",Zidovudine,Generic,100mg,Capsule,"Aurobindo Unit III, India",7032,100,630,3458.7,5.49,0.05,5.53,48,2729.91,TRUE,6/2/08,6/2/08,,3/31/08
116-ZA-T01,Pre-PQ Process,SCMS-21460,ASN-1667,South Africa,PMO - US,Direct Drop,DDP,N/A,ARV,Pediatric,S. BUYS WHOLESALER,"Didanosine 100mg [Videx],chewable tablets, 60 Tabs",Didanosine,Videx,100mg,Chewable/dispersible tablet,"BMS Meymac, France",7055,60,6,81.66,13.61,0.23,0.13,,,FALSE,4/25/08,4/7/08,,4/4/08
116-ZA-T01,Pre-PQ Process,SCMS-21460,ASN-1666,South Africa,PMO - US,Direct Drop,DDP,N/A,ARV,Adult,S. BUYS WHOLESALER,"Lopinavir/Ritonavir 133.3/33.3mg [Kaletra], capsules, cool, 2 x 90 Caps",Lopinavir/Ritonavir,Kaletra,133.3/33.3mg,Capsule,ABBVIE (Abbott) Logis. UK,7056,180,400,14352,35.88,0.2,22.96,,,TRUE,4/25/08,4/8/08,,4/4/08
102-BW-T01,Pre-PQ Process,SCMS-22680,ASN-1832,Botswana,PMO - US,Direct Drop,EXW,Air,HRDT,HIV test,"Trinity Biotech, Plc","HIV 1/2, Uni-Gold HIV Kit, 20 Tests","HIV 1/2, Uni-Gold HIV Kit",Uni-Gold,N/A,Test kit,"Trinity Biotech, Plc",7091,20,500,16000,32,1.6,25.6,500,2442.32,TRUE,7/3/08,7/3/08,,4/28/08
102-BW-T01,Pre-PQ Process,SCMS-22710,ASN-1833,Botswana,PMO - US,Direct Drop,EXW,Air,HRDT,HIV test,"Trinity Biotech, Plc","HIV 1/2, Uni-Gold HIV Kit, 20 Tests","HIV 1/2, Uni-Gold HIV Kit",Uni-Gold,N/A,Test kit,"Trinity Biotech, Plc",7093,20,500,16000,32,1.6,25.6,500,2442.32,TRUE,7/3/08,7/3/08,,4/28/08
108-VN-T01,Pre-PQ Process,SCMS-23440,ASN-2335,Vietnam,PMO - US,Direct Drop,EXW,Air,ARV,Adult,MYLAN LABORATORIES LTD (FORMERLY MATRIX LABORATORIES),"Tenofovir Disoproxil Fumarate 300mg, tablets, 30 Tabs",Tenofovir Disoproxil Fumarate,Generic,300mg,Tablet,Mylan (formerly Matrix) Nashik,7120,30,672,9179.52,13.66,0.46,14.69,,,FALSE,9/20/08,9/20/08,,5/13/08
108-VN-T01,Pre-PQ Process,SCMS-23450,ASN-2336,Vietnam,PMO - US,Direct Drop,EXW,Air,ARV,Adult,MYLAN LABORATORIES LTD (FORMERLY MATRIX LABORATORIES),"Zidovudine 300mg, tablets, 60 Tabs",Zidovudine,Generic,300mg,Tablet,Mylan (formerly Matrix) Nashik,7121,60,648,4860,7.5,0.12,7.78,,,FALSE,9/19/08,9/19/08,,5/14/08
108-VN-T01,Pre-PQ Process,SCMS-23460,ASN-2243,Vietnam,PMO - US,Direct Drop,EXW,Air,ARV,Adult,STRIDES ARCOLAB LIMITED,"Stavudine 30mg, capsules, 60 Caps",Stavudine,Generic,30mg,Capsule,"Strides, Bangalore, India.",7122,60,9275,13448.75,1.45,0.02,21.52,432,7444.35,TRUE,8/11/08,8/11/08,,5/13/08
116-ZA-T01,Pre-PQ Process,SCMS-23500,ASN-2293,South Africa,PMO - US,Direct Drop,DDP,Truck,ARV,Pediatric,S. BUYS WHOLESALER,"Lopinavir/Ritonavir 80/20mg/ml [Kaletra], oral solution, cool, Bottle 5 x 60 ml",Lopinavir/Ritonavir,Kaletra,80/20mg/ml,Oral solution,ABBVIE (Abbott) Logis. UK,7125,300,40,1479.6,36.99,0.12,2.37,,,FALSE,8/20/08,5/8/08,,
116-ZA-T01,Pre-PQ Process,SCMS-23500,ASN-2484,South Africa,PMO - US,Direct Drop,DDP,Truck,ARV,Adult,S. BUYS WHOLESALER,"Emtricitabine/Tenofovir Disoproxil Fumarate 200/300mg [Truvada], tablets, 30 Tabs",Emtricitabine/Tenofovir Disoproxil Fumarate,Truvada,300/200mg,Tablet - FDC,Gilead(Nycomed) Oranienburg DE,7126,30,150,5737.5,38.25,1.27,9.18,,,TRUE,8/20/08,8/14/08,,
116-ZA-T01,Pre-PQ Process,SCMS-23500,ASN-2293,South Africa,PMO - US,Direct Drop,DDP,Truck,ARV,Adult,S. BUYS WHOLESALER,"Efavirenz 600mg, tablets, 30 Tabs",Efavirenz,Generic,600mg,Tablet,"Cipla, Goa, India",7127,30,1500,23790,15.86,0.53,38.06,,,FALSE,8/20/08,5/8/08,,
116-ZA-T01,Pre-PQ Process,SCMS-23500,ASN-2300,South Africa,PMO - US,Direct Drop,DDP,Truck,ARV,Pediatric,S. BUYS WHOLESALER,"Lamivudine 10mg/ml [Epivir], oral solution, Bottle, 240 ml",Lamivudine,Epivir,10mg/ml,Oral solution,GSK Mississauga (Canada),7128,240,470,2942.2,6.26,0.03,4.71,,,FALSE,8/20/08,5/14/08,,
116-ZA-T01,Pre-PQ Process,SCMS-23500,ASN-2299,South Africa,PMO - US,Direct Drop,DDP,Truck,ARV,Pediatric,S. BUYS WHOLESALER,"Zidovudine 10mg/ml [Retrovir], oral solution, Bottle, 200 ml",Zidovudine,Retrovir,10mg/ml,Oral solution,GSK Mississauga (Canada),7129,200,140,960.4,6.86,0.03,1.54,,,TRUE,8/20/08,5/14/08,,
130-NG-T01,Pre-PQ Process,SCMS-24590,ASN-2024,Nigeria,PMO - US,Direct Drop,EXW,Air,ANTM,Malaria,IDA FOUNDATION,"Sulfadoxine/Pyrimethamine 500/25mg, tablets, 1000 Tabs",Sulfadoxine/Pyrimethamine,Generic,500/25mg,Tablet - FDC,"Micro Labs Ltd. (Brown & Burk), India",7172,1000,20,527,26.35,0.03,0.84,1920,20134.43,TRUE,7/31/08,7/31/08,,6/2/08
107-RW-T01,Pre-PQ Process,SCMS-25080,ASN-2396,Rwanda,PMO - US,Direct Drop,EXW,Air,HRDT,HIV test,"Trinity Biotech, Plc","HIV 1/2, Uni-Gold HIV Kit, 20 Tests","HIV 1/2, Uni-Gold HIV Kit",Uni-Gold,N/A,Test kit,"Trinity Biotech, Plc",7176,20,3400,108800,32,1.6,174.08,1131,22370.64,TRUE,10/18/08,10/18/08,,6/12/08
107-RW-T01,Pre-PQ Process,SCMS-25210,ASN-1966,Rwanda,PMO - US,Direct Drop,EXW,Air,HRDT,HIV test,Premier Medical Corporation Ltd.,"HIV 1/2/O, First Response HIV 1-2.0, v.3.0 Cards Kit, 30 Tests","HIV 1/2/O, First Response HIV 1-2.0, v.3.0 Cards Kit",First Response,N/A,Test kit,Premier Med. Corp Ltd. India,7183,30,6180,101970,16.5,0.55,163.15,2130,17331.66,TRUE,7/4/08,7/4/08,,6/12/08
113-ZW-T01,Pre-PQ Process,SCMS-25310,ASN-2632,Zimbabwe,PMO - US,Direct Drop,EXW,Air,HRDT,HIV test,"Standard Diagnostics, Inc.","HIV 1/2, Bioline 3.0 Kit, Lancets, Capillary pipets, Alcohol swabs included, 25 Tests","HIV 1/2, Bioline 3.0 Kit, Lancets, Capillary pipets, Alcohol swabs included",Bioline,N/A,Test kit,"Standard Diagnostics, Korea",7184,25,7864,157280,20,0.8,308.27,2450,18087.86,TRUE,11/17/08,11/17/08,,6/12/08
107-RW-T01,Pre-PQ Process,SCMS-25530,ASN-2068,Rwanda,PMO - US,Direct Drop,CIP,Air,ARV,Adult,Aurobindo Pharma Limited,"Lamivudine/Zidovudine 150/300mg, tablets, 60 Tabs",Lamivudine/Zidovudine,Generic,150/300mg,Tablet - FDC,"Aurobindo Unit III, India",7201,60,45168,414642.25,9.18,0.15,663.43,3953,23071.26,TRUE,7/22/08,7/22/08,,6/13/08
116-ZA-T01,Pre-PQ Process,SCMS-25550,ASN-2294,South Africa,PMO - US,Direct Drop,DDP,Truck,ARV,Adult,S. BUYS WHOLESALER,"Emtricitabine/Tenofovir Disoproxil Fumarate 200/300mg [Truvada], tablets, 30 Tabs",Emtricitabine/Tenofovir Disoproxil Fumarate,Truvada,300/200mg,Tablet - FDC,"Aspen-OSD, Port Elizabeth, SA",7202,30,60,2368.2,39.47,1.32,3.79,,,TRUE,6/17/08,6/17/08,,
108-VN-T01,Pre-PQ Process,SCMS-26180,ASN-2274,Vietnam,PMO - US,Direct Drop,EXW,Air,ARV,Adult,Aurobindo Pharma Limited,"Nevirapine 200mg, tablets, 60 Tabs",Nevirapine,Generic,200mg,Tablet,"Aurobindo Unit III, India",7218,60,4200,12180,2.9,0.05,19.49,,,FALSE,9/19/08,9/19/08,,7/1/08
116-ZA-T01,Pre-PQ Process,SCMS-26820,ASN-2488,South Africa,PMO - US,Direct Drop,DDP,Truck,ARV,Adult,S. BUYS WHOLESALER,"Nevirapine 200mg, tablets, 60 Tabs",Nevirapine,Generic,200mg,Tablet,"Cipla, Goa, India",7244,60,120,2428.8,20.24,0.34,3.89,,,FALSE,7/10/08,7/8/08,,
102-GY-T01,Pre-PQ Process,SCMS-27030,ASN-2639,Guyana,PMO - US,Direct Drop,EXW,Air,HRDT,HIV test - Ancillary,"Orgenics, Ltd","HIV, Lancet, Safety, for HIV Test kits, 100 Pcs","HIV, Lancet, Safety, for HIV Test kits, 100 Pcs",Generic,N/A,Test kit - Ancillary,Inverness Japan,7259,100,213,2.13,0.01,0,0,14,180,TRUE,10/29/08,10/13/08,,8/21/08
133-NG-T01,Pre-PQ Process,SCMS-27070,ASN-2353,Nigeria,PMO - US,Direct Drop,EXW,Air,HRDT,HIV test - Ancillary,"Orgenics, Ltd","HIV, Lancet, Safety, for HIV Test kits, 100 Pcs","HIV, Lancet, Safety, for HIV Test kits, 100 Pcs",Generic,N/A,Test kit - Ancillary,Inverness Japan,7260,100,6875,68.75,0.01,0,0.11,,,TRUE,9/12/08,9/3/08,,8/21/08
117-ET-T01,Pre-PQ Process,SCMS-27810,ASN-2591,Ethiopia,PMO - US,Direct Drop,EXW,Air,HRDT,HIV test,"Trinity Biotech, Plc","HIV 1/2, Uni-Gold HIV Kit, 20 Tests","HIV 1/2, Uni-Gold HIV Kit",Uni-Gold,N/A,Test kit,"Trinity Biotech, Plc",7276,20,4200,134400,32,1.6,215.04,1413,18180.65,TRUE,10/6/08,10/6/08,,7/31/08
111-MZ-T01,Pre-PQ Process,SCMS-28730,ASN-2658,Mozambique,PMO - US,Direct Drop,EXW,Air,HRDT,HIV test,"Orgenics, Ltd","HIV 1/2, Determine HIV Kit, without Lancets, 100 Tests","HIV 1/2, Determine HIV Kit, without Lancets",Determine,N/A,Test kit,Inverness Japan,7321,100,7690,553603.1,71.99,0.72,1085.06,,,FALSE,11/1/08,11/1/08,,8/26/08
116-ZA-T01,Pre-PQ Process,SCMS-28830,ASN-2502,South Africa,PMO - US,Direct Drop,DDP,Truck,ARV,Adult,S. BUYS WHOLESALER,"Nevirapine 200mg, tablets, 60 Tabs",Nevirapine,Generic,200mg,Tablet,"Cipla, Goa, India",7325,60,240,4860,20.25,0.34,7.78,,,FALSE,8/25/08,8/18/08,,
116-ZA-T01,Pre-PQ Process,SCMS-28830,ASN-2503,South Africa,PMO - US,Direct Drop,DDP,Truck,ARV,Pediatric,S. BUYS WHOLESALER,"Stavudine 1mg/ml [Zerit], powder for oral solution, Bottle, 200 ml",Stavudine,Zerit,1mg/ml,Powder for oral solution,"BMS Meymac, France",7326,200,120,176.4,1.47,0.01,0.28,,,FALSE,8/25/08,8/14/08,,
116-ZA-T01,Pre-PQ Process,SCMS-28830,ASN-2503,South Africa,PMO - US,Direct Drop,DDP,Truck,ARV,Adult,S. BUYS WHOLESALER,"Lamivudine 150mg [Epivir], tablets, 60 Tabs",Lamivudine,Epivir,150mg,Tablet,GSK Cape Town Factory (South Africa),7327,60,1500,7965,5.31,0.09,12.74,,,FALSE,8/25/08,8/14/08,,
104-CI-T01,Pre-PQ Process,SCMS-29330,ASN-2923,Côte d'Ivoire,PMO - US,Direct Drop,EXW,Air,ACT,ACT,IDA FOUNDATION,"Artesunate+Amodiaquine 50+153mg, tablets, co-blister 12+12 Tabs",Artesunate+Amodiaquine,Generic,50+153mg,Tablet - FDC + co-blister,Ipca Dadra/Nagar Haveli IN,7338,24,25000,17500,0.7,0.03,34.3,634,8530.29,TRUE,1/23/09,1/23/09,,9/3/08
104-CI-T01,Pre-PQ Process,SCMS-30410,ASN-2712,Côte d'Ivoire,PMO - US,Direct Drop,EXW,Air,HRDT,HIV test,BIO-RAD LABORATORIES (FRANCE),"#108853** HIV, Genie II HIV-1/HIV-2 Kit, 40 Tests","HIV, Genie II HIV-1/HIV-2 Kit",Genie,N/A,Test kit,Bio-Rad Laboratories,7398,40,603,45828,76,1.9,89.82,679,9698.22,TRUE,11/24/08,11/24/08,,9/18/08
119-NA-T01,Pre-PQ Process,SCMS-31190,ASN-2718,Namibia,PMO - US,Direct Drop,CIP,Air,HRDT,HIV test,"Orgenics, Ltd","HIV 1/2, Clearview Complete Kit, 25 Tests","HIV 1/2, Clearview Complete Kit",Clearview,N/A,Test kit,Inverness USA,7421,25,7,525,75,3,1.03,3,85.27,TRUE,10/28/08,10/28/08,,9/24/08
108-VN-T01,Pre-PQ Process,SCMS-31720,ASN-3312,Vietnam,PMO - US,Direct Drop,EXW,Air,ARV,Adult,Aurobindo Pharma Limited,"Nevirapine 200mg, tablets, 60 Tabs",Nevirapine,Generic,200mg,Tablet,"Aurobindo Unit III, India",7436,60,7800,22620,2.9,0.05,44.34,,,FALSE,2/27/09,2/27/09,,10/21/08
117-ET-T01,Pre-PQ Process,SCMS-32630,ASN-3154,Ethiopia,PMO - US,Direct Drop,EXW,Air,HRDT,HIV test,"SHANGHAI KEHUA BIOENGINEERING CO.,LTD.  (KHB)","HIV 1/2, SKB Colloidal Gold, Diagnostic Kit, Antibody, 50 Tests","HIV 1/2, Colloidal Gold, Diagnostic Kit, Antibody",Colloidal Gold,N/A,Test kit,"KHB Test Kit Facility, Shanghai China",7467,1,3510,80730,23,23,158.23,2535,20083.74,TRUE,1/26/09,1/26/09,,10/27/08
117-ET-T01,Pre-PQ Process,SCMS-32640,ASN-2933,Ethiopia,PMO - US,Direct Drop,EXW,Air,HRDT,HIV test,"SHANGHAI KEHUA BIOENGINEERING CO.,LTD.  (KHB)","HIV 1/2, SKB Colloidal Gold, Diagnostic Kit, Antibody, 50 Tests","HIV 1/2, Colloidal Gold, Diagnostic Kit, Antibody",Colloidal Gold,N/A,Test kit,"KHB Test Kit Facility, Shanghai China",7468,1,3510,80730,23,23,158.23,2535,23035.69,TRUE,12/3/08,12/1/08,,10/27/08
117-ET-T01,Pre-PQ Process,SCMS-32640,ASN-2934,Ethiopia,PMO - US,Direct Drop,EXW,Air,HRDT,HIV test,"SHANGHAI KEHUA BIOENGINEERING CO.,LTD.  (KHB)","HIV 1/2, SKB Colloidal Gold, Diagnostic Kit, Antibody, 50 Tests","HIV 1/2, Colloidal Gold, Diagnostic Kit, Antibody",Colloidal Gold,N/A,Test kit,"KHB Test Kit Facility, Shanghai China",7469,1,3510,80730,23,23,158.23,2535,23035.69,TRUE,12/3/08,12/1/08,,10/27/08
116-ZA-T01,Pre-PQ Process,SCMS-33320,ASN-3553,South Africa,PMO - US,Direct Drop,DDP,Truck,ARV,Adult,S. BUYS WHOLESALER,"Zidovudine 300mg [Retrovir], tablets, 60 Tabs",Zidovudine,Retrovir,300mg,Tablet,GSK Aranda,7475,60,350,4417,12.62,0.21,8.66,,,FALSE,5/17/09,10/9/08,,
116-ZA-T01,Pre-PQ Process,SCMS-33320,ASN-3553,South Africa,PMO - US,Direct Drop,DDP,Truck,ARV,Adult,S. BUYS WHOLESALER,"Lamivudine 150mg [Epivir], tablets, 60 Tabs",Lamivudine,Epivir,150mg,Tablet,GSK Cape Town Factory (South Africa),7476,60,1200,5772,4.81,0.08,11.31,,,FALSE,5/17/09,10/9/08,,
116-ZA-T01,Pre-PQ Process,SCMS-33320,ASN-3553,South Africa,PMO - US,Direct Drop,DDP,Truck,ARV,Pediatric,S. BUYS WHOLESALER,"Didanosine 25mg [Videx], chewable tablets, 60 Tabs",Didanosine,Videx,25mg,Chewable/dispersible tablet,"BMS Meymac, France",7477,60,10,123.1,12.31,0.21,0.24,,,FALSE,5/17/09,10/9/08,,
108-VN-T01,Pre-PQ Process,SCMS-37160,ASN-3561,Vietnam,PMO - US,Direct Drop,EXW,Air,ARV,Adult,Aurobindo Pharma Limited,"Lamivudine/Zidovudine 150/300mg, tablets, 60 Tabs",Lamivudine/Zidovudine,Generic,150/300mg,Tablet - FDC,"Aurobindo Unit III, India",7607,60,4032,34715.52,8.61,0.14,68.04,,,FALSE,4/7/09,4/7/09,,1/16/09
109-TZ-T01,Pre-PQ Process,SCMS-38400,ASN-3694,Tanzania,PMO - US,Direct Drop,FCA,Air,ARV,Adult,ABBVIE LOGISTICS (FORMERLY ABBOTT LOGISTICS BV),"Lopinavir/Ritonavir 200/50mg [Aluvia], tablets, 120 Tabs",Lopinavir/Ritonavir,Aluvia,200/50mg,Tablet,ABBVIE Ludwigshafen Germany,7638,120,12560,516216,41.1,0.34,1011.78,3073,12815.42,TRUE,5/27/09,5/27/09,,2/5/09
104-CI-T01,Pre-PQ Process,SCMS-39420,ASN-3632,Côte d'Ivoire,PMO - US,Direct Drop,EXW,Air,HRDT,HIV test,"Orgenics, Ltd","HIV 1/2, Determine HIV Kit, without Lancets, 100 Tests","HIV 1/2, Determine HIV Kit, without Lancets",Determine,N/A,Test kit,Inverness Japan,7675,100,2000,140000,70,0.7,274.4,453,8603.58,TRUE,3/24/09,3/24/09,,2/24/09
106-HT-T01,Pre-PQ Process,SCMS-39970,ASN-3628,Haiti,PMO - US,Direct Drop,EXW,Air,ARV,Pediatric,Aurobindo Pharma Limited,"Didanosine 200mg, chewable/dispersible tablets, 60 Tabs",Didanosine,Generic,200mg,Chewable/dispersible tablet,"Aurobindo Unit III, India",7695,60,40,620,15.5,0.26,1.22,,,FALSE,4/2/09,4/2/09,,3/6/09
106-HT-T01,Pre-PQ Process,SCMS-40010,ASN-3629,Haiti,PMO - US,Direct Drop,EXW,Air,ARV,Pediatric,Aurobindo Pharma Limited,"Efavirenz 50mg, capsule, 30 Caps",Efavirenz,Generic,50mg,Capsule,"Aurobindo Unit III, India",7696,30,1242,2782.08,2.24,0.07,5.45,96,1448.55,TRUE,4/7/09,4/7/09,,3/6/09
106-HT-T01,Pre-PQ Process,SCMS-40310,ASN-3664,Haiti,PMO - US,Direct Drop,EXW,Air,HRDT,HIV test,"Trinity Biotech, Plc","HIV 1/2, Capillus HIV Kit, 100 Tests","HIV 1/2, Capillus HIV Kit",Capillus,N/A,Test kit,"Trinity Biotech, Plc",7708,100,110,15290,139,1.39,29.97,78,1953.6,TRUE,3/24/09,3/24/09,,3/9/09
116-ZA-T01,Pre-PQ Process,SCMS-40780,ASN-3607,South Africa,PMO - US,Direct Drop,DDP,Air,ARV,Adult,S. BUYS WHOLESALER,"Zidovudine 300mg, tablets, 60 Tabs",Zidovudine,Generic,300mg,Tablet,"Aurobindo Unit III, India",7718,60,300,3699,12.33,0.21,7.25,,,FALSE,3/17/09,11/28/08,,
116-ZA-T01,Pre-PQ Process,SCMS-40780,ASN-3607,South Africa,PMO - US,Direct Drop,DDP,Air,ARV,Pediatric,S. BUYS WHOLESALER,"Zidovudine 10mg/ml, oral solution, Bottle, 240 ml",Zidovudine,Generic,10mg/ml,Oral solution,"Aurobindo Unit III, India",7719,240,540,2030.4,3.76,0.02,3.98,,,FALSE,3/17/09,11/28/08,,
116-ZA-T01,Pre-PQ Process,SCMS-40780,ASN-3607,South Africa,PMO - US,Direct Drop,DDP,Air,ARV,Adult,S. BUYS WHOLESALER,"Lopinavir/Ritonavir 200/50mg [Aluvia], tablets, 120 Tabs",Lopinavir/Ritonavir,Aluvia,200/50mg,Tablet,ABBVIE Ludwigshafen Germany,7720,120,1500,47880,31.92,0.27,93.84,,,FALSE,3/17/09,11/28/08,,
116-ZA-T01,Pre-PQ Process,SCMS-40810,ASN-3634,South Africa,PMO - US,Direct Drop,DDP,Air,ARV,Adult,S. BUYS WHOLESALER,"Efavirenz 600mg, tablets, 30 Tabs",Efavirenz,Generic,600mg,Tablet,"Cipla, Goa, India",7721,30,6734,98383.74,14.61,0.49,192.83,,,FALSE,3/31/09,12/2/08,,
116-ZA-T01,Pre-PQ Process,SCMS-41050,ASN-3635,South Africa,PMO - US,Direct Drop,DDP,Air,ARV,Pediatric,S. BUYS WHOLESALER,"Efavirenz 50mg, capsule, 30 Caps",Efavirenz,Generic,50mg,Capsule,"Aurobindo Unit III, India",7728,30,144,440.64,3.06,0.1,0.86,,,FALSE,4/21/09,12/5/08,,
116-ZA-T01,Pre-PQ Process,SCMS-41090,ASN-3626,South Africa,PMO - US,Direct Drop,DDP,Air,ARV,Pediatric,S. BUYS WHOLESALER,"Efavirenz 50mg, capsule, 30 Caps",Efavirenz,Generic,50mg,Capsule,"Aurobindo Unit III, India",7729,30,2996,9197.72,3.07,0.1,18.03,,,TRUE,6/9/09,1/27/09,,
116-ZA-T01,Pre-PQ Process,SCMS-41140,ASN-3752,South Africa,PMO - US,Direct Drop,DDP,Air,ARV,Adult,S. BUYS WHOLESALER,"Saquinavir 200mg [Invirase], capsules, 270 Caps",Saquinavir,Invirase,200mg,Capsule,Roche Basel,7730,270,30,1634.7,54.49,0.2,3.2,,,FALSE,3/31/09,11/21/08,,
116-ZA-T01,Pre-PQ Process,SCMS-41140,ASN-3752,South Africa,PMO - US,Direct Drop,DDP,Air,ARV,Pediatric,S. BUYS WHOLESALER,"Efavirenz 50mg [Stocrin/Sustiva], capsule, 30 Caps",Efavirenz,Stocrin/Sustiva,50mg,Capsule,"MSD Midrand, J'burg, SA",7731,30,400,912,2.28,0.08,1.79,,,FALSE,3/31/09,11/21/08,,
116-ZA-T01,Pre-PQ Process,SCMS-41140,ASN-3752,South Africa,PMO - US,Direct Drop,DDP,Air,ARV,Pediatric,S. BUYS WHOLESALER,"Didanosine 100mg [Videx],chewable tablets, 60 Tabs",Didanosine,Videx,100mg,Chewable/dispersible tablet,"BMS Meymac, France",7732,60,10,100.6,10.06,0.17,0.2,,,FALSE,3/31/09,11/21/08,,
116-ZA-T01,Pre-PQ Process,SCMS-41190,ASN-3732,South Africa,PMO - US,Direct Drop,DDP,Air,ARV,Pediatric,S. BUYS WHOLESALER,"Stavudine 1mg/ml [Zerit], powder for oral solution, Bottle, 200 ml",Stavudine,Zerit,1mg/ml,Powder for oral solution,"BMS Meymac, France",7734,200,650,741,1.14,0.01,1.45,,,FALSE,3/30/09,1/21/09,,
116-ZA-T01,Pre-PQ Process,SCMS-41190,ASN-3732,South Africa,PMO - US,Direct Drop,DDP,Air,ARV,Pediatric,S. BUYS WHOLESALER,"Lamivudine 10mg/ml [Epivir], oral solution, Bottle, 240 ml",Lamivudine,Epivir,10mg/ml,Oral solution,GSK Mississauga (Canada),7735,240,350,1781.5,5.09,0.02,3.49,,,FALSE,3/30/09,1/21/09,,
116-ZA-T01,Pre-PQ Process,SCMS-41200,ASN-3735,South Africa,PMO - US,Direct Drop,DDP,Air,ARV,Pediatric,S. BUYS WHOLESALER,"Lopinavir/Ritonavir 80/20mg/ml [Kaletra], oral solution, cool, Bottle 5 x 60 ml",Lopinavir/Ritonavir,Kaletra,80/20mg/ml,Oral solution,ABBVIE (Abbott) Logis. UK,7736,300,70,2163.7,30.91,0.1,4.24,,,TRUE,3/30/09,1/21/09,,
116-ZA-T01,Pre-PQ Process,SCMS-41440,ASN-4180,South Africa,PMO - US,Direct Drop,DDP,Truck,ARV,Pediatric,S. BUYS WHOLESALER,"Lopinavir/Ritonavir 80/20mg/ml [Kaletra], oral solution, cool, Bottle 5 x 60 ml",Lopinavir/Ritonavir,Kaletra,80/20mg/ml,Oral solution,ABBVIE (Abbott) Logis. UK,7741,300,440,15831.2,35.98,0.12,31.03,,,TRUE,4/14/09,4/14/09,,3/18/09
116-ZA-T01,Pre-PQ Process,SCMS-41581,ASN-4196,South Africa,PMO - US,Direct Drop,DDP,Air,ARV,Pediatric,S. BUYS WHOLESALER,"Stavudine 1mg/ml, powder for oral solution, 200 ml",Stavudine,Generic,1mg/ml,Oral solution,"Aurobindo Unit III, India",7748,200,1500,3150,2.1,0.01,6.17,,,FALSE,6/25/09,4/14/09,,3/27/09
116-ZA-T01,Pre-PQ Process,SCMS-41584,ASN-4385,South Africa,PMO - US,Direct Drop,DDP,Air,ARV,Adult,S. BUYS WHOLESALER,"Lopinavir/Ritonavir 200/50mg [Aluvia], tablets, 120 Tabs",Lopinavir/Ritonavir,Aluvia,200/50mg,Tablet,ABBVIE Ludwigshafen Germany,7749,120,2965,106680.7,35.98,0.3,209.09,,,FALSE,6/25/09,4/20/09,,3/27/09
116-ZA-T01,Pre-PQ Process,SCMS-41585,ASN-4386,South Africa,PMO - US,Direct Drop,DDP,Air,ARV,Pediatric,S. BUYS WHOLESALER,"Lamivudine 10mg/ml [Epivir], oral solution, Bottle, 240 ml",Lamivudine,Epivir,10mg/ml,Oral solution,GSK Mississauga (Canada),7750,240,1900,10564,5.56,0.02,20.71,,,FALSE,6/25/09,4/21/09,,3/27/09
116-ZA-T01,Pre-PQ Process,SCMS-41580,ASN-4603,South Africa,PMO - US,Direct Drop,DDP,Truck,ARV,Adult,S. BUYS WHOLESALER,"Stavudine 30mg, capsules, 60 Caps",Stavudine,Generic,30mg,Capsule,"Aurobindo Unit III, India",7751,60,4553,13659,3,0.05,26.77,,,FALSE,6/25/09,6/5/09,,3/27/09
102-GY-T01,Pre-PQ Process,SCMS-42300,ASN-4318,Guyana,PMO - US,Direct Drop,EXW,Air,HRDT,HIV test,"Trinity Biotech, Plc","HIV 1/2, Uni-Gold HIV Kit, 20 Tests","HIV 1/2, Uni-Gold HIV Kit",Uni-Gold,N/A,Test kit,"Trinity Biotech, Plc",7775,20,1371,43872,32,1.6,85.99,468,5733.61,TRUE,7/9/09,7/9/09,,3/31/09
116-ZA-T01,Pre-PQ Process,SCMS-42440,ASN-4514,South Africa,PMO - US,Direct Drop,DDP,Truck,ARV,Pediatric,S. BUYS WHOLESALER,"Efavirenz 50mg, capsule, 30 Caps",Efavirenz,Generic,50mg,Capsule,"Aurobindo Unit III, India",7778,30,600,1890,3.15,0.1,3.7,,,TRUE,6/8/09,6/8/09,,4/2/09
116-ZA-T01,Pre-PQ Process,SCMS-47430,ASN-4244,South Africa,PMO - US,Direct Drop,DDP,Truck,ARV,Adult,S. BUYS WHOLESALER,"Nevirapine 200mg [Viramune], tablets, 60 Tabs",Nevirapine,Viramune,200mg,Tablet,"Boehringer Ing., Koropi, GR",7779,60,300,5031,16.77,0.28,9.86,,,FALSE,5/15/09,4/17/09,,4/2/09
108-VN-T01,Pre-PQ Process,SCMS-45080,ASN-4420,Vietnam,PMO - US,Direct Drop,EXW,Air,ARV,Adult,Aurobindo Pharma Limited,"Lamivudine 150mg, tablets, 60 Tabs",Lamivudine,Generic,150mg,Tablet,"Aurobindo Unit III, India",7837,60,18000,43200,2.4,0.04,84.67,,,FALSE,7/10/09,7/10/09,,4/29/09
119-NA-T01,Pre-PQ Process,SCMS-45620,ASN-4511,Namibia,PMO - US,Direct Drop,EXW,Air,ARV,Pediatric,CIPLA LIMITED,"Lamivudine/Nevirapine/Stavudine 30/50/6mg, dispersible tablets, 60 Tabs",Lamivudine/Nevirapine/Stavudine,Generic,30/50/6mg,Chewable/dispersible tablet - FDC,"Cipla, Goa, India",7847,60,1812,4348.8,2.4,0.04,8.52,,,FALSE,8/18/09,8/18/09,,5/8/09
114-UG-T01,Pre-PQ Process,SCMS-45660,ASN-4378,Uganda,PMO - US,Direct Drop,CIP,Air,ARV,Adult,BRISTOL-MYERS SQUIBB,"Didanosine EC 250mg [Videx EC], delayed-release capsules, Blister 3 x 10 Caps",Didanosine EC,Videx EC,250mg,Delayed-release capsules - blister,"BMS Meymac, France",7849,30,84,1540.56,18.34,0.61,3.02,4,390.81,TRUE,7/6/09,7/6/09,,5/11/09
102-BW-T01,Pre-PQ Process,SCMS-46080,ASN-4216,Botswana,PMO - US,Direct Drop,EXW,Air,HRDT,HIV test,"Orgenics, Ltd","HIV 1/2, Determine HIV Kit, without Lancets, 100 Tests","HIV 1/2, Determine HIV Kit, without Lancets",Determine,N/A,Test kit,Inverness Japan,7857,100,15,1050,70,0.7,2.06,4,383.65,TRUE,7/7/09,7/7/09,,5/18/09
109-TZ-T01,Pre-PQ Process,SCMS-46510,ASN-4696,Tanzania,PMO - US,Direct Drop,FCA,Air,ARV,Adult,Hoffmann-La Roche ltd Basel,"Saquinavir 200mg [Invirase], capsules, 270 Caps",Saquinavir,Invirase,200mg,Capsule,Roche Basel,7868,270,5178,461436.4,89.11,0.33,904.42,2666,16751.58,TRUE,9/25/09,9/25/09,,5/28/09
119-NA-T01,Pre-PQ Process,SCMS-47130,ASN-4416,Namibia,PMO - US,Direct Drop,EXW,Air,HRDT,HIV test,"Orgenics, Ltd","HIV 1/2, Determine HIV Kit, without Lancets, 100 Tests","HIV 1/2, Determine HIV Kit, without Lancets",Determine,N/A,Test kit,Inverness Japan,7894,100,24,1680,70,0.7,3.29,6,868.31,TRUE,7/27/09,7/27/09,,6/5/09
108-VN-T01,Pre-PQ Process,SCMS-19,ASN-13,Vietnam,PMO - US,Direct Drop,EXW,Air,ARV,Adult,Hoffmann-La Roche ltd Basel,"Nelfinavir (as mesilate) 250mg [Viracept], tablets, 270 Tabs",Nelfinavir (as mesilate),Viracept,250mg,Tablet,Roche Madrid,7921,270,1000,164620,164.62,0.61,,254,7828.28,TRUE,9/3/06,9/3/06,,
104-CI-T01,Pre-PQ Process,SCMS-21,ASN-15,Côte d'Ivoire,PMO - US,Direct Drop,FCA,Air,HRDT,HIV test,Abbott GmbH & Co. KG,"HIV 1/2, Determine Complete HIV Kit, 100 Tests","HIV 1/2, Determine Complete HIV Kit",Determine,N/A,Test kit,ABBVIE GmbH & Co.KG Wiesbaden,7922,100,500,40000,80,0.8,,171,1275.12,TRUE,9/16/06,9/16/06,,
102-NG-T01,Pre-PQ Process,SCMS-33,ASN-19,Nigeria,PMO - US,Direct Drop,DDU,N/A,HRDT,HIV test,ACCOUN NIGERIA LIMITED,"HIV 1/2, Determine Complete HIV Kit, 100 Tests","HIV 1/2, Determine Complete HIV Kit",Determine,N/A,Test kit,ABBVIE (Abbott) Japan Co. Ltd.,7926,100,500,60000,120,1.2,,,,TRUE,7/21/06,7/21/06,,
110-ZM-T01,Pre-PQ Process,SCMS-39,ASN-37,Zambia,PMO - US,Direct Drop,FCA,Air,HRDT,HIV test,Abbott GmbH & Co. KG,"HIV 1/2, Determine Complete HIV Kit, 100 Tests","HIV 1/2, Determine Complete HIV Kit",Determine,N/A,Test kit,ABBVIE GmbH & Co.KG Wiesbaden,7929,100,1000,80000,80,0.8,,343,2373.73,TRUE,9/19/06,9/19/06,,
106-HT-T01,Pre-PQ Process,SCMS-75,ASN-75,Haiti,PMO - US,Direct Drop,DDP,Air,HRDT,HIV test,REINBOLD EXPORT IMPORT,"HIV 1/2, Determine Complete HIV Kit, 100 Tests","HIV 1/2, Determine Complete HIV Kit",Determine,N/A,Test kit,ABBVIE (Abbott) Japan Co. Ltd.,7939,100,150,22500,150,1.5,,,,TRUE,9/15/06,9/15/06,,
104-CI-T01,Pre-PQ Process,SCMS-107,ASN-69,Côte d'Ivoire,PMO - US,Direct Drop,FCA,Air,HRDT,HIV test,Abbott GmbH & Co. KG,"HIV 1/2, Determine Complete HIV Kit, 100 Tests","HIV 1/2, Determine Complete HIV Kit",Determine,N/A,Test kit,ABBVIE GmbH & Co.KG Wiesbaden,7953,100,850,68000,80,0.8,,291096,156.97,TRUE,11/14/06,11/14/06,,
110-ZM-T01,Pre-PQ Process,SCMS-109,ASN-68,Zambia,PMO - US,Direct Drop,FCA,Air,HRDT,HIV test,Abbott GmbH & Co. KG,"HIV 1/2, Determine Complete HIV Kit, 100 Tests","HIV 1/2, Determine Complete HIV Kit",Determine,N/A,Test kit,ABBVIE GmbH & Co.KG Wiesbaden,7954,100,1250,100000,80,0.8,,426,2487.58,TRUE,10/31/06,10/31/06,,
110-ZM-T01,Pre-PQ Process,SCMS-139,ASN-130,Zambia,PMO - US,Direct Drop,DDU,Air,ARV,Adult,MERCK SHARP & DOHME IDEA GMBH (FORMALLY MERCK SHARP & DOHME B.V.),"Indinavir 400mg [Crixivan], capsules, 180 Caps",Indinavir,Crixivan,400mg,Capsule,MSD Elkton USA,7968,180,1307,64461.24,49.32,0.27,,,,FALSE,1/8/07,1/8/07,,
108-VN-T01,Pre-PQ Process,SCMS-167,ASN-270,Vietnam,PMO - US,Direct Drop,EXW,Air,ARV,Adult,SUN PHARMACEUTICAL INDUSTRIES LTD (RANBAXY LABORATORIES LIMITED),"Zidovudine 300mg, tablets, 60 Tabs",Zidovudine,Generic,300mg,Tablet,"Ranbaxy, Paonta Shahib, India",7970,60,100,1084,10.84,0.18,,,,FALSE,3/14/07,3/14/07,,11/14/06
114-UG-T01,Pre-PQ Process,SCMS-176,ASN-129,Uganda,PMO - US,Direct Drop,EXW,Air,ARV,Adult,ASPEN PHARMACARE,"Lamivudine/Zidovudine+Nevirapine 150/300+200mg, tablets, co-blister, 60+60 Tabs",Lamivudine/Zidovudine+Nevirapine,Generic,150/300+200mg,Tablet - FDC + co-blister,"Aspen-OSD, Port Elizabeth, SA",7975,120,1270,26670,21,0.18,,201,1262.91,TRUE,12/22/06,12/22/06,,
113-ZW-T01,Pre-PQ Process,SCMS-231,ASN-139,Zimbabwe,PMO - US,Direct Drop,CIP,Air,ARV,Pediatric,BRISTOL-MYERS SQUIBB,"#102198**Didanosine 200mg [Videx], tablets, 60 Tabs",Didanosine,Videx,200mg,Tablet,"BMS Meymac, France",7983,60,425,10837.5,25.5,0.42,,,,TRUE,12/18/06,12/18/06,,
106-HT-T01,Pre-PQ Process,SCMS-275,ASN-193,Haiti,PMO - US,Direct Drop,EXW,Air,HRDT,HIV test,"Trinity Biotech, Plc","HIV 1/2, Capillus HIV Kit, 100 Tests","HIV 1/2, Capillus HIV Kit",Capillus,N/A,Test kit,Not Applicable,7984,100,60,10500,175,1.75,,40,749.96,TRUE,1/23/07,1/23/07,,
102-NG-T01,Pre-PQ Process,SCMS-344,ASN-207,Nigeria,PMO - US,Direct Drop,EXW,Air,HRDT,HIV test,"CHEMBIO DIAGNOSTIC SYSTEMS, INC.","HIV 1/2, Stat-Pak HIV, Kit, 20 Tests","HIV 1/2, Stat-Pak HIV, Kit",Stat-Pak,N/A,Test kit,Chembio Diagnostics Sys. Inc.,7990,20,2496,67392,27,1.35,,702,4474.15,TRUE,3/15/07,3/5/07,,
102-NG-T01,Pre-PQ Process,SCMS-344,ASN-280,Nigeria,PMO - US,Direct Drop,EXW,Air,HRDT,HIV test,"CHEMBIO DIAGNOSTIC SYSTEMS, INC.","HIV 1/2, Stat-Pak HIV, Kit, 20 Tests","HIV 1/2, Stat-Pak HIV, Kit",Stat-Pak,N/A,Test kit,Chembio Diagnostics Sys. Inc.,7991,20,5004,135108,27,1.35,,1531,11731.15,TRUE,3/15/07,3/15/07,,
102-GY-T01,Pre-PQ Process,SCMS-433,ASN-281,Guyana,PMO - US,Direct Drop,EXW,Air,HRDT,HIV test,"CHEMBIO DIAGNOSTIC SYSTEMS, INC.","HIV 1/2, Stat-Pak HIV, Kit, 20 Tests","HIV 1/2, Stat-Pak HIV, Kit",Stat-Pak,N/A,Test kit,Chembio Diagnostics Sys. Inc.,8005,20,50,1350,27,1.35,,18,378.6,TRUE,3/27/07,3/27/07,,3/1/07
100-HT-T01,Pre-PQ Process,SCMS-539,ASN-364,Haiti,PMO - US,Direct Drop,EXW,Air,HRDT,HIV test,Abbott GmbH & Co. KG,"HIV 1/2, Determine Complete HIV Kit, 100 Tests","HIV 1/2, Determine Complete HIV Kit",Determine,N/A,Test kit,ABBVIE GmbH & Co.KG Wiesbaden,8017,100,1000,80000,80,0.8,,343,2802.42,TRUE,5/3/07,5/3/07,,4/4/07
102-NG-T01,Pre-PQ Process,SCMS-587,ASN-417,Nigeria,PMO - US,Direct Drop,EXW,Air,HRDT,HIV test,Abbott GmbH & Co. KG,"HIV 1/2, Determine Complete HIV Kit, 100 Tests","HIV 1/2, Determine Complete HIV Kit",Determine,N/A,Test kit,ABBVIE GmbH & Co.KG Wiesbaden,8023,100,2500,200000,80,0.8,,851,5469.91,TRUE,5/31/07,5/31/07,,4/30/07
108-VN-T01,Pre-PQ Process,SCMS-753,ASN-781,Vietnam,PMO - US,Direct Drop,EXW,Air,ARV,Pediatric,Aurobindo Pharma Limited,"Lamivudine 10mg/ml, oral solution, Bottle, 240 ml",Lamivudine,Generic,10mg/ml,Oral solution,"Aurobindo Unit III, India",8038,240,500,950,1.9,0.01,1.52,,,FALSE,10/15/07,10/15/07,,7/4/07
109-TZ-T01,Pre-PQ Process,SCMS-10250,ASN-682,Tanzania,PMO - US,Direct Drop,EXW,Air,HRDT,HIV test,"Standard Diagnostics, Inc.","HIV 1/2, Bioline 3.0 Kit, Lancets, Capillary pipets, Alcohol swabs included, 25 Tests","HIV 1/2, Bioline 3.0 Kit, Lancets, Capillary pipets, Alcohol swabs included",Bioline,N/A,Test kit,"Standard Diagnostics, Korea",8061,25,10000,200000,20,0.8,320,3336,28837.28,TRUE,10/25/07,10/25/07,,
109-TZ-T01,Pre-PQ Process,SCMS-10330,ASN-1932,Tanzania,PMO - US,Direct Drop,EXW,Air,HRDT,HIV test,"Standard Diagnostics, Inc.","HIV 1/2, Bioline 3.0 Kit, Lancets, Capillary pipets, Alcohol swabs included, 25 Tests","HIV 1/2, Bioline 3.0 Kit, Lancets, Capillary pipets, Alcohol swabs included",Bioline,N/A,Test kit,"Standard Diagnostics, Korea",8062,25,10000,200000,20,0.8,320,3122,22691.75,TRUE,7/22/08,7/22/08,,5/14/08
113-ZW-T01,Pre-PQ Process,SCMS-11690,ASN-871,Zimbabwe,PMO - US,Direct Drop,CIP,Air,HRDT,HIV test,Orasure Technologies Inc.,"HIV 1/2, OraQuick Advance HIV Rapid Antibody Kit, 100 Tests","HIV 1/2, OraQuick Advance HIV Rapid Antibody Kit",OraQuick,N/A,Test kit,"Pacific Biotech, Thailand",8100,100,5,1750,350,3.5,2.8,,,TRUE,1/10/08,1/10/08,,9/28/07
116-ZA-T01,Pre-PQ Process,SCMS-14050,ASN-1251,South Africa,PMO - US,Direct Drop,DDP,N/A,ARV,Pediatric,"JSI R&T INSTITUTE, INC.","Efavirenz 200mg [Stocrin/Sustiva], capsule, 90 Caps",Efavirenz,Stocrin/Sustiva,200mg,Capsule,"MSD Midrand, J'burg, SA",8185,90,60,2112,35.2,0.39,3.38,,,FALSE,1/29/08,1/29/08,,11/12/07
116-ZA-T01,Pre-PQ Process,SCMS-14050,ASN-1251,South Africa,PMO - US,Direct Drop,DDP,N/A,ARV,Adult,"JSI R&T INSTITUTE, INC.","Lamivudine 150mg [Epivir], tablets, 60 Tabs",Lamivudine,Epivir,150mg,Tablet,GSK Cape Town Factory (South Africa),8186,60,1500,9600,6.4,0.11,15.36,,,FALSE,1/29/08,1/29/08,,11/12/07
107-RW-T01,Pre-PQ Process,SCMS-14220,ASN-1305,Rwanda,PMO - US,Direct Drop,CIP,Air,ARV,Adult,CIPLA LIMITED,"Lamivudine/Nevirapine/Stavudine 150/200/30mg, tablets, 60 Tabs",Lamivudine/Nevirapine/Stavudine,Generic,150/200/30mg,Tablet - FDC,"Cipla, Goa, India",8192,60,100000,700000,7,0.12,1120,10303,35034.75,TRUE,4/28/08,3/11/08,,11/21/07
102-BW-T01,Pre-PQ Process,SCMS-14600,ASN-1154,Botswana,PMO - US,Direct Drop,CIF,Air,HRDT,HIV test,Orasure Technologies Inc.,"HIV 1/2, OraQuick Advance HIV Rapid Antibody Kit, 100 Tests","HIV 1/2, OraQuick Advance HIV Rapid Antibody Kit",OraQuick,N/A,Test kit,"Pacific Biotech, Thailand",8204,100,5,1750,350,3.5,2.8,,,TRUE,12/27/07,12/27/07,,11/27/07
107-RW-T01,Pre-PQ Process,SCMS-14730,ASN-1066,Rwanda,PMO - US,Direct Drop,CIP,Air,ARV,Adult,Aurobindo Pharma Limited,"Efavirenz 600mg, tablets, 30 Tabs",Efavirenz,Generic,600mg,Tablet,"Aurobindo Unit III, India",8207,30,32510,381992.5,11.75,0.39,611.19,2791,28336.18,TRUE,1/3/08,1/3/08,,12/3/07
100-KZ-T01,Pre-PQ Process,SCMS-14780,ASN-1139,Kazakhstan,PMO - US,Direct Drop,DDP,Air,HRDT,HIV test,Orasure Technologies Inc.,"HIV 1/2, OraQuick Advance HIV Rapid Antibody Kit, 100 Tests","HIV 1/2, OraQuick Advance HIV Rapid Antibody Kit",OraQuick,N/A,Test kit,"Pacific Biotech, Thailand",8209,100,50,17500,350,3.5,28,,,TRUE,1/23/08,1/23/08,,11/30/07
102-NG-T01,Pre-PQ Process,SCMS-15060,ASN-1366,Nigeria,PMO - US,Direct Drop,DDP,N/A,HRDT,HIV test,BUNDI INTERNATIONAL DIAGNOSTICS LTD,"HIV 1/2, Bundi Rapid HIV Kit, 25 Tests","HIV 1/2, Bundi Rapid HIV Kit",Bundi,N/A,Test kit,Not Applicable,8213,1,600,22500,37.5,37.5,36,,,TRUE,1/24/08,1/24/08,,12/20/07
109-TZ-T01,Pre-PQ Process,SCMS-15220,ASN-1696,Tanzania,PMO - US,Direct Drop,CIP,Air,ARV,Pediatric,BRISTOL-MYERS SQUIBB,"Didanosine 2g [Videx], powder for oral solution 10mg/ml, reconstitute to 200 ml",Didanosine,Videx,2g,Powder for oral solution,"BMS Meymac, France",8218,200,712,8964.08,12.59,0.06,14.34,,,TRUE,5/8/08,5/8/08,,12/10/07
100-HT-T01,Pre-PQ Process,SCMS-15470,ASN-2759,Haiti,PMO - US,Direct Drop,EXW,Air,HRDT,HIV test,"Trinity Biotech, Plc","HIV 1/2, Capillus HIV Kit, 100 Tests","HIV 1/2, Capillus HIV Kit",Capillus,N/A,Test kit,"Trinity Biotech, Plc",8231,100,2,278,139,1.39,0.54,4,523.12,TRUE,11/11/08,11/11/08,,1/5/08
106-HT-T01,Pre-PQ Process,SCMS-15510,ASN-1273,Haiti,PMO - US,Direct Drop,EXW,Air,HRDT,HIV test,"Trinity Biotech, Plc","HIV 1/2, Capillus HIV Kit, 100 Tests","HIV 1/2, Capillus HIV Kit",Capillus,N/A,Test kit,"Trinity Biotech, Plc",8232,100,125,17375,139,1.39,27.8,92,1425.77,TRUE,2/11/08,2/11/08,,
116-ZA-T01,Pre-PQ Process,SCMS-16600,ASN-1520,South Africa,PMO - US,Direct Drop,DDP,N/A,ARV,Adult,"JSI R&T INSTITUTE, INC.","Lopinavir/Ritonavir 133.3/33.3mg [Kaletra], capsules, cool, 2 x 90 Caps",Lopinavir/Ritonavir,Kaletra,133.3/33.3mg,Capsule,ABBVIE (Abbott) Logis. UK,8258,180,400,18460,46.15,0.26,29.54,,,FALSE,1/21/08,1/4/08,,1/4/08
102-NG-T01,Pre-PQ Process,SCMS-16890,ASN-2267,Nigeria,PMO - US,Direct Drop,EXW,Air,HRDT,HIV test,"CHEMBIO DIAGNOSTIC SYSTEMS, INC.","HIV 1/2, Stat-Pak HIV, Kit, 20 Tests","HIV 1/2, Stat-Pak HIV, Kit",Stat-Pak,N/A,Test kit,Chembio Diagnostics Sys. Inc.,8263,20,6520,176040,27,1.35,281.66,2224,12768.47,TRUE,9/19/08,8/20/08,,1/29/08
102-NG-T01,Pre-PQ Process,SCMS-16900,ASN-1410,Nigeria,PMO - US,Direct Drop,EXW,Air,HRDT,HIV test - Ancillary,"Orgenics, Ltd","HIV, Lancet, Safety, for HIV Test kits, 100 Pcs","HIV, Lancet, Safety, for HIV Test kits, 100 Pcs",Generic,N/A,Test kit - Ancillary,Inverness Japan,8264,100,6199,61.99,0.01,0,0.1,,,TRUE,3/12/08,3/10/08,,1/29/08
128-BJ-T01,Pre-PQ Process,SCMS-17290,ASN-1355,Benin,PMO - US,Direct Drop,EXW,Air,HRDT,HIV test,"Standard Diagnostics, Inc.","HIV 1/2, Bioline 3.0 Kit, Lancets, Capillary pipets, Alcohol swabs included, 25 Tests","HIV 1/2, Bioline 3.0 Kit, Lancets, Capillary pipets, Alcohol swabs included",Bioline,N/A,Test kit,"Standard Diagnostics, Korea",8271,25,232,4640,20,0.8,7.42,70,1136.37,TRUE,3/4/08,3/4/08,,2/6/08
106-HT-T01,Pre-PQ Process,SCMS-18270,ASN-1463,Haiti,PMO - US,Direct Drop,EXW,Air,HRDT,HIV test,Orasure Technologies Inc.,"HIV 1/2, OraQuick Advance HIV Rapid Antibody Kit, 100 Tests","HIV 1/2, OraQuick Advance HIV Rapid Antibody Kit",OraQuick,N/A,Test kit,"Pacific Biotech, Thailand",8315,100,30,10500,350,3.5,16.8,72,2556.61,TRUE,3/29/08,3/29/08,,2/27/08
104-CI-T01,Pre-PQ Process,SCMS-18330,ASN-3024,Côte d'Ivoire,PMO - US,Direct Drop,EXW,Air,HRDT,HIV test,"CHEMBIO DIAGNOSTIC SYSTEMS, INC.","HIV 1/2, Stat-Pak HIV, Kit, 20 Tests","HIV 1/2, Stat-Pak HIV, Kit",Stat-Pak,N/A,Test kit,Chembio Diagnostics Sys. Inc.,8316,20,289,7803,27,1.35,15.29,84,1550.95,TRUE,2/18/09,2/18/09,,2/27/08
111-MZ-T01,Pre-PQ Process,SCMS-18340,ASN-1747,Mozambique,PMO - US,Direct Drop,EXW,Air,HRDT,HIV test - Ancillary,"Orgenics, Ltd","HIV, Lancet, Safety, for HIV Test kits, 100 Pcs","HIV, Lancet, Safety, for HIV Test kits, 100 Pcs",Generic,N/A,Test kit - Ancillary,Inverness Japan,8317,100,3000,30,0.01,0,0.05,,,TRUE,7/9/08,7/9/08,,2/27/08
129-KG-T01,Pre-PQ Process,SCMS-19120,ASN-2356,Kyrgyzstan,PMO - US,Direct Drop,DDP,Air,HRDT,HIV test,"Orgenics, Ltd","HIV 1/2, DoubleCheck II Kit, 40 Tests","HIV 1/2, DoubleCheck II Kit",DoubleCheck,N/A,Test kit,Not Applicable,8344,40,500,39500,79,1.98,63.2,,,TRUE,9/19/08,9/19/08,,3/18/08
108-VN-T01,Pre-PQ Process,SCMS-20360,ASN-2043,Vietnam,PMO - US,Direct Drop,EXW,Air,ARV,Adult,MYLAN LABORATORIES LTD (FORMERLY MATRIX LABORATORIES),"Efavirenz 600mg, tablets, 30 Tabs",Efavirenz,Generic,600mg,Tablet,Mylan (formerly Matrix) Nashik,8378,30,10080,115718.4,11.48,0.38,185.15,772,4408.29,TRUE,7/17/08,7/17/08,,3/31/08
102-NG-T01,Pre-PQ Process,SCMS-21580,ASN-1786,Nigeria,PMO - US,Direct Drop,EXW,Air,HRDT,HIV test,"Orgenics, Ltd","HIV 1/2, Determine HIV Kit, without Lancets, 100 Tests","HIV 1/2, Determine HIV Kit, without Lancets",Determine,N/A,Test kit,Inverness Japan,8407,100,1130,90388.7,79.99,0.8,144.62,258,3748.24,TRUE,5/28/08,5/28/08,,
102-BW-T01,Pre-PQ Process,SCMS-22700,ASN-1908,Botswana,PMO - US,Direct Drop,EXW,Air,HRDT,HIV test,"Orgenics, Ltd","HIV 1/2, Determine HIV Kit, without Lancets, 100 Tests","HIV 1/2, Determine HIV Kit, without Lancets",Determine,N/A,Test kit,Inverness Japan,8437,100,100,7199,71.99,0.72,11.52,28,641.06,TRUE,7/31/08,7/31/08,,4/28/08
102-BW-T01,Pre-PQ Process,SCMS-22700,ASN-1909,Botswana,PMO - US,Direct Drop,EXW,Air,HRDT,HIV test - Ancillary,"Orgenics, Ltd","HIV, Lancet, Safety, for HIV Test kits, 100 Pcs","HIV, Lancet, Safety, for HIV Test kits, 100 Pcs",Generic,N/A,Test kit - Ancillary,Inverness Japan,8438,100,100,1,0.01,0,0,,,TRUE,7/31/08,7/11/08,,4/28/08
102-BW-T01,Pre-PQ Process,SCMS-22740,ASN-2400,Botswana,PMO - US,Direct Drop,EXW,Air,HRDT,HIV test,"Trinity Biotech, Plc","HIV 1/2, Uni-Gold HIV Kit, 20 Tests","HIV 1/2, Uni-Gold HIV Kit",Uni-Gold,N/A,Test kit,"Trinity Biotech, Plc",8440,20,500,16000,32,1.6,25.6,166,1225.17,TRUE,11/18/08,11/18/08,,4/28/08
108-VN-T01,Pre-PQ Process,SCMS-23300,ASN-2485,Vietnam,PMO - US,Direct Drop,EXW,Air,ARV,Adult,CIPLA LIMITED,"Lamivudine/Nevirapine/Stavudine 150/200/30mg, tablets, 60 Tabs",Lamivudine/Nevirapine/Stavudine,Generic,150/200/30mg,Tablet - FDC,"Cipla, Goa, India",8459,60,9792,72460.8,7.4,0.12,115.94,836,5136.08,TRUE,10/6/08,10/6/08,,5/13/08
108-VN-T01,Pre-PQ Process,SCMS-23340,ASN-2277,Vietnam,PMO - US,Direct Drop,EXW,Air,ARV,Adult,Aurobindo Pharma Limited,"Nevirapine 200mg, tablets, 60 Tabs",Nevirapine,Generic,200mg,Tablet,"Aurobindo Unit III, India",8460,60,3840,12326.4,3.21,0.05,19.72,,,FALSE,9/19/08,9/19/08,,5/13/08
108-VN-T01,Pre-PQ Process,SCMS-23440,ASN-2335,Vietnam,PMO - US,Direct Drop,EXW,Air,ARV,Adult,MYLAN LABORATORIES LTD (FORMERLY MATRIX LABORATORIES),"Zidovudine 300mg, tablets, 60 Tabs",Zidovudine,Generic,300mg,Tablet,Mylan (formerly Matrix) Nashik,8461,60,432,3240,7.5,0.12,5.18,,,FALSE,9/20/08,9/20/08,,5/13/08
108-VN-T01,Pre-PQ Process,SCMS-23450,ASN-2336,Vietnam,PMO - US,Direct Drop,EXW,Air,ARV,Adult,MYLAN LABORATORIES LTD (FORMERLY MATRIX LABORATORIES),"Lamivudine 150mg, tablets, 60 Tabs",Lamivudine,Generic,150mg,Tablet,Mylan (formerly Matrix) Nashik,8462,60,14364,37346.4,2.6,0.04,59.75,,,FALSE,9/19/08,9/19/08,,5/14/08
116-ZA-T01,Pre-PQ Process,SCMS-23500,ASN-2293,South Africa,PMO - US,Direct Drop,DDP,Truck,ARV,Adult,S. BUYS WHOLESALER,"Stavudine 40mg [Zerit], capsules, 60 Caps",Stavudine,Zerit,40mg,Capsule,"BMS Meymac, France",8463,60,100,517,5.17,0.09,0.83,,,FALSE,8/20/08,5/8/08,,
116-ZA-T01,Pre-PQ Process,SCMS-23500,ASN-2293,South Africa,PMO - US,Direct Drop,DDP,Truck,ARV,Adult,S. BUYS WHOLESALER,"Didanosine EC 400mg [Videx EC], delayed-release capsules, Blister 3 x 10 Caps",Didanosine EC,Videx EC,400mg,Delayed-release capsules - blister,"BMS Meymac, France",8464,30,80,1968,24.6,0.82,3.15,,,FALSE,8/20/08,5/8/08,,
116-ZA-T01,Pre-PQ Process,SCMS-23500,ASN-2293,South Africa,PMO - US,Direct Drop,DDP,Truck,ARV,Pediatric,S. BUYS WHOLESALER,"Efavirenz 50mg [Stocrin/Sustiva], capsule, 30 Caps",Efavirenz,Stocrin/Sustiva,50mg,Capsule,"MSD Midrand, J'burg, SA",8465,30,240,717.6,2.99,0.1,1.15,,,FALSE,8/20/08,5/8/08,,
125-HT-T01,Pre-PQ Process,SCMS-23580,ASN-1821,Haiti,PMO - US,Direct Drop,EXW,Air,HRDT,HIV test,"Trinity Biotech, Plc","HIV 1/2, Capillus HIV Kit, 100 Tests","HIV 1/2, Capillus HIV Kit",Capillus,N/A,Test kit,"Trinity Biotech, Plc",8470,100,4,556,139,1.39,0.89,3,1808.19,TRUE,6/6/08,6/6/08,,5/13/08
106-HT-T01,Pre-PQ Process,SCMS-23790,ASN-2146,Haiti,PMO - US,Direct Drop,CIP,Air,HRDT,HIV test,Orasure Technologies Inc.,"HIV 1/2, OraQuick Advance HIV Rapid Antibody Kit, 100 Tests","HIV 1/2, OraQuick Advance HIV Rapid Antibody Kit",OraQuick,N/A,Test kit,"Pacific Biotech, Thailand",8475,100,54,18900,350,3.5,30.24,,,TRUE,8/20/08,8/20/08,,5/20/08
110-ZM-T01,Pre-PQ Process,SCMS-25710,ASN-2843,Zambia,PMO - US,Direct Drop,EXW,Air,HRDT,HIV test,"Standard Diagnostics, Inc.","HIV 1/2, Bioline 3.0 Kit, Lancets, Capillary pipets, Alcohol swabs included, 25 Tests","HIV 1/2, Bioline 3.0 Kit, Lancets, Capillary pipets, Alcohol swabs included",Bioline,N/A,Test kit,"Standard Diagnostics, Korea",8554,25,500,10000,20,0.8,19.6,157,1754.04,TRUE,11/18/08,11/18/08,,6/20/08
116-ZA-T01,Pre-PQ Process,SCMS-26820,ASN-2488,South Africa,PMO - US,Direct Drop,DDP,Truck,ARV,Pediatric,S. BUYS WHOLESALER,"Lopinavir/Ritonavir 80/20mg/ml [Kaletra], oral solution, cool, Bottle 5 x 60 ml",Lopinavir/Ritonavir,Kaletra,80/20mg/ml,Oral solution,ABBVIE (Abbott) Logis. UK,8590,300,10,354.6,35.46,0.12,0.57,,,FALSE,7/10/08,7/8/08,,
108-VN-T01,Pre-PQ Process,SCMS-27300,ASN-2855,Vietnam,PMO - US,Direct Drop,FCA,Air,ARV,Adult,ABBVIE LOGISTICS (FORMERLY ABBOTT LOGISTICS BV),"Lopinavir/Ritonavir 200/50mg [Aluvia], tablets, 120 Tabs",Lopinavir/Ritonavir,Aluvia,200/50mg,Tablet,ABBVIE Ludwigshafen Germany,8603,120,1080,88776,82.2,0.68,174,259,2985.93,TRUE,12/3/08,12/3/08,,7/24/08
108-VN-T01,Pre-PQ Process,SCMS-27310,ASN-2809,Vietnam,PMO - US,Direct Drop,EXW,Air,ARV,Adult,Aurobindo Pharma Limited,"Abacavir 300mg, tablets, 60 Tabs",Abacavir,Generic,300mg,Tablet,"Aurobindo Unit III, India",8604,60,380,8930,23.5,0.39,17.5,,,FALSE,11/24/08,11/24/08,,7/24/08
108-VN-T01,Pre-PQ Process,SCMS-27320,ASN-2792,Vietnam,PMO - US,Direct Drop,EXW,Air,ARV,Adult,Aurobindo Pharma Limited,"Lamivudine/Nevirapine/Zidovudine 150/200/300mg, tablets, 60 Tabs",Lamivudine/Nevirapine/Zidovudine,Generic,150/300/200mg,Tablet - FDC,"Aurobindo Unit III, India",8605,60,2200,25080,11.4,0.19,49.16,,,FALSE,11/21/08,11/21/08,,7/24/08
106-HT-T01,Pre-PQ Process,SCMS-27880,ASN-2378,Haiti,PMO - US,Direct Drop,FCA,Air,ARV,Pediatric,ABBVIE LOGISTICS (FORMERLY ABBOTT LOGISTICS BV),"Lopinavir/Ritonavir 100/25mg [Aluvia], tablets, 60 Tabs",Lopinavir/Ritonavir,Generic,100/25mg,Tablet,ABBVIE Ludwigshafen Germany,8616,60,20,205.6,10.28,0.17,0.33,19,658.68,TRUE,9/29/08,9/29/08,,8/5/08
117-ET-T01,Pre-PQ Process,SCMS-28710,ASN-2575,Ethiopia,PMO - US,Direct Drop,EXW,Air,HRDT,HIV test,"SHANGHAI KEHUA BIOENGINEERING CO.,LTD.  (KHB)","HIV 1/2, SKB Colloidal Gold, Diagnostic Kit, Antibody, 50 Tests","HIV 1/2, Colloidal Gold, Diagnostic Kit, Antibody",Colloidal Gold,N/A,Test kit,"KHB Test Kit Facility, Shanghai China",8642,1,7002,161046,23,23,257.67,5057,44347.71,TRUE,10/7/08,10/6/08,,8/22/08
116-ZA-T01,Pre-PQ Process,SCMS-28830,ASN-2503,South Africa,PMO - US,Direct Drop,DDP,Truck,ARV,Adult,S. BUYS WHOLESALER,"Efavirenz 600mg, tablets, 30 Tabs",Efavirenz,Generic,600mg,Tablet,"Cipla, Goa, India",8645,30,1500,24300,16.2,0.54,38.88,,,FALSE,8/25/08,8/14/08,,
116-ZA-T01,Pre-PQ Process,SCMS-28830,ASN-2503,South Africa,PMO - US,Direct Drop,DDP,Truck,ARV,Pediatric,S. BUYS WHOLESALER,"Efavirenz 50mg [Stocrin/Sustiva], capsule, 30 Caps",Efavirenz,Stocrin/Sustiva,50mg,Capsule,"MSD Midrand, J'burg, SA",8646,30,200,572,2.86,0.1,0.92,,,FALSE,8/25/08,8/14/08,,
133-NG-T01,Pre-PQ Process,SCMS-28870,ASN-2794,Nigeria,PMO - US,Direct Drop,EXW,Air,HRDT,HIV test,"CHEMBIO DIAGNOSTIC SYSTEMS, INC.","HIV 1/2, Stat-Pak HIV, Kit, 20 Tests","HIV 1/2, Stat-Pak HIV, Kit",Stat-Pak,N/A,Test kit,Chembio Diagnostics Sys. Inc.,8648,20,10594,286038,27,1.35,560.63,3039,24025.77,TRUE,1/15/09,11/20/08,,8/26/08
131-NG-T01,Pre-PQ Process,SCMS-30500,ASN-2896,Nigeria,PMO - US,Direct Drop,CIP,Air,ARV,Adult,MERCK SHARP & DOHME IDEA GMBH (FORMALLY MERCK SHARP & DOHME B.V.),"Efavirenz/Emtricitabine/Tenofovir Disoproxil Fumarate 600/200/300mg [Atripla], tablets, 30 Tabs",Efavirenz/Emtricitabine/Tenofovir Disoproxil Fumarate,Atripla,600/200/300mg,Tablet - FDC,"MSD, Haarlem, NL",8692,30,2000,100800,50.4,1.68,197.57,169,924.4,TRUE,3/10/09,11/24/08,,9/23/08
131-NG-T01,Pre-PQ Process,SCMS-30501,ASN-3706,Nigeria,PMO - US,Direct Drop,CIP,Air,ARV,Adult,MERCK SHARP & DOHME IDEA GMBH (FORMALLY MERCK SHARP & DOHME B.V.),"Efavirenz/Emtricitabine/Tenofovir Disoproxil Fumarate 600/200/300mg [Atripla], tablets, 30 Tabs",Efavirenz/Emtricitabine/Tenofovir Disoproxil Fumarate,Atripla,600/200/300mg,Tablet - FDC,"MSD, Haarlem, NL",8693,30,3991,201146.4,50.4,1.68,394.25,,,TRUE,3/10/09,3/10/09,,9/23/08
102-BW-T01,Pre-PQ Process,SCMS-31360,ASN-2737,Botswana,PMO - US,Direct Drop,EXW,Air,HRDT,HIV test - Ancillary,Orasure Technologies Inc.,"#109435**HIV, OraQuick Controls Kit, 3 Vials","HIV, OraQuick Controls Kit, 3 Vials",OraQuick,N/A,Test kit - Ancillary,"Orasure Technologies, Inc USA",8713,3,10,152.5,15.25,5.08,0.3,7,526.05,TRUE,11/20/08,11/20/08,,10/2/08
110-ZM-T01,Pre-PQ Process,SCMS-31390,ASN-3508,Zambia,PMO - US,Direct Drop,EXW,Air,HRDT,HIV test - Ancillary,"Orgenics, Ltd","HIV, Lancet, Safety, for HIV Test kits, 100 Pcs","HIV, Lancet, Safety, for HIV Test kits, 100 Pcs",Generic,N/A,Test kit - Ancillary,Inverness Japan,8714,100,5500,55,0.01,0,0.11,,,FALSE,3/18/09,3/18/09,,10/2/08
111-MZ-T01,Pre-PQ Process,SCMS-31750,ASN-3507,Mozambique,PMO - US,Direct Drop,EXW,Air,HRDT,HIV test,"Orgenics, Ltd","HIV 1/2, Determine Complete HIV Kit, 100 Tests","HIV 1/2, Determine Complete HIV Kit",Determine,N/A,Test kit,Inverness Japan,8735,100,4800,345600,72,0.72,677.38,1417,13093.27,TRUE,4/14/09,4/14/09,,10/14/08
119-NA-T01,Pre-PQ Process,SCMS-31790,ASN-2947,Namibia,PMO - US,Direct Drop,EXW,Air,HRDT,HIV test,"Trinity Biotech, Plc","HIV 1/2, Uni-Gold HIV Kit, 20 Tests","HIV 1/2, Uni-Gold HIV Kit",Uni-Gold,N/A,Test kit,"Trinity Biotech, Plc",8737,20,650,20800,32,1.6,40.77,278,7936.81,TRUE,12/22/08,12/22/08,,10/14/08
119-NA-T01,Pre-PQ Process,SCMS-31800,ASN-3210,Namibia,PMO - US,Direct Drop,EXW,Air,HRDT,HIV test,"Orgenics, Ltd","HIV 1/2, Clearview Complete Kit, 25 Tests","HIV 1/2, Clearview Complete Kit",Clearview,N/A,Test kit,Inverness USA,8738,25,20,1500,75,3,2.94,9,1153.43,TRUE,1/23/09,1/23/09,,10/14/08
141-NA-T01,Pre-PQ Process,SCMS-32420,ASN-3079,Namibia,PMO - US,Direct Drop,EXW,Air,HRDT,HIV test,"Trinity Biotech, Plc","HIV 1/2, Uni-Gold HIV Kit, 20 Tests","HIV 1/2, Uni-Gold HIV Kit",Uni-Gold,N/A,Test kit,"Trinity Biotech, Plc",8760,20,35,1120,32,1.6,2.2,12,585.12,TRUE,1/14/09,1/14/09,,10/24/08
117-ET-T01,Pre-PQ Process,SCMS-32640,ASN-2936,Ethiopia,PMO - US,Direct Drop,EXW,Air,HRDT,HIV test,"SHANGHAI KEHUA BIOENGINEERING CO.,LTD.  (KHB)","HIV 1/2, SKB Colloidal Gold, Diagnostic Kit, Antibody, 50 Tests","HIV 1/2, Colloidal Gold, Diagnostic Kit, Antibody",Colloidal Gold,N/A,Test kit,"KHB Test Kit Facility, Shanghai China",8770,1,3470,79810,23,23,156.43,2509,22803.8,TRUE,12/3/08,12/1/08,,10/27/08
109-TZ-T01,Pre-PQ Process,SCMS-34430,ASN-3699,Tanzania,PMO - US,Direct Drop,EXW,Air,HRDT,HIV test,"Trinity Biotech, Plc","HIV 1/2, Uni-Gold HIV Kit, 20 Tests","HIV 1/2, Uni-Gold HIV Kit",Uni-Gold,N/A,Test kit,"Trinity Biotech, Plc",8802,20,839,26848,32,1.6,52.62,277,3146.63,TRUE,5/17/09,5/17/09,,12/2/08
109-TZ-T01,Pre-PQ Process,SCMS-34690,ASN-3853,Tanzania,PMO - US,Direct Drop,CIP,Air,ARV,Adult,MERCK SHARP & DOHME IDEA GMBH (FORMALLY MERCK SHARP & DOHME B.V.),"Efavirenz/Emtricitabine/Tenofovir Disoproxil Fumarate 600/200/300mg [Atripla], tablets, 30 Tabs",Efavirenz/Emtricitabine/Tenofovir Disoproxil Fumarate,Atripla,600/200/300mg,Tablet - FDC,"MSD, Haarlem, NL",8803,30,2680,135072,50.4,1.68,264.74,,,FALSE,6/15/09,6/15/09,,12/30/08
109-TZ-T01,Pre-PQ Process,SCMS-36490,ASN-3170,Tanzania,PMO - US,Direct Drop,FCA,Air,ARV,Adult,ABBVIE LOGISTICS (FORMERLY ABBOTT LOGISTICS BV),"Lopinavir/Ritonavir 200/50mg [Aluvia], tablets, 120 Tabs",Lopinavir/Ritonavir,Aluvia,200/50mg,Tablet,ABBVIE Ludwigshafen Germany,8864,120,12500,513750,41.1,0.34,1006.95,3088,12937.16,TRUE,2/23/09,2/23/09,,12/30/08
108-VN-T01,Pre-PQ Process,SCMS-37200,ASN-3630,Vietnam,PMO - US,Direct Drop,EXW,Air,ARV,Adult,MYLAN LABORATORIES LTD (FORMERLY MATRIX LABORATORIES),"Zidovudine 300mg, tablets, 60 Tabs",Zidovudine,Generic,300mg,Tablet,Mylan (formerly Matrix) Nashik,8892,60,168,1260,7.5,0.12,2.47,9,2793.62,TRUE,4/9/09,4/9/09,,1/16/09
108-VN-T01,Pre-PQ Process,SCMS-37190,ASN-3522,Vietnam,PMO - US,Direct Drop,EXW,Air,ARV,Adult,CIPLA LIMITED,"Lamivudine/Nevirapine/Stavudine 150/200/30mg, tablets, 60 Tabs",Lamivudine/Nevirapine/Stavudine,Generic,150/200/30mg,Tablet - FDC,"Cipla, Goa, India",8893,60,24480,168912,6.9,0.12,331.07,2165,4443.97,TRUE,3/27/09,3/27/09,,1/16/09
144-BW-T01,Pre-PQ Process,SCMS-38050,ASN-3424,Botswana,PMO - US,Direct Drop,EXW,Air,HRDT,HIV test,Orasure Technologies Inc.,"HIV 1/2, OraQuick Advance HIV Rapid Antibody Kit, 100 Tests","HIV 1/2, OraQuick Advance HIV Rapid Antibody Kit",OraQuick,N/A,Test kit,"Pacific Biotech, Thailand",8909,100,5,1750,350,3.5,3.43,12,810.85,TRUE,3/3/09,3/3/09,,2/6/09
109-TZ-T01,Pre-PQ Process,SCMS-38410,ASN-4381,Tanzania,PMO - US,Direct Drop,FCA,Air,ARV,Adult,ABBVIE LOGISTICS (FORMERLY ABBOTT LOGISTICS BV),"Lopinavir/Ritonavir 200/50mg [Aluvia], tablets, 120 Tabs",Lopinavir/Ritonavir,Aluvia,200/50mg,Tablet,ABBVIE Ludwigshafen Germany,8922,120,60,2466,41.1,0.34,4.83,,,FALSE,8/11/09,8/11/09,,2/5/09
107-RW-T01,Pre-PQ Process,SCMS-38680,ASN-3697,Rwanda,PMO - US,Direct Drop,EXW,Air,HRDT,HIV test,"Trinity Biotech, Plc","HIV 1/2, Uni-Gold HIV Kit, 20 Tests","HIV 1/2, Uni-Gold HIV Kit",Uni-Gold,N/A,Test kit,"Trinity Biotech, Plc",8951,20,1163,37216,32,1.6,72.94,385,6269.97,TRUE,4/6/09,4/6/09,,2/18/09
107-RW-T01,Pre-PQ Process,SCMS-30311,ASN-3852,Rwanda,PMO - US,Direct Drop,CIP,Air,ARV,Adult,CIPLA LIMITED,"Lamivudine/Zidovudine 150/300mg, tablets, 60 Tabs",Lamivudine/Zidovudine,Generic,150/300mg,Tablet - FDC,"Cipla, Goa, India",8989,60,22752,207043.2,9.1,0.15,405.8,2086,853.87,TRUE,4/21/09,4/21/09,,10/21/08
106-HT-T01,Pre-PQ Process,SCMS-39940,ASN-3753,Haiti,PMO - US,Direct Drop,FCA,Air,ARV,Pediatric,ABBVIE LOGISTICS (FORMERLY ABBOTT LOGISTICS BV),"Lopinavir/Ritonavir 100/25mg [Aluvia], tablets, 60 Tabs",Lopinavir/Ritonavir,Generic,100/25mg,Tablet,ABBVIE Ludwigshafen Germany,8996,60,14,143.92,10.28,0.17,0.28,7,810.36,TRUE,4/15/09,4/15/09,,3/4/09
106-HT-T01,Pre-PQ Process,SCMS-40050,ASN-3743,Haiti,PMO - US,Direct Drop,EXW,Air,ARV,Adult,MYLAN LABORATORIES LTD (FORMERLY MATRIX LABORATORIES),"Tenofovir Disoproxil Fumarate 300mg, tablets, 30 Tabs",Tenofovir Disoproxil Fumarate,Generic,300mg,Tablet,Mylan (formerly Matrix) Nashik,9000,30,560,5040,9,0.3,9.88,32050,806.55,TRUE,4/21/09,4/21/09,,3/6/09
106-HT-T01,Pre-PQ Process,SCMS-40060,ASN-3712,Haiti,PMO - US,Direct Drop,FCA,Air,ARV,Pediatric,ABBVIE LOGISTICS (FORMERLY ABBOTT LOGISTICS BV),"Lopinavir/Ritonavir 80/20mg/ml [Kaletra], oral solution, cool, Bottle 5 x 60 ml",Lopinavir/Ritonavir,Kaletra,80/20mg/ml,Oral solution,ABBVIE (Abbott) Logis. UK,9002,300,50,2055,41.1,0.14,4.03,99,2704.58,TRUE,4/20/09,4/20/09,,3/6/09
116-ZA-T01,Pre-PQ Process,SCMS-40800,ASN-3577,South Africa,PMO - US,Direct Drop,DDP,Air,ARV,Pediatric,S. BUYS WHOLESALER,"Lopinavir/Ritonavir 80/20mg/ml [Kaletra], oral solution, cool, Bottle 5 x 60 ml",Lopinavir/Ritonavir,Kaletra,80/20mg/ml,Oral solution,ABBVIE (Abbott) Logis. UK,9022,300,90,2834.1,31.49,0.1,5.55,,,TRUE,3/24/09,12/1/08,,
116-ZA-T01,Pre-PQ Process,SCMS-40830,ASN-3578,South Africa,PMO - US,Direct Drop,DDP,Air,ARV,Adult,S. BUYS WHOLESALER,"Efavirenz 600mg, tablets, 30 Tabs",Efavirenz,Generic,600mg,Tablet,"Aurobindo Unit III, India",9023,30,3710,60732.7,16.37,0.55,119.04,,,TRUE,4/28/09,12/19/08,,
116-ZA-T01,Pre-PQ Process,SCMS-40840,ASN-3779,South Africa,PMO - US,Direct Drop,DDP,Air,ARV,Adult,S. BUYS WHOLESALER,"Stavudine 30mg, capsules, 60 Caps",Stavudine,Generic,30mg,Capsule,"Aurobindo Unit III, India",9024,60,25637,63323.39,2.47,0.04,124.11,,,TRUE,4/3/09,4/3/09,,
116-ZA-T01,Pre-PQ Process,SCMS-40870,ASN-3582,South Africa,PMO - US,Direct Drop,DDP,Air,ARV,Adult,S. BUYS WHOLESALER,"Lamivudine 150mg, tablets, 60 Tabs",Lamivudine,Generic,150mg,Tablet,"Aurobindo Unit III, India",9025,60,1200,6564,5.47,0.09,12.87,,,TRUE,6/30/09,1/30/09,,
116-ZA-T01,Pre-PQ Process,SCMS-40880,ASN-3610,South Africa,PMO - US,Direct Drop,DDP,Air,ARV,Adult,S. BUYS WHOLESALER,"Lamivudine 150mg, tablets, 60 Tabs",Lamivudine,Generic,150mg,Tablet,"Aurobindo Unit III, India",9026,60,16000,85280,5.33,0.09,167.15,,,FALSE,7/7/09,2/2/09,,
116-ZA-T01,Pre-PQ Process,SCMS-41040,ASN-3623,South Africa,PMO - US,Direct Drop,DDP,Air,ARV,Pediatric,S. BUYS WHOLESALER,"Lamivudine 10mg/ml [Epivir], oral solution, Bottle, 240 ml",Lamivudine,Epivir,10mg/ml,Oral solution,GSK Mississauga (Canada),9032,240,2000,10380,5.19,0.02,20.34,,,FALSE,4/7/09,12/3/08,,
116-ZA-T01,Pre-PQ Process,SCMS-41080,ASN-3637,South Africa,PMO - US,Direct Drop,DDP,Air,ARV,Pediatric,S. BUYS WHOLESALER,"Lamivudine 10mg/ml, oral solution, Bottle, 240 ml",Lamivudine,Generic,10mg/ml,Oral solution,"Aurobindo Unit III, India",9033,240,1500,5445,3.63,0.02,10.67,,,FALSE,5/26/09,1/22/09,,
116-ZA-T01,Pre-PQ Process,SCMS-41100,ASN-4668,South Africa,PMO - US,Direct Drop,DDP,Air,ARV,Adult,S. BUYS WHOLESALER,"Zidovudine 300mg, tablets, 60 Tabs",Zidovudine,Generic,300mg,Tablet,"Aurobindo Unit III, India",9034,60,4023,46988.64,11.68,0.19,92.1,,,TRUE,6/17/09,4/3/09,,3/13/09
116-ZA-T01,Pre-PQ Process,SCMS-41140,ASN-3752,South Africa,PMO - US,Direct Drop,DDP,Air,ARV,Adult,S. BUYS WHOLESALER,"Nevirapine 200mg, tablets, 60 Tabs",Nevirapine,Generic,200mg,Tablet,"Cipla, Goa, India",9036,60,200,2998,14.99,0.25,5.88,,,FALSE,3/31/09,11/21/08,,
116-ZA-T01,Pre-PQ Process,SCMS-41140,ASN-3752,South Africa,PMO - US,Direct Drop,DDP,Air,ARV,Pediatric,S. BUYS WHOLESALER,"Efavirenz 200mg [Stocrin/Sustiva], capsule, 90 Caps",Efavirenz,Stocrin/Sustiva,200mg,Capsule,"MSD Midrand, J'burg, SA",9037,90,100,2454,24.54,0.27,4.81,,,FALSE,3/31/09,11/21/08,,
116-ZA-T01,Pre-PQ Process,SCMS-41150,ASN-3759,South Africa,PMO - US,Direct Drop,DDP,Air,ARV,Pediatric,S. BUYS WHOLESALER,"Lopinavir/Ritonavir 80/20mg/ml [Kaletra], oral solution, cool, Bottle 5 x 60 ml",Lopinavir/Ritonavir,Kaletra,80/20mg/ml,Oral solution,ABBVIE (Abbott) Logis. UK,9038,300,80,2388.8,29.86,0.1,4.68,,,FALSE,4/1/09,11/21/08,,
116-ZA-T01,Pre-PQ Process,SCMS-41190,ASN-3732,South Africa,PMO - US,Direct Drop,DDP,Air,ARV,Adult,S. BUYS WHOLESALER,"Lopinavir/Ritonavir 200/50mg [Aluvia], tablets, 120 Tabs",Lopinavir/Ritonavir,Aluvia,200/50mg,Tablet,ABBVIE Ludwigshafen Germany,9039,120,200,6182,30.91,0.26,12.12,,,FALSE,3/30/09,1/21/09,,
116-ZA-T01,Pre-PQ Process,SCMS-41190,ASN-3732,South Africa,PMO - US,Direct Drop,DDP,Air,ARV,Pediatric,S. BUYS WHOLESALER,"Zidovudine 10mg/ml [Retrovir], oral solution, Bottle, 200 ml",Zidovudine,Retrovir,10mg/ml,Oral solution,GSK Mississauga (Canada),9040,200,140,833,5.95,0.03,1.63,,,FALSE,3/30/09,1/21/09,,
116-ZA-T01,Pre-PQ Process,SCMS-41190,ASN-3732,South Africa,PMO - US,Direct Drop,DDP,Air,ARV,Adult,S. BUYS WHOLESALER,"Emtricitabine/Tenofovir Disoproxil Fumarate 200/300mg [Truvada], tablets, 30 Tabs",Emtricitabine/Tenofovir Disoproxil Fumarate,Truvada,300/200mg,Tablet - FDC,"Aspen-OSD, Port Elizabeth, SA",9041,30,60,1813.2,30.22,1.01,3.55,,,FALSE,3/30/09,1/21/09,,
116-ZA-T01,Pre-PQ Process,SCMS-41190,ASN-3732,South Africa,PMO - US,Direct Drop,DDP,Air,ARV,Pediatric,S. BUYS WHOLESALER,"Nevirapine 10mg/ml [Viramune], oral suspension, Bottle, 240 ml",Nevirapine,Viramune,10mg/ml,Oral suspension,"BI, Ingelheim, Germany",9042,240,30,323.4,10.78,0.04,0.63,,,FALSE,3/30/09,1/21/09,,
116-ZA-T01,Pre-PQ Process,SCMS-41210,ASN-3737,South Africa,PMO - US,Direct Drop,DDP,Air,ARV,Adult,S. BUYS WHOLESALER,"Lamivudine 150mg [Epivir], tablets, 60 Tabs",Lamivudine,Epivir,150mg,Tablet,GSK Cape Town Factory (South Africa),9043,60,1200,6012,5.01,0.08,11.78,,,FALSE,3/30/09,1/23/09,,
116-ZA-T01,Pre-PQ Process,SCMS-41588,ASN-4359,South Africa,PMO - US,Direct Drop,DDP,Air,ARV,Pediatric,S. BUYS WHOLESALER,"Didanosine 100mg [Videx],chewable tablets, 60 Tabs",Didanosine,Videx,100mg,Chewable/dispersible tablet,"BMS Meymac, France",9053,60,2160,23133.6,10.71,0.18,45.34,,,TRUE,6/25/09,4/17/09,,3/27/09
116-ZA-T01,Pre-PQ Process,SCMS-41585,ASN-4386,South Africa,PMO - US,Direct Drop,DDP,Air,ARV,Adult,S. BUYS WHOLESALER,"Lamivudine 150mg [Epivir], tablets, 60 Tabs",Lamivudine,Epivir,150mg,Tablet,GSK Cape Town Factory (South Africa),9054,60,3000,16080,5.36,0.09,31.52,,,FALSE,6/25/09,4/21/09,,3/27/09
116-ZA-T01,Pre-PQ Process,SCMS-41586,ASN-4387,South Africa,PMO - US,Direct Drop,DDP,Air,ARV,Adult,S. BUYS WHOLESALER,"Nevirapine 200mg [Viramune], tablets, 60 Tabs",Nevirapine,Viramune,200mg,Tablet,"Boehringer Ing., Koropi, GR",9055,60,6000,100560,16.76,0.28,197.1,,,FALSE,6/25/09,4/15/09,,3/27/09
116-ZA-T01,Pre-PQ Process,SCMS-41587,ASN-4602,South Africa,PMO - US,Direct Drop,DDP,Air,ARV,Pediatric,S. BUYS WHOLESALER,"Didanosine 100mg [Videx],chewable tablets, 60 Tabs",Didanosine,Videx,100mg,Chewable/dispersible tablet,"BMS Meymac, France",9056,60,6840,73256.4,10.71,0.18,143.58,,,FALSE,6/25/09,4/16/09,,3/27/09
116-ZA-T01,Pre-PQ Process,SCMS-47390,ASN-4402,South Africa,PMO - US,Direct Drop,DDP,Truck,ARV,Adult,S. BUYS WHOLESALER,"Ritonavir 100mg [Norvir], capsules, cool, 84 Caps",Ritonavir,Norvir,100mg,Capsule,ABBVIE (Abbott) Logis. UK,9078,84,10,84,8.4,0.1,0.16,,,FALSE,7/31/09,4/21/09,,4/2/09
116-ZA-T01,Pre-PQ Process,SCMS-47320,ASN-4224,South Africa,PMO - US,Direct Drop,DDP,Truck,ARV,Adult,S. BUYS WHOLESALER,"Didanosine EC 400mg [Videx EC], delayed-release capsules, Blister 3 x 10 Caps",Didanosine EC,Videx EC,400mg,Delayed-release capsules - blister,"BMS Meymac, France",9080,30,80,1502.4,18.78,0.63,2.94,,,TRUE,5/15/09,5/15/09,,4/2/09
116-ZA-T01,Pre-PQ Process,SCMS-47500,ASN-4332,South Africa,PMO - US,Direct Drop,DDP,Truck,ARV,Pediatric,S. BUYS WHOLESALER,"Zidovudine 10mg/ml, oral solution, Bottle, 240 ml",Zidovudine,Generic,10mg/ml,Oral solution,"Aurobindo Unit III, India",9081,240,200,1208,6.04,0.03,2.37,,,FALSE,5/15/09,4/23/09,,4/2/09
104-CI-T01,Pre-PQ Process,SCMS-42600,ASN-4242,Côte d'Ivoire,PMO - US,Direct Drop,EXW,Air,HRDT,HIV test,"Standard Diagnostics, Inc.","HIV 1/2, Bioline 3.0 Kit, Lancets, Capillary pipets, Alcohol swabs included, 25 Tests","HIV 1/2, Bioline 3.0 Kit, Lancets, Capillary pipets, Alcohol swabs included",Bioline,N/A,Test kit,"Standard Diagnostics, Korea",9085,25,500,10000,20,0.8,19.6,136,2094.08,TRUE,7/1/09,7/1/09,,4/2/09
110-ZM-T01,Pre-PQ Process,SCMS-42640,ASN-4439,Zambia,PMO - US,Direct Drop,EXW,Air,HRDT,HIV test,"Orgenics, Ltd","HIV 1/2, Determine Complete HIV Kit, 100 Tests","HIV 1/2, Determine Complete HIV Kit",Determine,N/A,Test kit,Inverness Japan,9086,100,4500,324000,72,0.72,635.04,1330,11559.65,TRUE,7/23/09,7/23/09,,4/2/09
106-HT-T01,Pre-PQ Process,SCMS-42680,ASN-3808,Haiti,PMO - US,Direct Drop,EXW,Air,HRDT,HIV test,"Trinity Biotech, Plc","HIV 1/2, Capillus HIV Kit, 100 Tests","HIV 1/2, Capillus HIV Kit",Capillus,N/A,Test kit,"Trinity Biotech, Plc",9088,100,150,20850,139,1.39,40.87,105,1894.41,TRUE,4/24/09,4/24/09,,4/2/09
106-HT-T01,Pre-PQ Process,SCMS-42690,ASN-4799,Haiti,PMO - US,Direct Drop,EXW,Air,HRDT,HIV test,"Trinity Biotech, Plc","HIV 1/2, Capillus HIV Kit, 100 Tests","HIV 1/2, Capillus HIV Kit",Capillus,N/A,Test kit,"Trinity Biotech, Plc",9089,100,150,20850,139,1.39,40.87,113,2486.15,TRUE,8/31/09,8/31/09,,4/2/09
106-HT-T01,Pre-PQ Process,SCMS-42700,ASN-4005,Haiti,PMO - US,Direct Drop,EXW,Air,HRDT,HIV test,Orasure Technologies Inc.,"HIV 1/2, OraQuick Advance HIV Rapid Antibody Kit, 100 Tests","HIV 1/2, OraQuick Advance HIV Rapid Antibody Kit",OraQuick,N/A,Test kit,"Pacific Biotech, Thailand",9090,100,55,19250,350,3.5,37.73,132,3013.19,TRUE,6/3/09,6/3/09,,4/2/09
112-NG-T01,Pre-PQ Process,SCMS-42830,ASN-3984,Nigeria,PMO - US,Direct Drop,FCA,Air,ARV,Adult,ABBVIE LOGISTICS (FORMERLY ABBOTT LOGISTICS BV),"Lopinavir/Ritonavir 200/50mg [Aluvia], tablets, 120 Tabs",Lopinavir/Ritonavir,Aluvia,200/50mg,Tablet,ABBVIE Ludwigshafen Germany,9093,120,159,6534.9,41.1,0.34,12.81,,,FALSE,5/20/09,5/20/09,,4/1/09
102-KE-T01,Pre-PQ Process,SCMS-42981,ASN-4647,Kenya,PMO - US,Direct Drop,EXW,Air,HRDT,HIV test,"Orgenics, Ltd","HIV 1/2, Determine Complete HIV Kit, 100 Tests","HIV 1/2, Determine Complete HIV Kit",Determine,N/A,Test kit,Inverness Japan,9095,100,7500,600000,80,0.8,1176,2215,17974.69,TRUE,7/10/09,8/28/09,,5/14/09
102-KE-T01,Pre-PQ Process,SCMS-42990,ASN-3894,Kenya,PMO - US,Direct Drop,EXW,Air,HRDT,HIV test,"Standard Diagnostics, Inc.","HIV 1/2, Bioline 3.0 Kit, (no accessories), 30 Tests","HIV 1/2, Bioline 3.0 Kit (no accessories)",Bioline,N/A,Test kit,"Standard Diagnostics, Korea",9096,30,5000,120000,24,0.8,235.2,1558,11653.64,TRUE,5/20/09,5/20/09,,4/4/09
133-NG-T01,Pre-PQ Process,SCMS-43320,ASN-4100,Nigeria,PMO - US,Direct Drop,EXW,Air,HRDT,HIV test,"Orgenics, Ltd","HIV 1/2, Determine Complete HIV Kit, 100 Tests","HIV 1/2, Determine Complete HIV Kit",Determine,N/A,Test kit,Inverness Japan,9100,100,1500,120000,80,0.8,235.2,445,7120,TRUE,6/24/09,6/8/09,,4/9/09
139-NA-T01,Pre-PQ Process,SCMS-44710,ASN-3897,Namibia,PMO - US,Direct Drop,EXW,Air,HRDT,HIV test,"Trinity Biotech, Plc","HIV 1/2, Uni-Gold HIV Kit, 20 Tests","HIV 1/2, Uni-Gold HIV Kit",Uni-Gold,N/A,Test kit,"Trinity Biotech, Plc",9145,20,600,19200,32,1.6,37.63,205,6148.29,TRUE,6/5/09,6/5/09,,4/20/09
108-VN-T01,Pre-PQ Process,SCMS-45010,ASN-4303,Vietnam,PMO - US,Direct Drop,EXW,Air,ARV,Adult,CIPLA LIMITED,"Lamivudine/Nevirapine/Stavudine 150/200/30mg, tablets, 60 Tabs",Lamivudine/Nevirapine/Stavudine,Generic,150/200/30mg,Tablet - FDC,"Cipla, Goa, India",9151,60,19392,130896,6.75,0.11,256.56,1899,5209.46,TRUE,7/11/09,7/11/09,,4/29/09
108-VN-T01,Pre-PQ Process,SCMS-45070,ASN-4419,Vietnam,PMO - US,Direct Drop,EXW,Air,ARV,Adult,Aurobindo Pharma Limited,"Lamivudine 150mg, tablets, 60 Tabs",Lamivudine,Generic,150mg,Tablet,"Aurobindo Unit III, India",9154,60,6000,14400,2.4,0.04,28.22,,,FALSE,7/10/09,7/10/09,,4/29/09
119-NA-T01,Pre-PQ Process,SCMS-45630,ASN-4079,Namibia,PMO - US,Direct Drop,EXW,Air,ARV,Pediatric,Aurobindo Pharma Limited,"Stavudine 1mg/ml, powder for oral solution, 200 ml",Stavudine,Generic,1mg/ml,Oral solution,"Aurobindo Unit III, India",9173,200,800,1072,1.34,0.01,2.1,98,1770.43,TRUE,6/8/09,6/8/09,,5/8/09
102-BW-T01,Pre-PQ Process,SCMS-46110,ASN-4184,Botswana,PMO - US,Direct Drop,EXW,Air,HRDT,HIV test,"Trinity Biotech, Plc","HIV 1/2, Uni-Gold HIV Kit, 20 Tests","HIV 1/2, Uni-Gold HIV Kit",Uni-Gold,N/A,Test kit,"Trinity Biotech, Plc",9179,20,75,2400,32,1.6,4.7,25,808,TRUE,6/19/09,6/19/09,,5/18/09
108-VN-T01,Pre-PQ Process,SCMS-46540,ASN-4487,Vietnam,PMO - US,Direct Drop,CIP,Air,ARV,Pediatric,BRISTOL-MYERS SQUIBB,"Didanosine 25mg [Videx], chewable tablets, 60 Tabs",Didanosine,Videx,25mg,Chewable/dispersible tablet,"BMS Meymac, France",9187,60,80,560,7,0.12,1.1,,,FALSE,7/23/09,7/23/09,,5/27/09
116-ZA-T01,Pre-PQ Process,SCMS-47050,ASN-4819,South Africa,PMO - US,Direct Drop,DDP,Truck,ARV,Adult,S. BUYS WHOLESALER,"Efavirenz 600mg, tablets, 30 Tabs",Efavirenz,Generic,600mg,Tablet,"Cipla, Goa, India",9200,30,1000,17020,17.02,0.57,33.36,,,FALSE,10/12/09,7/21/09,,6/5/09
116-ZA-T01,Pre-PQ Process,SCMS-47050,ASN-4819,South Africa,PMO - US,Direct Drop,DDP,Truck,ARV,Adult,S. BUYS WHOLESALER,"Emtricitabine/Tenofovir Disoproxil Fumarate 200/300mg [Truvada], tablets, 30 Tabs",Emtricitabine/Tenofovir Disoproxil Fumarate,Truvada,300/200mg,Tablet - FDC,"Aspen-OSD, Port Elizabeth, SA",9201,30,260,10670.4,41.04,1.37,20.91,,,FALSE,10/12/09,7/21/09,,6/5/09
116-ZA-T01,Pre-PQ Process,SCMS-47052,ASN-5370,South Africa,PMO - US,Direct Drop,DDP,Truck,ARV,Pediatric,S. BUYS WHOLESALER,"Stavudine 1mg/ml, powder for oral solution, 200 ml",Stavudine,Generic,1mg/ml,Oral solution,"Aurobindo Unit III, India",9202,200,1200,2796,2.33,0.01,6.03,,,TRUE,10/12/09,10/8/09,,6/5/09
123-NG-T01,Pre-PQ Process,SCMS-48440,ASN-4596,Nigeria,PMO - US,Direct Drop,FCA,Air,ARV,Adult,ABBVIE LOGISTICS (FORMERLY ABBOTT LOGISTICS BV),"Lopinavir/Ritonavir 200/50mg [Aluvia], tablets, 120 Tabs",Lopinavir/Ritonavir,Aluvia,200/50mg,Tablet,ABBVIE Ludwigshafen Germany,9225,120,5000,205500,41.1,0.34,402.78,1246,10490.77,TRUE,9/3/09,9/3/09,,7/13/09
104-CI-T01,Pre-PQ Process,SCMS-29,ASN-114,Côte d'Ivoire,PMO - US,Direct Drop,EXW,Air,HRDT,HIV test,BIO-RAD LABORATORIES (FRANCE),"#108853** HIV, Genie II HIV-1/HIV-2 Kit, 40 Tests","HIV, Genie II HIV-1/HIV-2 Kit",Genie,N/A,Test kit,Bio-Rad Laboratories,9243,40,733,55231.55,75.35,1.88,,783,7079.25,TRUE,10/10/06,10/10/06,,
110-ZM-T01,Pre-PQ Process,SCMS-61,ASN-43,Zambia,PMO - US,Direct Drop,EXW,Air,HRDT,HIV test,Abbott GmbH & Co. KG,"HIV 1/2, Determine Complete HIV Kit, 100 Tests","HIV 1/2, Determine Complete HIV Kit",Determine,N/A,Test kit,ABBVIE GmbH & Co.KG Wiesbaden,9252,100,1250,100000,80,0.8,,428,2829.61,TRUE,9/30/06,9/30/06,,
106-HT-T01,Pre-PQ Process,SCMS-63,ASN-83,Haiti,PMO - US,Direct Drop,EXW,Air,HRDT,HIV test,Abbott GmbH & Co. KG,"HIV 1/2, Determine Complete HIV Kit, 100 Tests","HIV 1/2, Determine Complete HIV Kit",Determine,N/A,Test kit,ABBVIE GmbH & Co.KG Wiesbaden,9253,100,500,40000,80,0.8,,169,1215.84,TRUE,10/18/06,10/18/06,,
108-VN-T01,Pre-PQ Process,SCMS-77,ASN-56,Vietnam,PMO - US,Direct Drop,EXW,Air,ARV,Adult,Aurobindo Pharma Limited,"Abacavir 300mg, tablets, 60 Tabs",Abacavir,Generic,300mg,Tablet,"Aurobindo Unit III, India",9255,60,1000,44500,44.5,0.74,,91,7878.06,TRUE,10/3/06,10/3/06,,
105-GY-T01,Pre-PQ Process,SCMS-123,ASN-78,Guyana,PMO - US,Direct Drop,EXW,Air,ARV,Adult,Aurobindo Pharma Limited,"Zidovudine 300mg, tablets, 60 Tabs",Zidovudine,Generic,300mg,Tablet,"Aurobindo Unit III, India",9269,60,245,2707.25,11.05,0.18,,13,1020.6,TRUE,11/8/06,11/8/06,,
114-UG-T01,Pre-PQ Process,SCMS-157,ASN-127,Uganda,PMO - US,Direct Drop,EXW,Air,ARV,Adult,Aurobindo Pharma Limited,"Efavirenz 600mg, tablets, 30 Tabs",Efavirenz,Generic,600mg,Tablet,"Aurobindo Unit III, India",9279,30,5080,85090,16.75,0.56,,,,FALSE,12/21/06,12/21/06,,
110-ZM-T01,Pre-PQ Process,SCMS-163,ASN-123,Zambia,PMO - US,Direct Drop,EXW,Air,ARV,Adult,Aurobindo Pharma Limited,"Lamivudine/Zidovudine 150/300mg, tablets, 60 Tabs",Lamivudine/Zidovudine,Generic,150/300mg,Tablet - FDC,"Aurobindo Unit III, India",9280,60,38534,423874,11,0.18,,,,FALSE,12/20/06,12/20/06,,
102-NG-T01,Pre-PQ Process,SCMS-694,ASN-582,Nigeria,PMO - US,Direct Drop,EXW,Air,HRDT,HIV test,Abbott GmbH & Co. KG,"HIV 1/2, Determine Complete HIV Kit, 100 Tests","HIV 1/2, Determine Complete HIV Kit",Determine,N/A,Test kit,ABBVIE GmbH & Co.KG Wiesbaden,9316,100,3500,280000,80,0.8,448,1192,10879.22,TRUE,8/6/07,8/6/07,,6/6/07
104-CI-T01,Pre-PQ Process,SCMS-698,ASN-727,Côte d'Ivoire,PMO - US,Direct Drop,CIP,Air,ARV,Adult,BRISTOL-MYERS SQUIBB,"Stavudine 20mg [Zerit], capsules, 60 Caps",Stavudine,Zerit,20mg,Capsule,"BMS Meymac, France",9321,60,1389,7833.96,5.64,0.09,12.53,,,FALSE,10/2/07,10/2/07,,7/13/07
108-VN-T01,Pre-PQ Process,SCMS-749,ASN-737,Vietnam,PMO - US,Direct Drop,EXW,Air,ARV,Adult,Aurobindo Pharma Limited,"Lamivudine/Nevirapine/Zidovudine 150/200/300mg, tablets, 60 Tabs",Lamivudine/Nevirapine/Zidovudine,Generic,150/300/200mg,Tablet - FDC,"Aurobindo Unit III, India",9331,60,7000,94500,13.5,0.22,151.2,,,FALSE,10/2/07,10/2/07,,7/3/07
109-TZ-T01,Pre-PQ Process,SCMS-10280,ASN-787,Tanzania,PMO - US,Direct Drop,EXW,Air,HRDT,HIV test,"Standard Diagnostics, Inc.","HIV 1/2, Bioline 3.0 Kit, Lancets, Capillary pipets, Alcohol swabs included, 25 Tests","HIV 1/2, Bioline 3.0 Kit, Lancets, Capillary pipets, Alcohol swabs included",Bioline,N/A,Test kit,"Standard Diagnostics, Korea",9351,25,10000,200000,20,0.8,320,3345,29470,TRUE,11/22/07,11/22/07,,
109-TZ-T01,Pre-PQ Process,SCMS-10350,ASN-1933,Tanzania,PMO - US,Direct Drop,EXW,Air,HRDT,HIV test,"Standard Diagnostics, Inc.","HIV 1/2, Bioline 3.0 Kit, Lancets, Capillary pipets, Alcohol swabs included, 25 Tests","HIV 1/2, Bioline 3.0 Kit, Lancets, Capillary pipets, Alcohol swabs included",Bioline,N/A,Test kit,"Standard Diagnostics, Korea",9352,25,10000,200000,20,0.8,320,3110,22663.18,TRUE,7/22/08,7/22/08,,10/23/07
102-BW-T01,Pre-PQ Process,SCMS-10390,ASN-644,Botswana,PMO - US,Direct Drop,EXW,Air,HRDT,HIV test,Orasure Technologies Inc.,"HIV 1/2, OraQuick Advance HIV Rapid Antibody Kit, 100 Tests","HIV 1/2, OraQuick Advance HIV Rapid Antibody Kit",OraQuick,N/A,Test kit,"Pacific Biotech, Thailand",9353,100,10,3500,350,3.5,5.6,24,1091.64,TRUE,8/31/07,8/31/07,,7/31/07
108-VN-T01,Pre-PQ Process,SCMS-10980,ASN-1016,Vietnam,PMO - US,Direct Drop,EXW,Air,ARV,Pediatric,Aurobindo Pharma Limited,"Didanosine 100mg, chewable/dispersible tablets, 60 Tabs",Didanosine,Generic,100mg,Chewable/dispersible tablet,"Aurobindo Unit III, India",9366,60,1300,10075,7.75,0.13,16.12,270,3850.43,TRUE,12/6/07,12/6/07,,7/4/07
102-GY-T01,Pre-PQ Process,SCMS-11660,ASN-766,Guyana,PMO - US,Direct Drop,EXW,Air,HRDT,HIV test,"CHEMBIO DIAGNOSTIC SYSTEMS, INC.","HIV 1/2, Stat-Pak HIV, Kit, 20 Tests","HIV 1/2, Stat-Pak HIV, Kit",Stat-Pak,N/A,Test kit,Chembio Diagnostics Sys. Inc.,9389,20,120,3240,27,1.35,5.18,35,379.62,TRUE,10/5/07,10/5/07,,8/28/07
113-ZW-T01,Pre-PQ Process,SCMS-11680,ASN-746,Zimbabwe,PMO - US,Direct Drop,EXW,Air,HRDT,HIV test,Orasure Technologies Inc.,"HIV 1/2, OraQuick Advance HIV Rapid Antibody Kit, 100 Tests","HIV 1/2, OraQuick Advance HIV Rapid Antibody Kit",OraQuick,N/A,Test kit,"Pacific Biotech, Thailand",9390,100,10,3500,350,3.5,5.6,24,536.08,TRUE,10/9/07,10/9/07,,8/28/07
107-RW-T01,Pre-PQ Process,SCMS-13010,ASN-904,Rwanda,PMO - US,Direct Drop,EXW,Air,HRDT,HIV test,Premier Medical Corporation Ltd.,"HIV 1/2/O, First Response HIV 1-2.0, v.3.0 Cards Kit, 30 Tests","HIV 1/2/O, First Response HIV 1-2.0, v.3.0 Cards Kit",First Response,N/A,Test kit,Premier Med. Corp Ltd. India,9422,30,3991,65851.5,16.5,0.55,105.36,1150,9898.8,TRUE,11/16/07,11/16/07,,10/18/07
107-RW-T01,Pre-PQ Process,SCMS-14150,ASN-1085,Rwanda,PMO - US,Direct Drop,EXW,Air,HRDT,HIV test,"Trinity Biotech, Plc","HIV 1/2, Capillus HIV Kit, 100 Tests","HIV 1/2, Capillus HIV Kit",Capillus,N/A,Test kit,"Trinity Biotech, Plc",9487,100,463,64357,139,1.39,102.97,450,4360.83,TRUE,1/18/08,1/18/08,,11/19/07
107-RW-T01,Pre-PQ Process,SCMS-14150,ASN-1085,Rwanda,PMO - US,Direct Drop,EXW,Air,HRDT,HIV test,"Trinity Biotech, Plc","HIV 1/2, Capillus HIV Kit, 100 Tests","HIV 1/2, Capillus HIV Kit",Capillus,N/A,Test kit,"Trinity Biotech, Plc",9488,100,300,41700,139,1.39,66.72,,,FALSE,1/18/08,1/18/08,,11/19/07
108-VN-T01,Pre-PQ Process,SCMS-14201,ASN-1172,Vietnam,PMO - US,Direct Drop,EXW,Air,ARV,Adult,SUN PHARMACEUTICAL INDUSTRIES LTD (RANBAXY LABORATORIES LIMITED),"Zidovudine 300mg, tablets, 60 Tabs",Zidovudine,Generic,300mg,Tablet,"Ranbaxy, Paonta Shahib, India",9489,60,600,5028,8.38,0.14,8.04,34,2127.22,TRUE,1/22/08,1/25/08,,11/21/07
107-RW-T01,Pre-PQ Process,SCMS-14730,ASN-1067,Rwanda,PMO - US,Direct Drop,CIP,Air,ARV,Adult,Aurobindo Pharma Limited,"Efavirenz 600mg, tablets, 30 Tabs",Efavirenz,Generic,600mg,Tablet,"Aurobindo Unit III, India",9499,30,48259,567043.25,11.75,0.39,907.27,4143,19088.86,TRUE,1/3/08,1/3/08,,12/3/07
100-HT-T01,Pre-PQ Process,SCMS-15490,ASN-4374,Haiti,PMO - US,Direct Drop,EXW,Air,HRDT,HIV test,"Trinity Biotech, Plc","HIV 1/2, Capillus HIV Kit, 100 Tests","HIV 1/2, Capillus HIV Kit",Capillus,N/A,Test kit,"Trinity Biotech, Plc",9530,100,3,417,139,1.39,0.82,2,1800.33,TRUE,7/6/09,7/6/09,,1/8/08
106-HT-T01,Pre-PQ Process,SCMS-15520,ASN-1199,Haiti,PMO - US,Direct Drop,EXW,Air,HRDT,HIV test,"Orgenics, Ltd","HIV 1/2, Determine HIV Kit, without Lancets, 100 Tests","HIV 1/2, Determine HIV Kit, without Lancets",Determine,N/A,Test kit,Inverness Japan,9531,100,1000,70000,70,0.7,112,228,4829.61,TRUE,1/23/08,1/23/08,,
100-HT-T01,Pre-PQ Process,SCMS-15870,ASN-1319,Haiti,PMO - US,Direct Drop,EXW,Air,HRDT,HIV test,"Trinity Biotech, Plc","HIV 1/2, Capillus HIV Kit, 100 Tests","HIV 1/2, Capillus HIV Kit",Capillus,N/A,Test kit,"Trinity Biotech, Plc",9536,100,2,278,139,1.39,0.44,,,TRUE,2/18/08,2/18/08,,1/3/08
117-ET-T01,Pre-PQ Process,SCMS-16220,ASN-1329,Ethiopia,PMO - US,Direct Drop,EXW,Air,ARV,Adult,ASPEN PHARMACARE,"Tenofovir Disoproxil Fumarate 300mg [Viread], tablets, 30 Tabs",Tenofovir Disoproxil Fumarate,Viread,300mg,Tablet,"Aspen-OSD, Port Elizabeth, SA",9550,30,780,7.8,0.01,0,0.01,,,FALSE,3/4/08,3/4/08,,1/3/08
116-ZA-T01,Pre-PQ Process,SCMS-16600,ASN-2292,South Africa,PMO - US,Direct Drop,DDP,N/A,ARV,Pediatric,"JSI R&T INSTITUTE, INC.","Didanosine 2g [Videx], powder for oral solution 10mg/ml, reconstitute to 200 ml",Didanosine,Videx,2g,Powder for oral solution,"BMS Meymac, France",9564,200,4,57.92,14.48,0.07,0.09,,,TRUE,1/21/08,4/25/08,,1/4/08
116-ZA-T01,Pre-PQ Process,SCMS-16600,ASN-1526,South Africa,PMO - US,Direct Drop,DDP,N/A,ARV,Adult,"JSI R&T INSTITUTE, INC.","Stavudine 30mg [Zerit], capsules, 60 Caps",Stavudine,Zerit,30mg,Capsule,"BMS Meymac, France",9565,60,2500,14325,5.73,0.1,22.92,,,TRUE,1/21/08,1/21/08,,1/4/08
116-ZA-T01,Pre-PQ Process,SCMS-16600,ASN-1520,South Africa,PMO - US,Direct Drop,DDP,N/A,ARV,Pediatric,"JSI R&T INSTITUTE, INC.","Efavirenz 200mg [Stocrin/Sustiva], capsule, 90 Caps",Efavirenz,Stocrin/Sustiva,200mg,Capsule,"MSD Midrand, J'burg, SA",9566,90,100,3297,32.97,0.37,5.28,,,FALSE,1/21/08,1/4/08,,1/4/08
116-ZA-T01,Pre-PQ Process,SCMS-16600,ASN-1520,South Africa,PMO - US,Direct Drop,DDP,N/A,ARV,Adult,"JSI R&T INSTITUTE, INC.","Tenofovir Disoproxil Fumarate 300mg [Viread], tablets, 30 Tabs",Tenofovir Disoproxil Fumarate,Viread,300mg,Tablet,"Aspen-OSD, Port Elizabeth, SA",9567,30,150,3838.5,25.59,0.85,6.14,,,FALSE,1/21/08,1/4/08,,1/4/08
106-HT-T01,Pre-PQ Process,SCMS-16700,ASN-1327,Haiti,PMO - US,Direct Drop,EXW,Air,HRDT,HIV test,"Trinity Biotech, Plc","HIV 1/2, Capillus HIV Kit, 100 Tests","HIV 1/2, Capillus HIV Kit",Capillus,N/A,Test kit,"Trinity Biotech, Plc",9578,100,250,34750,139,1.39,55.6,,,TRUE,2/18/08,2/18/08,,2/4/08
102-NG-T01,Pre-PQ Process,SCMS-16880,ASN-1592,Nigeria,PMO - US,Direct Drop,EXW,Air,HRDT,HIV test,"CHEMBIO DIAGNOSTIC SYSTEMS, INC.","HIV 1/2, Stat-Pak HIV, Kit, 20 Tests","HIV 1/2, Stat-Pak HIV, Kit",Stat-Pak,N/A,Test kit,Chembio Diagnostics Sys. Inc.,9579,20,7719,208413,27,1.35,333.46,2502,15636.7,TRUE,4/21/08,4/21/08,,1/7/08
111-MZ-T01,Pre-PQ Process,SCMS-17260,ASN-2532,Mozambique,PMO - US,Direct Drop,EXW,Air,HRDT,HIV test,"Trinity Biotech, Plc","HIV 1/2, Uni-Gold HIV Kit, 20 Tests","HIV 1/2, Uni-Gold HIV Kit",Uni-Gold,N/A,Test kit,"Trinity Biotech, Plc",9585,20,5300,169600,32,1.6,271.36,1796,32437.45,TRUE,10/17/08,10/17/08,,2/6/08
116-ZA-T01,Pre-PQ Process,SCMS-17630,ASN-1532,South Africa,PMO - US,Direct Drop,DDP,Truck,ARV,Adult,"JSI R&T INSTITUTE, INC.","Stavudine 30mg [Zerit], capsules, 60 Caps",Stavudine,Zerit,30mg,Capsule,"BMS Meymac, France",9603,60,600,3426,5.71,0.1,5.48,,,FALSE,2/5/08,1/21/08,,1/21/08
102-GY-T01,Pre-PQ Process,SCMS-18480,ASN-1503,Guyana,PMO - US,Direct Drop,EXW,Air,HRDT,HIV test,"Orgenics, Ltd","HIV 1/2, Determine HIV Kit, without Lancets, 100 Tests","HIV 1/2, Determine HIV Kit, without Lancets",Determine,N/A,Test kit,Inverness Japan,9628,100,240,17277.6,71.99,0.72,27.64,55,1442.92,TRUE,4/9/08,4/9/08,,2/28/08
117-ET-T01,Pre-PQ Process,SCMS-18520,ASN-1591,Ethiopia,PMO - US,Direct Drop,EXW,Air,HRDT,HIV test,"SHANGHAI KEHUA BIOENGINEERING CO.,LTD.  (KHB)","HIV 1/2, SKB Colloidal Gold, Diagnostic Kit, Antibody, 50 Tests","HIV 1/2, Colloidal Gold, Diagnostic Kit, Antibody",Colloidal Gold,N/A,Test kit,"KHB Test Kit Facility, Shanghai China",9629,1,1044,24012,23,23,38.42,754,6267.38,TRUE,4/17/08,4/17/08,,2/29/08
106-HT-T01,Pre-PQ Process,SCMS-18720,ASN-1610,Haiti,PMO - US,Direct Drop,EXW,Air,HRDT,HIV test,"Orgenics, Ltd","HIV 1/2, Determine HIV Kit, without Lancets, 100 Tests","HIV 1/2, Determine HIV Kit, without Lancets",Determine,N/A,Test kit,Inverness Japan,9639,100,955,63985,67,0.67,102.38,164,1802.14,TRUE,5/9/08,5/9/08,,3/11/08
102-GY-T01,Pre-PQ Process,SCMS-18800,ASN-1613,Guyana,PMO - US,Direct Drop,EXW,Air,HRDT,HIV test,"Trinity Biotech, Plc","HIV 1/2, Uni-Gold HIV Kit, 20 Tests","HIV 1/2, Uni-Gold HIV Kit",Uni-Gold,N/A,Test kit,"Trinity Biotech, Plc",9640,20,748,23936,32,1.6,38.3,748,3740.04,TRUE,5/6/08,5/6/08,,3/13/08
116-ZA-T01,Pre-PQ Process,SCMS-19800,ASN-1665,South Africa,PMO - US,Direct Drop,DDP,Truck,ARV,Pediatric,S. BUYS WHOLESALER,"Efavirenz 200mg [Stocrin/Sustiva], capsule, 90 Caps",Efavirenz,Stocrin/Sustiva,200mg,Capsule,"MSD Midrand, J'burg, SA",9655,90,80,2252,28.15,0.31,3.6,,,FALSE,4/24/08,4/24/08,,2/20/08
116-ZA-T01,Pre-PQ Process,SCMS-19800,ASN-1665,South Africa,PMO - US,Direct Drop,DDP,Truck,ARV,Adult,S. BUYS WHOLESALER,"Ritonavir 100mg [Norvir], capsules, cool, 84 Caps",Ritonavir,Norvir,100mg,Capsule,ABBVIE (Abbott) Logis. UK,9656,84,10,91.9,9.19,0.11,0.15,,,FALSE,4/24/08,4/24/08,,2/20/08
116-ZA-T01,Pre-PQ Process,SCMS-19800,ASN-1665,South Africa,PMO - US,Direct Drop,DDP,Truck,ARV,Adult,S. BUYS WHOLESALER,"Stavudine 30mg [Zerit], capsules, 60 Caps",Stavudine,Zerit,30mg,Capsule,"BMS Meymac, France",9657,60,1000,4890,4.89,0.08,7.82,,,FALSE,4/24/08,4/24/08,,2/20/08
116-ZA-T01,Pre-PQ Process,SCMS-19800,ASN-1665,South Africa,PMO - US,Direct Drop,DDP,Truck,ARV,Pediatric,S. BUYS WHOLESALER,"Efavirenz 50mg [Stocrin/Sustiva], capsule, 30 Caps",Efavirenz,Stocrin/Sustiva,50mg,Capsule,"MSD Midrand, J'burg, SA",9658,30,200,596,2.98,0.1,0.95,,,FALSE,4/24/08,4/24/08,,2/20/08
108-VN-T01,Pre-PQ Process,SCMS-20200,ASN-2017,Vietnam,PMO - US,Direct Drop,EXW,Air,ARV,Pediatric,Aurobindo Pharma Limited,"Didanosine 100mg, chewable/dispersible tablets, 60 Tabs",Didanosine,Generic,100mg,Chewable/dispersible tablet,"Aurobindo Unit III, India",9669,60,360,2790,7.75,0.13,4.46,,,FALSE,7/14/08,7/14/08,,3/31/08
108-VN-T01,Pre-PQ Process,SCMS-20520,ASN-1794,Vietnam,PMO - US,Direct Drop,EXW,Air,ARV,Pediatric,Aurobindo Pharma Limited,"Zidovudine 100mg, capsules, 100 Caps",Zidovudine,Generic,100mg,Capsule,"Aurobindo Unit III, India",9673,100,1400,7686,5.49,0.05,12.3,106,2869.03,TRUE,6/2/08,6/2/08,,3/31/08
108-VN-T01,Pre-PQ Process,SCMS-20540,ASN-2044,Vietnam,PMO - US,Direct Drop,EXW,Air,ARV,Adult,MYLAN LABORATORIES LTD (FORMERLY MATRIX LABORATORIES),"Efavirenz 600mg, tablets, 30 Tabs",Efavirenz,Generic,600mg,Tablet,Mylan (formerly Matrix) Nashik,9675,30,10080,115718.4,11.48,0.38,185.15,772,5893.08,TRUE,7/18/08,7/18/08,,3/31/08
108-VN-T01,Pre-PQ Process,SCMS-20541,ASN-1793,Vietnam,PMO - US,Direct Drop,EXW,Air,ARV,Adult,MYLAN LABORATORIES LTD (FORMERLY MATRIX LABORATORIES),"Tenofovir Disoproxil Fumarate 300mg, tablets, 30 Tabs",Tenofovir Disoproxil Fumarate,Generic,300mg,Tablet,Mylan (formerly Matrix) Nashik,9676,30,2016,27538.56,13.66,0.46,44.06,122,2867.81,TRUE,7/18/08,6/2/08,,4/10/08
116-ZA-T01,Pre-PQ Process,SCMS-21460,ASN-1667,South Africa,PMO - US,Direct Drop,DDP,N/A,ARV,Adult,S. BUYS WHOLESALER,"Didanosine EC 400mg [Videx EC], delayed-release capsules, Blister 3 x 10 Caps",Didanosine EC,Videx EC,400mg,Delayed-release capsules - blister,"BMS Meymac, France",9694,30,100,2386,23.86,0.8,3.82,,,FALSE,4/25/08,4/7/08,,4/4/08
108-VN-T01,Pre-PQ Process,SCMS-23360,ASN-2490,Vietnam,PMO - US,Direct Drop,FCA,Air,ARV,Adult,ABBVIE LOGISTICS (FORMERLY ABBOTT LOGISTICS BV),"Lopinavir/Ritonavir 200/50mg [Aluvia], tablets, 120 Tabs",Lopinavir/Ritonavir,Aluvia,200/50mg,Tablet,ABBVIE Ludwigshafen Germany,9749,120,1480,121656,82.2,0.68,194.65,370,2652.33,TRUE,11/16/08,11/16/08,,5/15/08
108-VN-T01,Pre-PQ Process,SCMS-23440,ASN-2335,Vietnam,PMO - US,Direct Drop,EXW,Air,ARV,Adult,MYLAN LABORATORIES LTD (FORMERLY MATRIX LABORATORIES),"Efavirenz 600mg, tablets, 30 Tabs",Efavirenz,Generic,600mg,Tablet,Mylan (formerly Matrix) Nashik,9750,30,5040,51609.6,10.24,0.34,82.58,,,FALSE,9/20/08,9/20/08,,5/13/08
116-ZA-T01,Pre-PQ Process,SCMS-23500,ASN-2293,South Africa,PMO - US,Direct Drop,DDP,Truck,ARV,Pediatric,S. BUYS WHOLESALER,"Efavirenz 200mg [Stocrin/Sustiva], capsule, 90 Caps",Efavirenz,Stocrin/Sustiva,200mg,Capsule,"MSD Midrand, J'burg, SA",9751,90,80,2572,32.15,0.36,4.12,,,FALSE,8/20/08,5/8/08,,
116-ZA-T01,Pre-PQ Process,SCMS-23500,ASN-2300,South Africa,PMO - US,Direct Drop,DDP,Truck,ARV,Adult,S. BUYS WHOLESALER,"Emtricitabine/Tenofovir Disoproxil Fumarate 200/300mg [Truvada], tablets, 30 Tabs",Emtricitabine/Tenofovir Disoproxil Fumarate,Truvada,300/200mg,Tablet - FDC,Gilead(Nycomed) Oranienburg DE,9752,30,20,765,38.25,1.27,1.22,,,FALSE,8/20/08,5/14/08,,
116-ZA-T01,Pre-PQ Process,SCMS-23500,ASN-2300,South Africa,PMO - US,Direct Drop,DDP,Truck,ARV,Adult,S. BUYS WHOLESALER,"Saquinavir 200mg [Invirase], capsules, 270 Caps",Saquinavir,Invirase,200mg,Capsule,Roche Basel,9753,270,4,285.52,71.38,0.26,0.46,,,FALSE,8/20/08,5/14/08,,
117-ET-T01,Pre-PQ Process,SCMS-24890,ASN-2218,Ethiopia,PMO - US,Direct Drop,EXW,Air,ANTM,Malaria,MISSIONPHARMA A/S,"Primaquine 15mg base (as diphosphate), tablets, 1000 Tabs",Primaquine base (as diphosphate),Generic,15mg,Tablet,"Weifa A.S., Hausmanngt. 6, P.O. Box 9113 GrÃ¸nland, 0133, Oslo, Norway",9804,1000,32,1434.88,44.84,0.04,2.3,7,399.18,TRUE,8/13/08,8/13/08,,6/10/08
113-ZW-T01,Pre-PQ Process,SCMS-25300,ASN-2997,Zimbabwe,PMO - US,Direct Drop,EXW,Air,HRDT,HIV test - Ancillary,"Orgenics, Ltd","HIV, Lancet, Safety, for HIV Test kits, 100 Pcs","HIV, Lancet, Safety, for HIV Test kits, 100 Pcs",Generic,N/A,Test kit - Ancillary,Inverness Japan,9815,100,1396,13.96,0.01,0,0.03,,,FALSE,1/22/09,1/22/09,,6/12/08
107-RW-T01,Pre-PQ Process,SCMS-25910,ASN-2390,Rwanda,PMO - US,Direct Drop,CIP,Air,ARV,Adult,HETERO LABS LIMITED,"Efavirenz 600mg, tablets, 30 Tabs",Efavirenz,Generic,600mg,Tablet,Hetero Unit III Hyderabad IN,9836,30,83400,931578,11.17,0.37,1490.52,6701,87692.85,TRUE,9/23/08,9/23/08,,8/6/08
112-NG-T01,Pre-PQ Process,SCMS-26290,ASN-2106,Nigeria,PMO - US,Direct Drop,EXW,Air,ACT,ACT,IDA FOUNDATION,"Artemether/Lumefantrine 20/120mg [Coartem], scored tablets, Blister 30 x 18 Tabs",Artemether/Lumefantrine,Coartem,20/120mg,Tablet - FDC + blister,"Novartis Pharma AG, Switzerland",9841,540,34,1547.68,45.52,0.08,2.48,159,1976.57,TRUE,8/5/08,8/5/08,,6/30/08
112-NG-T01,Pre-PQ Process,SCMS-26290,ASN-2106,Nigeria,PMO - US,Direct Drop,EXW,Air,ACT,ACT,IDA FOUNDATION,"Artemether/Lumefantrine 20/120mg [Coartem], scored tablets, Blister 30 x 18 Tabs",Artemether/Lumefantrine,Coartem,20/120mg,Tablet - FDC + blister,"Novartis Pharma AG, Switzerland",9842,540,34,1547.68,45.52,0.08,2.48,,,FALSE,8/5/08,8/5/08,,6/30/08
116-ZA-T01,Pre-PQ Process,SCMS-26820,ASN-2487,South Africa,PMO - US,Direct Drop,DDP,Truck,ARV,Adult,S. BUYS WHOLESALER,"Lamivudine 150mg [Epivir], tablets, 60 Tabs",Lamivudine,Epivir,150mg,Tablet,GSK Cape Town Factory (South Africa),9860,60,1000,5310,5.31,0.09,8.5,,,FALSE,7/10/08,7/14/08,,
133-NG-T01,Pre-PQ Process,SCMS-27060,ASN-2438,Nigeria,PMO - US,Direct Drop,EXW,Air,HRDT,HIV test,"Orgenics, Ltd","HIV 1/2, Determine HIV Kit, without Lancets, 100 Tests","HIV 1/2, Determine HIV Kit, without Lancets",Determine,N/A,Test kit,Inverness Japan,9866,100,6502,520094.97,79.99,0.8,832.15,,,FALSE,10/15/08,10/15/08,,7/18/08
108-VN-T01,Pre-PQ Process,SCMS-27330,ASN-2861,Vietnam,PMO - US,Direct Drop,CIP,Air,ARV,Pediatric,BRISTOL-MYERS SQUIBB,"Didanosine 25mg [Videx], chewable tablets, 60 Tabs",Didanosine,Videx,25mg,Chewable/dispersible tablet,"BMS Meymac, France",9874,60,240,1680,7,0.12,3.29,52,1516.05,TRUE,11/13/08,11/13/08,,7/23/08
123-NG-T01,Pre-PQ Process,SCMS-28390,ASN-2367,Nigeria,PMO - US,Direct Drop,EXW,Air,ACT,ACT,IDA FOUNDATION,"Artemether/Lumefantrine 20/120mg [Coartem], scored tablets, Blister 30 x 18 Tabs",Artemether/Lumefantrine,Coartem,20/120mg,Tablet - FDC + blister,"Novartis Pharma AG, Switzerland",9916,540,25,875,35,0.06,1.4,86,1528.06,TRUE,10/23/08,10/23/08,,8/15/08
108-VN-T01,Pre-PQ Process,SCMS-26171,ASN-2515,Vietnam,PMO - US,Direct Drop,EXW,Air,ARV,Adult,Aurobindo Pharma Limited,"Lamivudine/Zidovudine 150/300mg, tablets, 60 Tabs",Lamivudine/Zidovudine,Generic,150/300mg,Tablet - FDC,"Aurobindo Unit III, India",9918,60,1800,15498,8.61,0.14,24.8,,,FALSE,9/25/08,9/25/08,,7/1/08
117-ET-T01,Pre-PQ Process,SCMS-28700,ASN-2720,Ethiopia,PMO - US,Direct Drop,EXW,Air,HRDT,HIV test,"SHANGHAI KEHUA BIOENGINEERING CO.,LTD.  (KHB)","HIV 1/2, SKB Colloidal Gold, Diagnostic Kit, Antibody, 50 Tests","HIV 1/2, Colloidal Gold, Diagnostic Kit, Antibody",Colloidal Gold,N/A,Test kit,"KHB Test Kit Facility, Shanghai China",9933,1,6998,160954,23,23,315.47,5056,44360.44,TRUE,10/30/08,10/30/08,,8/22/08
116-ZA-T01,Pre-PQ Process,SCMS-28830,ASN-2502,South Africa,PMO - US,Direct Drop,DDP,Truck,ARV,Adult,S. BUYS WHOLESALER,"Zidovudine 300mg [Retrovir], tablets, 60 Tabs",Zidovudine,Retrovir,300mg,Tablet,GSK Aranda,9936,60,550,6820,12.4,0.21,10.91,,,FALSE,8/25/08,8/18/08,,
116-ZA-T01,Pre-PQ Process,SCMS-28830,ASN-2503,South Africa,PMO - US,Direct Drop,DDP,Truck,ARV,Pediatric,S. BUYS WHOLESALER,"Didanosine 2g [Videx], powder for oral solution 10mg/ml, reconstitute to 200 ml",Didanosine,Videx,2g,Powder for oral solution,"BMS Meymac, France",9937,200,10,125.4,12.54,0.06,0.2,,,FALSE,8/25/08,8/14/08,,
119-NA-T01,Pre-PQ Process,SCMS-28850,ASN-2513,Namibia,PMO - US,Direct Drop,EXW,Air,HRDT,HIV test,"Orgenics, Ltd","HIV 1/2, Determine HIV Kit, without Lancets, 100 Tests","HIV 1/2, Determine HIV Kit, without Lancets",Determine,N/A,Test kit,Inverness Japan,9939,100,2,140,70,0.7,0.22,,,FALSE,9/25/08,9/25/08,,8/26/08
104-CI-T01,Pre-PQ Process,SCMS-29340,ASN-2921,Côte d'Ivoire,PMO - US,Direct Drop,EXW,Air,ACT,ACT,IDA FOUNDATION,"Artesunate+Amodiaquine 50+153mg, tablets, co-blister 12+12 Tabs",Artesunate+Amodiaquine,Generic,50+153mg,Tablet - FDC + co-blister,Ipca Dadra/Nagar Haveli IN,9952,24,20000,14000,0.7,0.03,27.44,,,FALSE,1/23/09,1/23/09,,9/3/08
111-MZ-T01,Pre-PQ Process,SCMS-29440,ASN-2403,Mozambique,PMO - US,Direct Drop,EXW,Air,HRDT,HIV test - Ancillary,"Orgenics, Ltd","HIV, Lancet, Safety, for HIV Test kits, 100 Pcs","HIV, Lancet, Safety, for HIV Test kits, 100 Pcs",Generic,N/A,Test kit - Ancillary,Inverness Japan,9960,100,1000,10,0.01,0,0.02,,,FALSE,10/3/08,10/3/08,,8/29/08
108-VN-T01,Pre-PQ Process,SCMS-31730,ASN-3313,Vietnam,PMO - US,Direct Drop,EXW,Air,ARV,Adult,Aurobindo Pharma Limited,"Lamivudine 150mg, tablets, 60 Tabs",Lamivudine,Generic,150mg,Tablet,"Aurobindo Unit III, India",10062,60,6966,16718.4,2.4,0.04,32.77,,,FALSE,2/23/09,2/23/09,,10/21/08
113-ZW-T01,Pre-PQ Process,SCMS-31850,ASN-2711,Zimbabwe,PMO - US,Direct Drop,CIP,Air,HRDT,HIV test,BIOLYTICAL LABORATORIES INC.,"#109440**HIV 1/2, INSTI HIV Antibody Individual POC, 1 Test","HIV 1/2, INSTI HIV Antibody Individual POC, 1 Test",INSTi,N/A,Test kit,bioLytical Laboratories,10063,1,5000,13398.72,2.68,2.68,26.26,,,TRUE,11/15/08,11/15/08,,10/10/08
117-ET-T01,Pre-PQ Process,SCMS-32410,ASN-3178,Ethiopia,PMO - US,Direct Drop,EXW,Air,HRDT,HIV test,"CHEMBIO DIAGNOSTIC SYSTEMS, INC.","HIV 1/2, Stat-Pak HIV, Kit, 20 Tests","HIV 1/2, Stat-Pak HIV, Kit",Stat-Pak,N/A,Test kit,Chembio Diagnostics Sys. Inc.,10085,20,9325,251775,27,1.35,493.48,3061,15288.75,TRUE,1/30/09,1/20/09,,10/22/08
117-ET-T01,Pre-PQ Process,SCMS-32410,ASN-3259,Ethiopia,PMO - US,Direct Drop,EXW,Air,HRDT,HIV test,"CHEMBIO DIAGNOSTIC SYSTEMS, INC.","HIV 1/2, Stat-Pak HIV, Kit, 20 Tests","HIV 1/2, Stat-Pak HIV, Kit",Stat-Pak,N/A,Test kit,Chembio Diagnostics Sys. Inc.,10086,20,3711,100197,27,1.35,196.39,1341,6112.63,TRUE,1/30/09,1/30/09,,10/22/08
102-BW-T01,Pre-PQ Process,SCMS-32490,ASN-2941,Botswana,PMO - US,Direct Drop,DDP,Truck,HRDT,HIV test,AHN (PTY) LTD (AKA UCB (S.A.),"HIV 1/2, OraQuick Advance HIV Rapid Antibody Kit, 100 Tests","HIV 1/2, OraQuick Advance HIV Rapid Antibody Kit",OraQuick,N/A,Test kit,"Pacific Biotech, Thailand",10089,100,5,3500,700,7,6.86,,,TRUE,11/12/08,11/12/08,,10/21/08
133-NG-T01,Pre-PQ Process,SCMS-32920,ASN-2909,Nigeria,PMO - US,Direct Drop,EXW,Air,HRDT,HIV test,"Orgenics, Ltd","HIV 1/2, Determine Complete HIV Kit, 100 Tests","HIV 1/2, Determine Complete HIV Kit",Determine,N/A,Test kit,Inverness Japan,10102,100,3622,289760,80,0.8,567.93,1091,15045.56,TRUE,12/2/08,12/2/08,,10/30/08
109-TZ-T01,Pre-PQ Process,SCMS-34690,ASN-3853,Tanzania,PMO - US,Direct Drop,CIP,Air,ARV,Adult,MERCK SHARP & DOHME IDEA GMBH (FORMALLY MERCK SHARP & DOHME B.V.),"Efavirenz/Emtricitabine/Tenofovir Disoproxil Fumarate 600/200/300mg [Atripla], tablets, 30 Tabs",Efavirenz/Emtricitabine/Tenofovir Disoproxil Fumarate,Atripla,600/200/300mg,Tablet - FDC,"MSD, Haarlem, NL",10126,30,2357,118792.8,50.4,1.68,232.83,,,FALSE,6/15/09,6/15/09,,12/30/08
102-GY-T01,Pre-PQ Process,SCMS-35540,ASN-3208,Guyana,PMO - US,Direct Drop,EXW,Air,HRDT,HIV test,"Trinity Biotech, Plc","HIV 1/2, Uni-Gold HIV Kit, 20 Tests","HIV 1/2, Uni-Gold HIV Kit",Uni-Gold,N/A,Test kit,"Trinity Biotech, Plc",10155,20,2086,66752,32,1.6,130.83,707,5926.53,TRUE,1/30/09,1/30/09,,12/11/08
108-VN-T01,Pre-PQ Process,SCMS-37160,ASN-3561,Vietnam,PMO - US,Direct Drop,EXW,Air,ARV,Adult,Aurobindo Pharma Limited,"Nevirapine 200mg, tablets, 60 Tabs",Nevirapine,Generic,200mg,Tablet,"Aurobindo Unit III, India",10228,60,7800,22620,2.9,0.05,44.34,,,FALSE,4/7/09,4/7/09,,1/16/09
108-VN-T01,Pre-PQ Process,SCMS-37170,ASN-3562,Vietnam,PMO - US,Direct Drop,EXW,Air,ARV,Adult,Aurobindo Pharma Limited,"Stavudine 30mg, capsules, 60 Caps",Stavudine,Generic,30mg,Capsule,"Aurobindo Unit III, India",10229,60,22428,32520.6,1.45,0.02,63.74,,,FALSE,4/10/09,4/10/09,,1/16/09
110-ZM-T01,Pre-PQ Process,SCMS-37780,ASN-3698,Zambia,PMO - US,Direct Drop,EXW,Air,HRDT,HIV test,"Trinity Biotech, Plc","HIV 1/2, Uni-Gold HIV Kit, 20 Tests","HIV 1/2, Uni-Gold HIV Kit",Uni-Gold,N/A,Test kit,"Trinity Biotech, Plc",10239,20,8000,256000,32,1.6,501.76,2657,25513.66,TRUE,4/9/09,4/9/09,,1/27/09
109-TZ-T01,Pre-PQ Process,SCMS-37800,ASN-3479,Tanzania,PMO - US,Direct Drop,DDP,Truck,HRDT,HIV test,KAS MEDICS LIMITED,"HIV 1/2, Determine Complete HIV Kit, 100 Tests","HIV 1/2, Determine Complete HIV Kit",Determine,N/A,Test kit,Inverness Japan,10240,100,110,12650,115,1.15,24.79,,,TRUE,2/23/09,2/23/09,,1/26/09
108-VN-T01,Pre-PQ Process,SCMS-31731,ASN-3455,Vietnam,PMO - US,Direct Drop,EXW,Air,ARV,Adult,Aurobindo Pharma Limited,"Lamivudine/Zidovudine 150/300mg, tablets, 60 Tabs",Lamivudine/Zidovudine,Generic,150/300mg,Tablet - FDC,"Aurobindo Unit III, India",10246,60,1176,10125.36,8.61,0.14,19.85,105,865.6,TRUE,3/10/09,3/10/09,,10/21/08
107-RW-T01,Pre-PQ Process,SCMS-38670,ASN-3678,Rwanda,PMO - US,Direct Drop,EXW,Air,HRDT,HIV test,"Trinity Biotech, Plc","HIV 1/2, Uni-Gold HIV Kit, 20 Tests","HIV 1/2, Uni-Gold HIV Kit",Uni-Gold,N/A,Test kit,"Trinity Biotech, Plc",10282,20,963,30816,32,1.6,60.4,320,3100.66,TRUE,4/6/09,4/6/09,,2/18/09
104-CI-T01,Pre-PQ Process,SCMS-39430,ASN-3761,Côte d'Ivoire,PMO - US,Direct Drop,EXW,Air,HRDT,HIV test,"Orgenics, Ltd","HIV 1/2, Determine HIV Kit, without Lancets, 100 Tests","HIV 1/2, Determine HIV Kit, without Lancets",Determine,N/A,Test kit,Inverness Japan,10298,100,1500,105000,70,0.7,205.8,341,9749.73,TRUE,5/14/09,5/14/09,,2/24/09
116-ZA-T01,Pre-PQ Process,SCMS-40780,ASN-3607,South Africa,PMO - US,Direct Drop,DDP,Air,ARV,Pediatric,S. BUYS WHOLESALER,"Stavudine 1mg/ml [Zerit], powder for oral solution, Bottle, 200 ml",Stavudine,Zerit,1mg/ml,Powder for oral solution,"BMS Meymac, France",10342,200,180,210.6,1.17,0.01,0.41,,,FALSE,3/17/09,11/28/08,,
116-ZA-T01,Pre-PQ Process,SCMS-40790,ASN-3575,South Africa,PMO - US,Direct Drop,DDP,Air,ARV,Adult,S. BUYS WHOLESALER,"Lamivudine 150mg, tablets, 60 Tabs",Lamivudine,Generic,150mg,Tablet,"Aurobindo Unit III, India",10343,60,6000,32520,5.42,0.09,63.74,,,FALSE,3/24/09,12/1/08,,
116-ZA-T01,Pre-PQ Process,SCMS-40810,ASN-3634,South Africa,PMO - US,Direct Drop,DDP,Air,ARV,Adult,S. BUYS WHOLESALER,"Stavudine 30mg [Zerit], capsules, 60 Caps",Stavudine,Zerit,30mg,Capsule,"BMS Meymac, France",10344,60,3600,13896,3.86,0.06,27.24,,,FALSE,3/31/09,12/2/08,,
116-ZA-T01,Pre-PQ Process,SCMS-40870,ASN-3582,South Africa,PMO - US,Direct Drop,DDP,Air,ARV,Adult,S. BUYS WHOLESALER,"Zidovudine 300mg, tablets, 60 Tabs",Zidovudine,Generic,300mg,Tablet,"Aurobindo Unit III, India",10345,60,5550,68098.5,12.27,0.2,133.47,,,FALSE,6/30/09,1/30/09,,
116-ZA-T01,Pre-PQ Process,SCMS-41070,ASN-3625,South Africa,PMO - US,Direct Drop,DDP,Air,ARV,Pediatric,S. BUYS WHOLESALER,"Stavudine 1mg/ml [Zerit], powder for oral solution, Bottle, 200 ml",Stavudine,Zerit,1mg/ml,Powder for oral solution,"BMS Meymac, France",10347,200,40,48.4,1.21,0.01,0.09,,,FALSE,5/12/09,12/30/08,,
116-ZA-T01,Pre-PQ Process,SCMS-41090,ASN-3626,South Africa,PMO - US,Direct Drop,DDP,Air,ARV,Adult,S. BUYS WHOLESALER,"Stavudine 30mg, capsules, 60 Caps",Stavudine,Generic,30mg,Capsule,"Aurobindo Unit III, India",10348,60,24150,59892,2.48,0.04,117.39,,,FALSE,6/9/09,1/27/09,,
116-ZA-T01,Pre-PQ Process,SCMS-41100,ASN-4018,South Africa,PMO - US,Direct Drop,DDP,Air,ARV,Adult,S. BUYS WHOLESALER,"Lamivudine 150mg, tablets, 60 Tabs",Lamivudine,Generic,150mg,Tablet,"Aurobindo Unit III, India",10350,60,100,520,5.2,0.09,1.02,,,FALSE,6/17/09,4/3/09,,3/13/09
116-ZA-T01,Pre-PQ Process,SCMS-50670,ASN-4609,South Africa,PMO - US,Direct Drop,DDP,Air,ARV,Pediatric,S. BUYS WHOLESALER,"Lamivudine 10mg/ml, oral solution, Bottle, 240 ml",Lamivudine,Generic,10mg/ml,Oral solution,"Aurobindo Unit III, India",10351,240,1000,3550,3.55,0.01,6.96,,,TRUE,6/17/09,6/17/09,,3/13/09
116-ZA-T01,Pre-PQ Process,SCMS-41140,ASN-3752,South Africa,PMO - US,Direct Drop,DDP,Air,ARV,Pediatric,S. BUYS WHOLESALER,"Didanosine 25mg [Videx], chewable tablets, 60 Tabs",Didanosine,Videx,25mg,Chewable/dispersible tablet,"BMS Meymac, France",10352,60,10,94.9,9.49,0.16,0.19,,,FALSE,3/31/09,11/21/08,,
116-ZA-T01,Pre-PQ Process,SCMS-41160,ASN-3760,South Africa,PMO - US,Direct Drop,DDP,Air,ARV,Adult,S. BUYS WHOLESALER,"Lamivudine 150mg [Epivir], tablets, 60 Tabs",Lamivudine,Epivir,150mg,Tablet,GSK Cape Town Factory (South Africa),10353,60,2000,10460,5.23,0.09,20.5,,,FALSE,4/1/09,11/26/08,,
116-ZA-T01,Pre-PQ Process,SCMS-41160,ASN-3760,South Africa,PMO - US,Direct Drop,DDP,Air,ARV,Pediatric,S. BUYS WHOLESALER,"Zidovudine 10mg/ml [Retrovir], oral solution, Bottle, 200 ml",Zidovudine,Retrovir,10mg/ml,Oral solution,GSK Mississauga (Canada),10354,200,150,949.5,6.33,0.03,1.86,,,FALSE,4/1/09,11/26/08,,
116-ZA-T01,Pre-PQ Process,SCMS-41230,ASN-3758,South Africa,PMO - US,Direct Drop,DDP,Air,ARV,Adult,S. BUYS WHOLESALER,"Emtricitabine/Tenofovir Disoproxil Fumarate 200/300mg [Truvada], tablets, 30 Tabs",Emtricitabine/Tenofovir Disoproxil Fumarate,Truvada,300/200mg,Tablet - FDC,"Aspen-OSD, Port Elizabeth, SA",10355,30,80,2542.4,31.78,1.06,4.98,,,TRUE,4/1/09,2/11/09,,
116-ZA-T01,Pre-PQ Process,SCMS-41230,ASN-3758,South Africa,PMO - US,Direct Drop,DDP,Air,ARV,Adult,S. BUYS WHOLESALER,"Stavudine 20mg [Zerit], capsules, 60 Caps",Stavudine,Zerit,20mg,Capsule,"BMS Meymac, France",10356,60,300,1212,4.04,0.07,2.38,,,FALSE,4/1/09,2/11/09,,
116-ZA-T01,Pre-PQ Process,SCMS-41230,ASN-3758,South Africa,PMO - US,Direct Drop,DDP,Air,ARV,Adult,S. BUYS WHOLESALER,"Tenofovir Disoproxil Fumarate 300mg [Viread], tablets, 30 Tabs",Tenofovir Disoproxil Fumarate,Viread,300mg,Tablet,"Aspen-OSD, Port Elizabeth, SA",10357,30,400,8692,21.73,0.72,17.04,,,FALSE,4/1/09,2/11/09,,
116-ZA-T01,Pre-PQ Process,SCMS-41582,ASN-4304,South Africa,PMO - US,Direct Drop,DDP,Air,ARV,Adult,S. BUYS WHOLESALER,"Zidovudine 300mg, tablets, 60 Tabs",Zidovudine,Generic,300mg,Tablet,"Aurobindo Unit III, India",10364,60,1000,19760,19.76,0.33,38.73,,,FALSE,6/25/09,4/8/09,,3/27/09
116-ZA-T01,Pre-PQ Process,SCMS-41585,ASN-4386,South Africa,PMO - US,Direct Drop,DDP,Air,ARV,Adult,S. BUYS WHOLESALER,"Lopinavir/Ritonavir 200/50mg [Aluvia], tablets, 120 Tabs",Lopinavir/Ritonavir,Aluvia,200/50mg,Tablet,ABBVIE Ludwigshafen Germany,10365,120,1900,68362,35.98,0.3,133.99,,,FALSE,6/25/09,4/21/09,,3/27/09
116-ZA-T01,Pre-PQ Process,SCMS-41585,ASN-4386,South Africa,PMO - US,Direct Drop,DDP,Air,ARV,Adult,S. BUYS WHOLESALER,"Lamivudine 150mg, tablets, 60 Tabs",Lamivudine,Generic,150mg,Tablet,"Aurobindo Unit III, India",10366,60,3344,23675.52,7.08,0.12,46.4,,,FALSE,6/25/09,4/21/09,,3/27/09
116-ZA-T01,Pre-PQ Process,SCMS-49550,ASN-4610,South Africa,PMO - US,Direct Drop,DDP,Truck,ARV,Adult,S. BUYS WHOLESALER,"Lamivudine 150mg [Epivir], tablets, 60 Tabs",Lamivudine,Epivir,150mg,Tablet,GSK Cape Town Factory (South Africa),10367,60,7000,37520,5.36,0.09,73.54,,,TRUE,6/25/09,6/25/09,,3/27/09
116-ZA-T01,Pre-PQ Process,SCMS-49530,ASN-4613,South Africa,PMO - US,Direct Drop,DDP,Truck,ARV,Pediatric,S. BUYS WHOLESALER,"Lamivudine 10mg/ml, oral solution, Bottle, 240 ml",Lamivudine,Generic,10mg/ml,Oral solution,"Aurobindo Unit III, India",10368,240,1000,5650,5.65,0.02,11.07,,,TRUE,6/25/09,6/17/09,,3/27/09
102-GY-T01,Pre-PQ Process,SCMS-42310,ASN-3896,Guyana,PMO - US,Direct Drop,EXW,Air,HRDT,HIV test,"Trinity Biotech, Plc","HIV 1/2, Uni-Gold HIV Kit, 20 Tests","HIV 1/2, Uni-Gold HIV Kit",Uni-Gold,N/A,Test kit,"Trinity Biotech, Plc",10386,20,2026,64832,32,1.6,127.07,675,8727.54,TRUE,5/18/09,5/18/09,,3/30/09
116-ZA-T01,Pre-PQ Process,SCMS-47320,ASN-4224,South Africa,PMO - US,Direct Drop,DDP,Truck,ARV,Adult,S. BUYS WHOLESALER,"Stavudine 30mg, capsules, 60 Caps",Stavudine,Generic,30mg,Capsule,"Aurobindo Unit III, India",10388,60,1800,5418,3.01,0.05,10.62,,,FALSE,5/15/09,5/15/09,,4/2/09
116-ZA-T01,Pre-PQ Process,SCMS-47320,ASN-4224,South Africa,PMO - US,Direct Drop,DDP,Truck,ARV,Pediatric,S. BUYS WHOLESALER,"Lamivudine 10mg/ml [Epivir], oral solution, Bottle, 240 ml",Lamivudine,Epivir,10mg/ml,Oral solution,GSK Mississauga (Canada),10389,240,650,3614,5.56,0.02,7.08,,,FALSE,5/15/09,5/15/09,,4/2/09
116-ZA-T01,Pre-PQ Process,SCMS-47380,ASN-4285,South Africa,PMO - US,Direct Drop,DDP,Truck,ARV,Adult,S. BUYS WHOLESALER,"Saquinavir 200mg [Invirase], capsules, 270 Caps",Saquinavir,Invirase,200mg,Capsule,Roche Basel,10390,270,30,1970.4,65.68,0.24,3.86,,,FALSE,5/15/09,4/21/09,,4/2/09
106-HT-T01,Pre-PQ Process,SCMS-42710,ASN-4322,Haiti,PMO - US,Direct Drop,EXW,Air,HRDT,HIV test,Orasure Technologies Inc.,"HIV 1/2, OraQuick Advance HIV Rapid Antibody Kit, 100 Tests","HIV 1/2, OraQuick Advance HIV Rapid Antibody Kit",OraQuick,N/A,Test kit,"Pacific Biotech, Thailand",10395,100,60,21000,350,3.5,41.16,144,4185.29,TRUE,7/6/09,7/6/09,,4/2/09
102-KE-T01,Pre-PQ Process,SCMS-42960,ASN-4500,Kenya,PMO - US,Direct Drop,EXW,Air,HRDT,HIV test,"Orgenics, Ltd","HIV 1/2, Determine Complete HIV Kit, 100 Tests","HIV 1/2, Determine Complete HIV Kit",Determine,N/A,Test kit,Inverness Japan,10401,100,7500,600000,80,0.8,1176,2215,17662.98,TRUE,8/7/09,8/7/09,,4/6/09
133-NG-T01,Pre-PQ Process,SCMS-43321,ASN-4294,Nigeria,PMO - US,Direct Drop,EXW,Air,HRDT,HIV test,"Orgenics, Ltd","HIV 1/2, Determine Complete HIV Kit, 100 Tests","HIV 1/2, Determine Complete HIV Kit",Determine,N/A,Test kit,Inverness Japan,10406,100,6393,511440,80,0.8,1002.42,1920,30697.91,TRUE,6/24/09,6/24/09,,5/14/09
107-RW-T01,Pre-PQ Process,SCMS-43790,ASN-4460,Rwanda,PMO - US,Direct Drop,CIP,Air,ARV,Adult,MYLAN LABORATORIES LTD (FORMERLY MATRIX LABORATORIES),"Lamivudine/Zidovudine 150/300mg, tablets, 60 Tabs",Lamivudine/Zidovudine,Generic,150/300mg,Tablet - FDC,Mylan (formerly Matrix) Nashik,10416,60,38736,348624,9,0.15,683.3,3080,33235.44,TRUE,9/14/09,9/14/09,,4/15/09
108-VN-T01,Pre-PQ Process,SCMS-45050,ASN-4446,Vietnam,PMO - US,Direct Drop,EXW,Air,ARV,Adult,MYLAN LABORATORIES LTD (FORMERLY MATRIX LABORATORIES),"Efavirenz 600mg, tablets, 30 Tabs",Efavirenz,Generic,600mg,Tablet,Mylan (formerly Matrix) Nashik,10438,30,22512,146328,6.5,0.22,286.8,1775,5761.87,TRUE,8/3/09,8/3/09,,4/29/09
139-NA-T01,Pre-PQ Process,SCMS-45430,ASN-4660,Namibia,PMO - US,Direct Drop,EXW,Air,HRDT,HIV test,"Orgenics, Ltd","HIV 1/2, Clearview Complete Kit, 25 Tests","HIV 1/2, Clearview Complete Kit",Clearview,N/A,Test kit,Chembio Diagnostics Sys. Inc.,10446,25,33,2475,75,3,4.85,25,238.56,TRUE,9/1/09,9/1/09,,5/4/09
119-NA-T01,Pre-PQ Process,SCMS-46050,ASN-4658,Namibia,PMO - US,Direct Drop,EXW,Air,HRDT,HIV test,"Orgenics, Ltd","HIV 1/2, Clearview Complete Kit, 25 Tests","HIV 1/2, Clearview Complete Kit",Clearview,N/A,Test kit,Chembio Diagnostics Sys. Inc.,10464,25,950,71250,75,3,139.65,760,5213.02,TRUE,9/8/09,9/8/09,,5/18/09
100-BW-T01,Pre-PQ Process,SCMS-46460,ASN-4185,Botswana,PMO - US,Direct Drop,EXW,Air,HRDT,HIV test,"Trinity Biotech, Plc","HIV 1/2, Uni-Gold HIV Kit, 20 Tests","HIV 1/2, Uni-Gold HIV Kit",Uni-Gold,N/A,Test kit,"Trinity Biotech, Plc",10472,20,138,4416,32,1.6,8.66,56,1060.43,TRUE,7/10/09,7/10/09,,5/26/09
108-VN-T01,Pre-PQ Process,SCMS-46570,ASN-4710,Vietnam,PMO - US,Direct Drop,CIP,Air,ARV,Pediatric,BRISTOL-MYERS SQUIBB,"Didanosine 25mg [Videx], chewable tablets, 60 Tabs",Didanosine,Videx,25mg,Chewable/dispersible tablet,"BMS Meymac, France",10476,60,480,3360,7,0.12,6.59,,,TRUE,8/24/09,8/24/09,,5/27/09
119-NA-T01,Pre-PQ Process,SCMS-46810,ASN-4412,Namibia,PMO - US,Direct Drop,EXW,Air,HRDT,HIV test,"Orgenics, Ltd","HIV 1/2, Determine Complete HIV Kit, 100 Tests","HIV 1/2, Determine Complete HIV Kit",Determine,N/A,Test kit,Inverness Japan,10477,100,150,10800,72,0.72,21.17,47,2681.23,TRUE,7/29/09,7/29/09,,6/1/09
116-ZA-T01,Pre-PQ Process,SCMS-47050,ASN-4819,South Africa,PMO - US,Direct Drop,DDP,Truck,ARV,Adult,S. BUYS WHOLESALER,"Zidovudine 300mg [Retrovir], tablets, 60 Tabs",Zidovudine,Retrovir,300mg,Tablet,GSK Ware (UK),10498,60,550,8624,15.68,0.26,16.9,,,FALSE,10/12/09,7/21/09,,6/5/09
116-ZA-T01,Pre-PQ Process,SCMS-47051,ASN-4837,South Africa,PMO - US,Direct Drop,DDP,Truck,ARV,Adult,S. BUYS WHOLESALER,"Stavudine 30mg, capsules, 60 Caps",Stavudine,Generic,30mg,Capsule,"Aurobindo Unit III, India",10499,60,700,2457,3.51,0.06,4.82,,,FALSE,10/12/09,8/3/09,,6/5/09
116-ZA-T01,Pre-PQ Process,SCMS-47052,ASN-5369,South Africa,PMO - US,Direct Drop,DDP,Truck,ARV,Pediatric,S. BUYS WHOLESALER,"Zidovudine 10mg/ml, oral solution, Bottle, 240 ml",Zidovudine,Generic,10mg/ml,Oral solution,"Aurobindo Unit III, India",10500,240,200,1410,7.05,0.03,3.04,,,TRUE,10/12/09,10/12/09,,6/5/09
116-ZA-T01,Pre-PQ Process,SCMS-47060,ASN-4815,South Africa,PMO - US,Direct Drop,DDP,Truck,ARV,Pediatric,S. BUYS WHOLESALER,"Efavirenz 50mg, capsule, 30 Caps",Efavirenz,Generic,50mg,Capsule,"Aurobindo Unit III, India",10501,30,400,1468,3.67,0.12,2.88,,,TRUE,7/21/09,7/21/09,,6/5/09
110-ZM-T01,Pre-PQ Process,SCMS-54620,ASN-5365,Zambia,PMO - US,Direct Drop,EXW,Air,HRDT,HIV test,"Orgenics, Ltd","HIV 1/2, Determine Complete HIV Kit, 100 Tests","HIV 1/2, Determine Complete HIV Kit",Determine,N/A,Test kit,Inverness Japan,10503,100,2500,180000,72,0.72,388.08,740,7513.71,TRUE,11/11/09,11/11/09,,10/5/09
119-NA-T01,Pre-PQ Process,SCMS-47150,ASN-4310,Namibia,PMO - US,Direct Drop,EXW,Air,HRDT,HIV test,"Trinity Biotech, Plc","HIV 1/2, Uni-Gold HIV Kit, 20 Tests","HIV 1/2, Uni-Gold HIV Kit",Uni-Gold,N/A,Test kit,"Trinity Biotech, Plc",10504,20,120,3840,32,1.6,7.53,41,1862.27,TRUE,6/29/09,6/29/09,,6/4/09
110-ZM-T01,Pre-PQ Process,SO-220,DN-4,Zambia,PMO - US,From RDC,N/A - From RDC,N/A,ARV,Adult,SCMS from RDC,"Nelfinavir (as mesilate) 250mg [Viracept], tablets, 270 Tabs",Nelfinavir (as mesilate),Viracept,250mg,Tablet,Roche Madrid,10534,270,228,17948.16,78.72,0.29,,60,1218.91,TRUE,2/2/07,2/2/07,,
111-MZ-T01,Pre-PQ Process,SO-321,DN-13,Mozambique,PMO - US,From RDC,N/A - From RDC,Air,ARV,Adult,SCMS from RDC,"Nelfinavir (as mesilate) 250mg [Viracept], tablets, 270 Tabs",Nelfinavir (as mesilate),Viracept,250mg,Tablet,Roche Madrid,10535,270,764,60814.4,79.6,0.29,,1669,859.14,TRUE,1/8/07,1/8/07,,
111-MZ-T01,Pre-PQ Process,SO-321,DN-13,Mozambique,PMO - US,From RDC,N/A - From RDC,Air,ARV,Pediatric,SCMS from RDC,"Efavirenz 50mg [Stocrin/Sustiva], capsule, 30 Caps",Efavirenz,Stocrin/Sustiva,50mg,Capsule,"MSD Manati, Puerto Rico, (USA)",10536,30,341,1166.22,3.42,0.11,,,,FALSE,1/8/07,1/8/07,,
111-MZ-T01,Pre-PQ Process,SO-322,DN-14,Mozambique,PMO - US,From RDC,N/A - From RDC,Air,ARV,Adult,SCMS from RDC,"Efavirenz 600mg, tablets, 30 Tabs",Efavirenz,Generic,600mg,Tablet,"Aurobindo Unit III, India",10537,30,10403,174250.25,16.75,0.56,,1717,1893.82,TRUE,1/9/07,1/9/07,,
112-NG-T01,Pre-PQ Process,SO-328,DN-22,Nigeria,PMO - US,From RDC,N/A - From RDC,N/A,ARV,Adult,SCMS from RDC,"Lamivudine/Zidovudine+Nevirapine 150/300+200mg, tablets, co-blister, 60+60 Tabs",Lamivudine/Zidovudine+Nevirapine,Generic,150/300+200mg,Tablet - FDC + co-blister,"Aspen-OSD, Port Elizabeth, SA",10539,120,5151,105595.5,20.5,0.17,,667,2921,TRUE,2/22/07,2/22/07,,
100-CI-T01,Pre-PQ Process,SO-283,DN-16,Côte d'Ivoire,PMO - US,From RDC,N/A - From RDC,N/A,ARV,Adult,SCMS from RDC,"Lamivudine/Zidovudine 150/300mg, tablets, 60 Tabs",Lamivudine/Zidovudine,Generic,150/300mg,Tablet - FDC,"Aurobindo Unit III, India",10540,60,2230,22857.5,10.25,0.17,,909,2804,TRUE,2/22/07,2/22/07,,
111-MZ-T01,Pre-PQ Process,SO-324,DN-17,Mozambique,PMO - US,From RDC,N/A - From RDC,Air,ARV,Adult,SCMS from RDC,"Tenofovir Disoproxil Fumarate 300mg [Viread], tablets, 30 Tabs",Tenofovir Disoproxil Fumarate,Viread,300mg,Tablet,Gilead(Nycomed) Oranienburg DE,10541,30,747,12699,17,0.57,,84,1338.04,TRUE,1/9/07,1/9/07,,
113-ZW-T01,Pre-PQ Process,SO-253,DN-5,Zimbabwe,PMO - US,From RDC,N/A - From RDC,N/A,ARV,Adult,SCMS from RDC,"Efavirenz 600mg, tablets, 30 Tabs",Efavirenz,Generic,600mg,Tablet,"Aurobindo Unit III, India",10542,30,1050,17062.5,16.25,0.54,,90,1428.67,TRUE,2/6/07,2/6/07,,
112-NG-T01,Pre-PQ Process,SO-339,DN-27,Nigeria,PMO - US,From RDC,N/A - From RDC,N/A,ARV,Pediatric,SCMS from RDC,"Lamivudine 10mg/ml, oral solution, Bottle, 240 ml",Lamivudine,Generic,10mg/ml,Oral solution,"Aurobindo Unit III, India",10544,240,1200,2640,2.2,0.01,,1178,4535,TRUE,2/22/07,2/22/07,,
112-NG-T01,Pre-PQ Process,SO-339,DN-27,Nigeria,PMO - US,From RDC,N/A - From RDC,N/A,ARV,Adult,SCMS from RDC,"Lamivudine 150mg, tablets, 60 Tabs",Lamivudine,Generic,150mg,Tablet,"Aurobindo Unit III, India",10545,60,2170,6727,3.1,0.05,,,,FALSE,2/22/07,2/22/07,,
112-NG-T01,Pre-PQ Process,SO-341,DN-93,Nigeria,PMO - US,From RDC,N/A - From RDC,N/A,ARV,Pediatric,SCMS from RDC,"Nevirapine 10mg/ml, oral suspension, Bottle, 240 ml",Nevirapine,Generic,10mg/ml,Oral suspension,"Aurobindo Unit III, India",10546,240,1216,4256,3.5,0.01,,840,3736,TRUE,4/17/07,4/17/07,,
110-ZM-T01,Pre-PQ Process,SO-210,DN-114,Zambia,PMO - US,From RDC,N/A - From RDC,N/A,ARV,Adult,SCMS from RDC,"Emtricitabine/Tenofovir Disoproxil Fumarate 200/300mg [Truvada], tablets, 30 Tabs",Emtricitabine/Tenofovir Disoproxil Fumarate,Truvada,300/200mg,Tablet - FDC,Gilead(Nycomed) Oranienburg DE,10547,30,14851,389838.75,26.25,0.88,,899,5245.98,TRUE,5/16/07,5/16/07,,
112-NG-T01,Pre-PQ Process,SO-343,DN-118,Nigeria,PMO - US,From RDC,N/A - From RDC,N/A,ARV,Adult,SCMS from RDC,"Lamivudine/Zidovudine+Nevirapine 150/300+200mg, tablets, co-blister, 60+60 Tabs",Lamivudine/Zidovudine+Nevirapine,Generic,150/300+200mg,Tablet - FDC + co-blister,"Aspen-OSD, Port Elizabeth, SA",10548,120,5661,116050.5,20.5,0.17,,725,4104.5,TRUE,5/8/07,5/8/07,,
111-MZ-T01,Pre-PQ Process,SO-293,DN-44,Mozambique,PMO - US,From RDC,N/A - From RDC,Air,ARV,Adult,SCMS from RDC,"Saquinavir 200mg [Invirase], capsules, 270 Caps",Saquinavir,Invirase,200mg,Capsule,Roche Basel,10549,270,470,35856.3,76.29,0.28,,,7364.3,TRUE,4/17/07,4/17/07,,
100-CI-T01,Pre-PQ Process,SO-284,DN-46,Côte d'Ivoire,PMO - US,From RDC,N/A - From RDC,N/A,ARV,Adult,SCMS from RDC,"Lamivudine/Zidovudine 150/300mg, tablets, 60 Tabs",Lamivudine/Zidovudine,Generic,150/300mg,Tablet - FDC,"Aurobindo Unit III, India",10550,60,1778,18224.5,10.25,0.17,,716,2601,TRUE,5/4/07,5/4/07,,
100-CI-T01,Pre-PQ Process,SO-436,DN-73,Côte d'Ivoire,PMO - US,From RDC,N/A - From RDC,N/A,ARV,Adult,SCMS from RDC,"Lamivudine/Nevirapine/Stavudine 150/200/30mg, tablets, 60 Tabs",Lamivudine/Nevirapine/Stavudine,Generic,150/200/30mg,Tablet - FDC,"Cipla, Goa, India",10551,60,9000,67500,7.5,0.12,,974,3166,TRUE,4/30/07,4/30/07,,
110-ZM-T01,Pre-PQ Process,SO-537,DN-143,Zambia,PMO - US,From RDC,N/A - From RDC,N/A,HRDT,HIV test,SCMS from RDC,"HIV 1/2, Uni-Gold HIV Kit, 20 Tests","HIV 1/2, Uni-Gold HIV Kit",Uni-Gold,N/A,Test kit,"Trinity Biotech, Plc",10553,20,5212,166784,32,1.6,,1780,13736.03,TRUE,5/21/07,5/21/07,,
110-ZM-T01,Pre-PQ Process,SO-498,DN-182,Zambia,PMO - US,From RDC,N/A - From RDC,N/A,ARV,Adult,SCMS from RDC,"Abacavir 300mg, tablets, 60 Tabs",Abacavir,Generic,300mg,Tablet,"Aurobindo Unit III, India",10562,60,8905,318799,35.8,0.6,,3139,13094.69,TRUE,6/14/07,6/14/07,,
110-ZM-T01,Pre-PQ Process,SO-624,DN-203,Zambia,PMO - US,From RDC,N/A - From RDC,N/A,ARV,Adult,SCMS from RDC,"Lopinavir/Ritonavir 200/50mg [Aluvia], tablets, 120 Tabs",Lopinavir/Ritonavir,Aluvia,200/50mg,Tablet,ABBVIE Ludwigshafen Germany,10563,120,5019,206280.9,41.1,0.34,330.05,1092,4761.51,TRUE,7/27/07,7/27/07,,
111-MZ-T01,Pre-PQ Process,SO-576,DN-148,Mozambique,PMO - US,From RDC,N/A - From RDC,Air,ARV,Adult,SCMS from RDC,"Indinavir 400mg [Crixivan], capsules, 180 Caps",Indinavir,Crixivan,400mg,Capsule,MSD Elkton USA,10564,180,564,27816.48,49.32,0.27,,3946,8892.48,TRUE,6/13/07,6/13/07,,
111-MZ-T01,Pre-PQ Process,SO-576,DN-148,Mozambique,PMO - US,From RDC,N/A - From RDC,Air,ARV,Adult,SCMS from RDC,"Saquinavir 200mg [Invirase], capsules, 270 Caps",Saquinavir,Invirase,200mg,Capsule,Roche Basel,10565,270,421,32118.09,76.29,0.28,,,,FALSE,6/13/07,6/13/07,,
112-NG-T01,Pre-PQ Process,SO-557,DN-172,Nigeria,PMO - US,From RDC,N/A - From RDC,N/A,ARV,Adult,SCMS from RDC,"Lamivudine 150mg, tablets, 60 Tabs",Lamivudine,Generic,150mg,Tablet,"Ranbaxy, Paonta Shahib, India",10566,60,880,2912.8,3.31,0.06,,226,1732,TRUE,6/26/07,6/26/07,,
104-CI-T01,Pre-PQ Process,SO-556,DN-159,Côte d'Ivoire,PMO - US,From RDC,N/A - From RDC,N/A,ARV,Adult,SCMS from RDC,"Stavudine 15mg, capsules, 60 Caps",Stavudine,Generic,15mg,Capsule,"Aurobindo Unit III, India",10567,60,875,1881.25,2.15,0.04,,58,727,TRUE,6/4/07,6/4/07,,
112-NG-T01,Pre-PQ Process,SO-663,DN-190,Nigeria,PMO - US,From RDC,N/A - From RDC,N/A,ARV,Adult,SCMS from RDC,"Stavudine 40mg, capsules, 60 Caps",Stavudine,Generic,40mg,Capsule,"Aurobindo Unit III, India",10570,60,300,537,1.79,0.03,0.86,54,1283.24,TRUE,6/26/07,6/26/07,,
113-ZW-T01,Pre-PQ Process,SO-278,DN-141,Zimbabwe,PMO - US,From RDC,N/A - From RDC,N/A,ARV,Adult,SCMS from RDC,"Efavirenz 600mg, tablets, 30 Tabs",Efavirenz,Generic,600mg,Tablet,"Aurobindo Unit III, India",10571,30,6000,97500,16.25,0.54,,553,1956.93,TRUE,5/20/07,5/20/07,,
104-CI-T01,Pre-PQ Process,SO-618,DN-164,Côte d'Ivoire,PMO - US,From RDC,N/A - From RDC,N/A,ARV,Adult,SCMS from RDC,"Zidovudine 300mg, tablets, 60 Tabs",Zidovudine,Generic,300mg,Tablet,"Ranbaxy, Paonta Shahib, India",10572,60,1926,16409.52,8.52,0.14,,105,977.55,TRUE,6/8/07,6/8/07,,
104-CI-T01,Pre-PQ Process,SO-603,DN-196,Côte d'Ivoire,PMO - US,From RDC,N/A - From RDC,N/A,ARV,Adult,SCMS from RDC,"Lamivudine/Nevirapine/Stavudine 150/200/30mg, tablets, 60 Tabs",Lamivudine/Nevirapine/Stavudine,Generic,150/200/30mg,Tablet - FDC,"Cipla, Goa, India",10573,60,40411,303082.5,7.5,0.12,484.93,7185,17587,TRUE,6/28/07,6/28/07,,
104-CI-T01,Pre-PQ Process,SO-781,DN-245,Côte d'Ivoire,PMO - US,From RDC,N/A - From RDC,N/A,HRDT,HIV test,SCMS from RDC,"HIV 1/2, Determine Complete HIV Kit, 100 Tests","HIV 1/2, Determine Complete HIV Kit",Determine,N/A,Test kit,ABBVIE GmbH & Co.KG Wiesbaden,10576,100,2,160,80,0.8,0.26,1,9789.07,TRUE,7/31/07,7/31/07,,
105-GY-T01,Pre-PQ Process,SO-694,DN-280,Guyana,PMO - US,From RDC,N/A - From RDC,Air,ARV,Adult,SCMS from RDC,"Zidovudine 300mg, tablets, 60 Tabs",Zidovudine,Generic,300mg,Tablet,"Aurobindo Unit III, India",10577,60,564,4596.6,8.15,0.14,7.35,34,1920,TRUE,8/9/07,8/9/07,,
100-ZW-T01,Pre-PQ Process,SO-702,DN-212,Zimbabwe,PMO - US,From RDC,N/A - From RDC,Truck,ARV,Adult,SCMS from RDC,"Lamivudine/Nevirapine/Stavudine 150/200/30mg, tablets, 60 Tabs",Lamivudine/Nevirapine/Stavudine,Generic,150/200/30mg,Tablet - FDC,"Cipla, Goa, India",10578,60,8694,64335.6,7.4,0.12,102.94,819,3135,TRUE,7/4/07,7/4/07,,
109-TZ-T01,Pre-PQ Process,SO-749,DN-257,Tanzania,PMO - US,From RDC,N/A - From RDC,Air,HRDT,HIV test,SCMS from RDC,"HIV 1/2, Determine Complete HIV Kit, 100 Tests","HIV 1/2, Determine Complete HIV Kit",Determine,N/A,Test kit,ABBVIE GmbH & Co.KG Wiesbaden,10579,100,302,24160,80,0.8,38.66,98,1266.39,TRUE,8/14/07,8/14/07,,
104-CI-T01,Pre-PQ Process,SO-816,DN-265,Côte d'Ivoire,PMO - US,From RDC,N/A - From RDC,Air,ARV,Adult,SCMS from RDC,"Lamivudine 150mg, tablets, 60 Tabs",Lamivudine,Generic,150mg,Tablet,"Aurobindo Unit III, India",10580,60,3145,9560.8,3.04,0.05,15.3,206,2731.58,TRUE,8/17/07,8/17/07,,
104-CI-T01,Pre-PQ Process,SO-590,DN-220,Côte d'Ivoire,PMO - US,From RDC,N/A - From RDC,N/A,ARV,Pediatric,SCMS from RDC,"Efavirenz 50mg [Stocrin/Sustiva], capsule, 30 Caps",Efavirenz,Stocrin/Sustiva,50mg,Capsule,"MSD, Haarlem, NL",10585,30,5000,17350,3.47,0.12,27.76,263,1699,TRUE,7/18/07,7/18/07,,
119-NA-T01,Pre-PQ Process,SO-884,DN-322,Namibia,PMO - US,From RDC,N/A - From RDC,N/A,HRDT,HIV test,SCMS from RDC,"HIV 1/2, Uni-Gold HIV Kit, 20 Tests","HIV 1/2, Uni-Gold HIV Kit",Uni-Gold,N/A,Test kit,"Trinity Biotech, Plc",10587,20,300,9600,32,1.6,15.36,172,688.84,TRUE,9/7/07,9/7/07,,
104-CI-T01,Pre-PQ Process,SO-963,DN-323,Côte d'Ivoire,PMO - US,From RDC,N/A - From RDC,N/A,ARV,Adult,SCMS from RDC,"Indinavir 400mg [Crixivan], capsules, 180 Caps",Indinavir,Crixivan,400mg,Capsule,MSD Elkton USA,10588,180,1076,53800,50,0.28,86.08,1286,7629.94,TRUE,9/14/07,9/14/07,,
111-MZ-T01,Pre-PQ Process,SO-298,DN-304,Mozambique,PMO - US,From RDC,N/A - From RDC,Air,ARV,Pediatric,SCMS from RDC,"Abacavir 20mg/ml, oral solution, Bottle, 240 ml",Abacavir,Generic,20mg/ml,Oral solution,"Aurobindo Unit III, India",10589,240,338,7114.9,21.05,0.09,11.38,9006,9869.55,TRUE,9/21/07,9/21/07,,
100-ZW-T01,Pre-PQ Process,SO-897,DN-299,Zimbabwe,PMO - US,From RDC,N/A - From RDC,Truck,ARV,Adult,SCMS from RDC,"Zidovudine 300mg, tablets, 60 Tabs",Zidovudine,Generic,300mg,Tablet,"Aurobindo Unit III, India",10590,60,1200,9780,8.15,0.14,15.65,70,1949.84,TRUE,8/17/07,8/17/07,,
104-CI-T01,Pre-PQ Process,SO-959,DN-320,Côte d'Ivoire,PMO - US,From RDC,N/A - From RDC,N/A,ARV,Adult,SCMS from RDC,"Stavudine 30mg, capsules, 60 Caps",Stavudine,Generic,30mg,Capsule,"Strides, Bangalore, India.",10593,60,1796,2729.92,1.52,0.03,4.37,5880,14656,TRUE,8/30/07,8/30/07,,
100-ZW-T01,Pre-PQ Process,SO-719,DN-338,Zimbabwe,PMO - US,From RDC,N/A - From RDC,Truck,ARV,Adult,SCMS from RDC,"Lamivudine/Nevirapine/Stavudine 150/200/30mg, tablets, 60 Tabs",Lamivudine/Nevirapine/Stavudine,Generic,150/200/30mg,Tablet - FDC,"Cipla, Goa, India",10596,60,53546,396240.4,7.4,0.12,633.98,5467,18941.31,TRUE,9/26/07,9/26/07,,
100-ZW-T01,Pre-PQ Process,SO-1074,DN-354,Zimbabwe,PMO - US,From RDC,N/A - From RDC,Truck,ARV,Adult,SCMS from RDC,"Lamivudine/Stavudine 150/30mg, tablets, 30 Tabs",Lamivudine/Stavudine,Generic,150/30mg,Tablet - FDC,"Cipla, Goa, India",10597,30,537,1074,2,0.07,1.72,143,2099,TRUE,9/18/07,9/18/07,,
114-UG-T01,Pre-PQ Process,SO-1080,DN-362,Uganda,PMO - US,From RDC,N/A - From RDC,Air,ARV,Adult,SCMS from RDC,"Lamivudine/Nevirapine/Stavudine 150/200/30mg, tablets, 60 Tabs",Lamivudine/Nevirapine/Stavudine,Generic,150/200/30mg,Tablet - FDC,"Cipla, Goa, India",10600,60,1953,14452.2,7.4,0.12,23.12,283,1673,TRUE,11/5/07,11/5/07,,
104-CI-T01,Pre-PQ Process,SO-997,DN-324,Côte d'Ivoire,PMO - US,From RDC,N/A - From RDC,N/A,ARV,Adult,SCMS from RDC,"Ritonavir 100mg [Norvir], capsules, cool, 4 x 84 Caps",Ritonavir,Norvir,100mg,Capsule,ABBVIE (Abbott) France,10610,336,245,9398.2,38.36,0.11,15.04,1468,4602.4,TRUE,8/31/07,8/31/07,,
104-CI-T01,Pre-PQ Process,SO-843,DN-330,Côte d'Ivoire,PMO - US,From RDC,N/A - From RDC,N/A,ARV,Adult,SCMS from RDC,"Efavirenz 600mg, tablets, 30 Tabs",Efavirenz,Generic,600mg,Tablet,"Strides, Bangalore, India.",10612,30,24265,394548.9,16.26,0.54,631.28,2518,6667,TRUE,9/4/07,9/4/07,,
117-ET-T01,Pre-PQ Process,SO-914,DN-332,Ethiopia,PMO - US,From RDC,N/A - From RDC,N/A,ARV,Pediatric,SCMS from RDC,"Zidovudine 10mg/ml, oral solution, Bottle, 240 ml",Zidovudine,Generic,10mg/ml,Oral solution,"Aurobindo Unit III, India",10613,240,13850,29777.5,2.15,0.01,47.64,35216,88801,TRUE,9/4/07,9/4/07,,
104-CI-T01,Pre-PQ Process,SO-923,DN-336,Côte d'Ivoire,PMO - US,From RDC,N/A - From RDC,N/A,ARV,Adult,SCMS from RDC,"Lamivudine/Zidovudine 150/300mg, tablets, 60 Tabs",Lamivudine/Zidovudine,Generic,150/300mg,Tablet - FDC,"Aurobindo Unit III, India",10614,60,11803,126056.04,10.68,0.18,201.69,1148,2762,TRUE,9/21/07,9/21/07,,
110-ZM-T01,Pre-PQ Process,SO-804,DN-328,Zambia,PMO - US,From RDC,N/A - From RDC,N/A,ARV,Adult,SCMS from RDC,"Lopinavir/Ritonavir 200/50mg [Aluvia], tablets, 120 Tabs",Lopinavir/Ritonavir,Aluvia,200/50mg,Tablet,ABBVIE Ludwigshafen Germany,10616,120,3769,154905.9,41.1,0.34,247.85,821,4068.44,TRUE,8/31/07,8/31/07,,
110-ZM-T01,Pre-PQ Process,SO-535,DN-380,Zambia,PMO - US,From RDC,N/A - From RDC,N/A,HRDT,HIV test,SCMS from RDC,"HIV 1/2, Determine Complete HIV Kit, 100 Tests","HIV 1/2, Determine Complete HIV Kit",Determine,N/A,Test kit,ABBVIE GmbH & Co.KG Wiesbaden,10622,100,1128,90240,80,0.8,144.38,629,2938.27,TRUE,10/17/07,10/17/07,,
112-NG-T01,Pre-PQ Process,SO-565,DN-373,Nigeria,PMO - US,From RDC,N/A - From RDC,Air,ARV,Adult,SCMS from RDC,"Lamivudine/Zidovudine+Nevirapine 150/300+200mg, tablets, co-blister, 60+60 Tabs",Lamivudine/Zidovudine+Nevirapine,Generic,150/300+200mg,Tablet - FDC + co-blister,"Aspen-OSD, Port Elizabeth, SA",10623,120,9980,204590,20.5,0.17,327.34,2846,13873,TRUE,9/20/07,9/20/07,,
112-NG-T01,Pre-PQ Process,SO-565,DN-373,Nigeria,PMO - US,From RDC,N/A - From RDC,Air,ARV,Adult,SCMS from RDC,"Lamivudine/Nevirapine/Stavudine 150/200/30mg, tablets, 60 Tabs",Lamivudine/Nevirapine/Stavudine,Generic,150/200/30mg,Tablet - FDC,"Cipla, Goa, India",10624,60,222,1665,7.5,0.12,2.66,,,FALSE,9/20/07,9/20/07,,
112-NG-T01,Pre-PQ Process,SO-565,DN-373,Nigeria,PMO - US,From RDC,N/A - From RDC,Air,ARV,Adult,SCMS from RDC,"Lamivudine/Nevirapine/Stavudine 150/200/40mg, tablets, 60 Tabs",Lamivudine/Nevirapine/Stavudine,Generic,150/200/40mg,Tablet - FDC,"Cipla, Goa, India",10625,60,1132,8716.4,7.7,0.13,13.95,,,FALSE,9/20/07,9/20/07,,
112-NG-T01,Pre-PQ Process,SO-565,DN-373,Nigeria,PMO - US,From RDC,N/A - From RDC,Air,ARV,Pediatric,SCMS from RDC,"Zidovudine 10mg/ml, oral solution, Bottle, 240 ml",Zidovudine,Generic,10mg/ml,Oral solution,"Aurobindo Unit III, India",10626,240,1653,6529.35,3.95,0.02,10.45,,,FALSE,9/20/07,9/20/07,,
104-CI-T01,Pre-PQ Process,SO-845,DN-376,Côte d'Ivoire,PMO - US,From RDC,N/A - From RDC,Air,HRDT,HIV test,SCMS from RDC,"HIV 1/2, Determine Complete HIV Kit, 100 Tests","HIV 1/2, Determine Complete HIV Kit",Determine,N/A,Test kit,Inverness Japan,10628,100,1150,82800,72,0.72,132.48,476,2172,TRUE,10/2/07,10/2/07,,
110-ZM-T01,Pre-PQ Process,SO-1121,DN-418,Zambia,PMO - US,From RDC,N/A - From RDC,Air,ARV,Adult,SCMS from RDC,"Emtricitabine/Tenofovir Disoproxil Fumarate 200/300mg [Truvada], tablets, 30 Tabs",Emtricitabine/Tenofovir Disoproxil Fumarate,Truvada,300/200mg,Tablet - FDC,Gilead(Nycomed) Oranienburg DE,10630,30,3360,88200,26.25,0.88,141.12,281,1532.41,TRUE,11/13/07,11/13/07,,
112-NG-T01,Pre-PQ Process,SO-1225,DN-411,Nigeria,PMO - US,From RDC,N/A - From RDC,Air,ARV,Adult,SCMS from RDC,"Stavudine 30mg, capsules, 60 Caps",Stavudine,Generic,30mg,Capsule,"Aurobindo Unit III, India",10631,60,1500,2280,1.52,0.03,3.65,178,1621,TRUE,11/1/07,11/1/07,,
110-ZM-T01,Pre-PQ Process,SO-1122,DN-417,Zambia,PMO - US,From RDC,N/A - From RDC,Air,ARV,Adult,SCMS from RDC,"Lamivudine/Zidovudine 150/300mg, tablets, 60 Tabs",Lamivudine/Zidovudine,Generic,150/300mg,Tablet - FDC,"Cipla, Goa, India",10632,60,40245,382327.5,9.5,0.16,611.72,3254,13267.3,TRUE,11/2/07,11/2/07,,
111-MZ-T01,Pre-PQ Process,SO-1038,DN-426,Mozambique,PMO - US,From RDC,N/A - From RDC,Air,ARV,Adult,SCMS from RDC,"Lamivudine/Zidovudine 150/300mg, tablets, 60 Tabs",Lamivudine/Zidovudine,Generic,150/300mg,Tablet - FDC,"Cipla, Goa, India",10633,60,10044,95418,9.5,0.16,152.67,7341,10879.28,TRUE,11/29/07,11/29/07,,
112-NG-T01,Pre-PQ Process,SO-1109,DN-422,Nigeria,PMO - US,From RDC,N/A - From RDC,Air,ARV,Adult,SCMS from RDC,"Lamivudine/Nevirapine/Zidovudine 150/200/300mg, tablets, 60 Tabs",Lamivudine/Nevirapine/Zidovudine,Generic,150/300/200mg,Tablet - FDC,"Aurobindo Unit III, India",10634,60,7436,100386,13.5,0.22,160.62,962,5180,TRUE,11/9/07,11/9/07,,
110-ZM-T01,Pre-PQ Process,SO-1317,DN-605,Zambia,PMO - US,From RDC,N/A - From RDC,Truck,ARV,Adult,SCMS from RDC,"Nevirapine 200mg, tablets, 60 Tabs",Nevirapine,Generic,200mg,Tablet,Hetero Unit III Hyderabad IN,10636,60,72333,245932.2,3.4,0.06,393.49,4957,15220.18,TRUE,2/21/08,2/21/08,,
117-ET-T01,Pre-PQ Process,SO-1342,DN-459,Ethiopia,PMO - US,From RDC,N/A - From RDC,Air,ARV,Pediatric,SCMS from RDC,"Stavudine 1mg/ml, powder for oral solution, 200 ml",Stavudine,Generic,1mg/ml,Oral solution,"Aurobindo Unit III, India",10637,200,7294,10211.6,1.4,0.01,16.34,753,8004,TRUE,11/26/07,11/26/07,,
125-HT-T01,Pre-PQ Process,SO-1290,DN-444,Haiti,PMO - US,From RDC,N/A - From RDC,Air,HRDT,HIV test,SCMS from RDC,"HIV 1/2, Determine HIV Kit, without Lancets, 100 Tests","HIV 1/2, Determine HIV Kit, without Lancets",Determine,N/A,Test kit,Inverness Japan,10639,100,10,720,72,0.72,1.15,6,2219.44,TRUE,12/31/07,12/31/07,,
106-HT-T01,Pre-PQ Process,SO-1288,DN-445,Haiti,PMO - US,From RDC,N/A - From RDC,Air,ARV,Pediatric,SCMS from RDC,"Lamivudine 10mg/ml, oral solution, Bottle, 240 ml",Lamivudine,Generic,10mg/ml,Oral solution,"Aurobindo Unit III, India",10640,240,2000,3940,1.97,0.01,6.3,4213,38515.8,TRUE,1/22/08,1/22/08,,
106-HT-T01,Pre-PQ Process,SO-1288,DN-445,Haiti,PMO - US,From RDC,N/A - From RDC,Air,ARV,Adult,SCMS from RDC,"Lamivudine 150mg, tablets, 60 Tabs",Lamivudine,Generic,150mg,Tablet,"Aurobindo Unit III, India",10641,60,5000,15200,3.04,0.05,24.32,,,FALSE,1/22/08,1/22/08,,
112-NG-T01,Pre-PQ Process,SO-567,DN-475,Nigeria,PMO - US,From RDC,N/A - From RDC,Air,ARV,Adult,SCMS from RDC,"Lamivudine/Nevirapine/Zidovudine 150/200/300mg, tablets, 60 Tabs",Lamivudine/Nevirapine/Zidovudine,Generic,150/300/200mg,Tablet - FDC,"Aurobindo Unit III, India",10642,60,12984,266172,20.5,0.34,425.88,3286,18208,TRUE,12/3/07,12/3/07,,
110-ZM-T01,Pre-PQ Process,SO-1309,DN-484,Zambia,PMO - US,From RDC,N/A - From RDC,N/A,ARV,Adult,SCMS from RDC,"Lamivudine/Nevirapine/Stavudine 150/200/30mg, tablets, 60 Tabs",Lamivudine/Nevirapine/Stavudine,Generic,150/200/30mg,Tablet - FDC,"Cipla, Goa, India",10643,60,14052,103984.8,7.4,0.12,166.38,1420,5780.2,TRUE,12/7/07,12/7/07,,
110-ZM-T01,Pre-PQ Process,SO-1029,DN-486,Zambia,PMO - US,From RDC,N/A - From RDC,N/A,ARV,Pediatric,SCMS from RDC,"Efavirenz 50mg, capsule, 30 Caps",Efavirenz,Generic,50mg,Capsule,"Aurobindo Unit III, India",10644,30,3690,10147.5,2.75,0.09,16.24,226,1370.28,TRUE,12/6/07,12/6/07,,
104-CI-T01,Pre-PQ Process,SO-1408,DN-478,Côte d'Ivoire,PMO - US,From RDC,N/A - From RDC,Air,ARV,Adult,SCMS from RDC,"Nevirapine 200mg, tablets, 60 Tabs",Nevirapine,Generic,200mg,Tablet,"Strides, Bangalore, India.",10645,60,8000,27200,3.4,0.06,43.52,1013,3646,TRUE,12/10/07,12/10/07,,
100-ZW-T01,Pre-PQ Process,SO-708,DN-479,Zimbabwe,PMO - US,From RDC,N/A - From RDC,Air,ARV,Adult,SCMS from RDC,"Efavirenz 600mg, tablets, 30 Tabs",Efavirenz,Generic,600mg,Tablet,"Cipla, Goa, India",10647,30,1860,23101.2,12.42,0.41,36.96,2425,13356.65,TRUE,2/5/08,2/5/08,,
104-CI-T01,Pre-PQ Process,SO-1361,DN-503,Côte d'Ivoire,PMO - US,From RDC,N/A - From RDC,Air,ARV,Adult,SCMS from RDC,"Abacavir/Lamivudine/Zidovudine 300/150/300mg [Trizivir], tablets, 60 Tabs",Abacavir/Lamivudine/Zidovudine,Trizivir,300/150/300mg,Tablet - FDC,GSK Ware (UK),10648,60,1847,129290,70,1.17,206.86,271,1700,TRUE,12/14/07,12/14/07,,
102-BW-T01,Pre-PQ Process,SO-1662,DN-621,Botswana,PMO - US,From RDC,N/A - From RDC,Air,HRDT,HIV test,SCMS from RDC,"HIV 1/2, Uni-Gold HIV Kit, 20 Tests","HIV 1/2, Uni-Gold HIV Kit",Uni-Gold,N/A,Test kit,"Trinity Biotech, Plc",10650,20,100,3200,32,1.6,5.12,35,861,TRUE,3/12/08,3/12/08,,
111-MZ-T01,Pre-PQ Process,SO-1039,DN-601,Mozambique,PMO - US,From RDC,N/A - From RDC,Air,ARV,Adult,SCMS from RDC,"Stavudine 30mg, capsules, 60 Caps",Stavudine,Generic,30mg,Capsule,"Aurobindo Unit III, India",10651,60,120,182.4,1.52,0.03,0.29,5092,8118.64,TRUE,4/8/08,4/5/08,,
100-ZW-T01,Pre-PQ Process,SO-710,DN-488,Zimbabwe,PMO - US,From RDC,N/A - From RDC,Air,ARV,Adult,SCMS from RDC,"Efavirenz 600mg, tablets, 30 Tabs",Efavirenz,Generic,600mg,Tablet,"Cipla, Goa, India",10652,30,1860,23101.2,12.42,0.41,36.96,4091,12130.9,TRUE,1/14/08,1/14/08,,
111-MZ-T01,Pre-PQ Process,SO-579,DN-600,Mozambique,PMO - US,From RDC,N/A - From RDC,Air,ARV,Pediatric,SCMS from RDC,"Lamivudine 10mg/ml, oral solution, Bottle, 240 ml",Lamivudine,Generic,10mg/ml,Oral solution,"Aurobindo Unit III, India",10653,240,2744,6695.36,2.44,0.01,10.71,998,3894.6,TRUE,4/18/08,4/18/08,,
111-MZ-T01,Pre-PQ Process,SO-1039,DN-628,Mozambique,PMO - US,From RDC,N/A - From RDC,Air,ARV,Adult,SCMS from RDC,"Lamivudine/Stavudine 150/30mg, tablets, 30 Tabs",Lamivudine/Stavudine,Generic,150/30mg,Tablet - FDC,"Cipla, Goa, India",10654,30,52240,104480,2,0.07,167.17,4230,8771.34,TRUE,4/8/08,4/5/08,,
110-ZM-T01,Pre-PQ Process,SO-783,DN-481,Zambia,PMO - US,From RDC,N/A - From RDC,N/A,HRDT,HIV test,SCMS from RDC,"HIV 1/2, Determine HIV Kit, without Lancets, 100 Tests","HIV 1/2, Determine HIV Kit, without Lancets",Determine,N/A,Test kit,Inverness Japan,10656,100,2100,151179,71.99,0.72,241.89,498,2292.6,TRUE,1/15/08,1/15/08,,
112-NG-T01,Pre-PQ Process,SO-1570,DN-535,Nigeria,PMO - US,From RDC,N/A - From RDC,Air,ARV,Adult,SCMS from RDC,"Lamivudine/Zidovudine 150/300mg, tablets, 60 Tabs",Lamivudine/Zidovudine,Generic,150/300mg,Tablet - FDC,"Aurobindo Unit III, India",10658,60,367,3486.5,9.5,0.16,5.58,447,2230,TRUE,1/9/08,1/9/08,,
107-RW-T01,Pre-PQ Process,SO-1222,DN-571,Rwanda,PMO - US,From RDC,N/A - From RDC,Air,HRDT,HIV test - Ancillary,SCMS from RDC,"HIV, Lancet, Safety, for HIV Test kits, 100 Pcs","HIV, Lancet, Safety, for HIV Test kits, 100 Pcs",Generic,N/A,Test kit - Ancillary,Inverness Japan,10660,100,2093,20.93,0.01,0,0.03,609,12977.28,TRUE,1/28/08,1/28/08,,
109-TZ-T01,Pre-PQ Process,SO-1647,DN-556,Tanzania,PMO - US,From RDC,N/A - From RDC,Air,ARV,Adult,SCMS from RDC,"Lamivudine/Zidovudine 150/300mg, tablets, 60 Tabs",Lamivudine/Zidovudine,Generic,150/300mg,Tablet - FDC,"Aurobindo Unit III, India",10662,60,9476,90022,9.5,0.16,144.04,1008,4207.4,TRUE,2/6/08,2/6/08,,
105-GY-T01,Pre-PQ Process,SO-1239,DN-557,Guyana,PMO - US,From RDC,N/A - From RDC,Air,ARV,Adult,SCMS from RDC,"Efavirenz 600mg, tablets, 30 Tabs",Efavirenz,Generic,600mg,Tablet,"Strides, Bangalore, India.",10663,30,5670,70421.4,12.42,0.41,112.67,441,6141.25,TRUE,1/24/08,1/24/08,,
104-CI-T01,Pre-PQ Process,SO-1278,DN-561,Côte d'Ivoire,PMO - US,From RDC,N/A - From RDC,Air,HRDT,HIV test,SCMS from RDC,"HIV 2, New LAV Blot 2 HIV Kit, 18 Tests","HIV 2, New LAV Blot 2 HIV Kit",LAV,N/A,Test kit,Bio-Rad Laboratories,10664,18,9,2773.53,308.17,17.12,4.44,13,1148,TRUE,1/17/08,1/17/08,,
104-CI-T01,Pre-PQ Process,SO-1144,DN-539,Côte d'Ivoire,PMO - US,From RDC,N/A - From RDC,Air,ARV,Pediatric,SCMS from RDC,"Nevirapine 10mg/ml, oral suspension, Bottle, 240 ml",Nevirapine,Generic,10mg/ml,Oral suspension,"Aurobindo Unit III, India",10665,240,475,912,1.92,0.01,1.46,170,1301,TRUE,12/28/07,12/28/07,,
110-ZM-T01,Pre-PQ Process,SO-1034,DN-554,Zambia,PMO - US,From RDC,N/A - From RDC,N/A,ARV,Adult,SCMS from RDC,"Efavirenz 600mg, tablets, 30 Tabs",Efavirenz,Generic,600mg,Tablet,Mylan (formerly Matrix) Nashik,10666,30,44135,548156.7,12.42,0.41,877.05,3462,12569.92,TRUE,2/12/08,2/12/08,,
104-CI-T01,Pre-PQ Process,SO-1679,DN-581,Côte d'Ivoire,PMO - US,From RDC,N/A - From RDC,Air,ARV,Pediatric,SCMS from RDC,"Stavudine 1mg/ml, powder for oral solution, 200 ml",Stavudine,Generic,1mg/ml,Oral solution,"Aurobindo Unit III, India",10667,200,5900,8260,1.4,0.01,13.22,2093,5962.31,TRUE,2/5/08,2/5/08,,
114-UG-T01,Pre-PQ Process,SO-1715,DN-588,Uganda,PMO - US,From RDC,N/A - From RDC,N/A,ARV,Adult,SCMS from RDC,"Emtricitabine/Tenofovir Disoproxil Fumarate 200/300mg [Truvada], tablets, 30 Tabs",Emtricitabine/Tenofovir Disoproxil Fumarate,Truvada,300/200mg,Tablet - FDC,"Aspen-OSD, Port Elizabeth, SA",10669,30,656,17220,26.25,0.88,27.55,58,794.22,TRUE,3/6/08,3/6/08,,
114-UG-T01,Pre-PQ Process,SO-1082,DN-589,Uganda,PMO - US,From RDC,N/A - From RDC,N/A,ARV,Adult,SCMS from RDC,"Lamivudine/Nevirapine/Stavudine 150/200/30mg, tablets, 60 Tabs",Lamivudine/Nevirapine/Stavudine,Generic,150/200/30mg,Tablet - FDC,"Cipla, Goa, India",10670,60,93,688.2,7.4,0.12,1.1,311,1430.22,TRUE,2/28/08,2/28/08,,
111-MZ-T01,Pre-PQ Process,SO-1063,DN-597,Mozambique,PMO - US,From RDC,N/A - From RDC,Air,HRDT,HIV test,SCMS from RDC,"HIV 1/2, Determine HIV Kit, without Lancets, 100 Tests","HIV 1/2, Determine HIV Kit, without Lancets",Determine,N/A,Test kit,Inverness Japan,10671,100,4300,309557,71.99,0.72,495.29,1017,519.71,TRUE,2/29/08,2/29/08,,
111-MZ-T01,Pre-PQ Process,SO-1613,DN-599,Mozambique,PMO - US,From RDC,N/A - From RDC,Air,ARV,Adult,SCMS from RDC,"Lamivudine 150mg, tablets, 60 Tabs",Lamivudine,Generic,150mg,Tablet,"Ranbaxy, Paonta Shahib, India",10672,60,2106,6402.24,3.04,0.05,10.24,113,919.2,TRUE,3/10/08,3/10/08,,
110-ZM-T01,Pre-PQ Process,SO-2730,DN-821,Zambia,PMO - US,From RDC,N/A - From RDC,Truck,ARV,Adult,SCMS from RDC,"Lamivudine/Nevirapine/Stavudine 150/200/30mg, tablets, 60 Tabs",Lamivudine/Nevirapine/Stavudine,Generic,150/200/30mg,Tablet - FDC,"Strides, Bangalore, India.",10673,60,50000,360000,7.2,0.12,576,3679,5014.65,TRUE,7/29/08,7/29/08,,
109-TZ-T01,Pre-PQ Process,SO-2560,DN-826,Tanzania,PMO - US,From RDC,N/A - From RDC,Air,ARV,Adult,SCMS from RDC,"Nevirapine 200mg, tablets, 60 Tabs",Nevirapine,Generic,200mg,Tablet,"Ranbaxy, Paonta Shahib, India",10674,60,1300,4420,3.4,0.06,7.07,16709,15210,TRUE,7/29/08,7/29/08,,
100-PK-T01,Pre-PQ Process,SO-2496,DN-732,Pakistan,PMO - US,From RDC,N/A - From RDC,Air,HRDT,HIV test,SCMS from RDC,"HIV 1/2, Determine HIV Kit, without Lancets, 100 Tests","HIV 1/2, Determine HIV Kit, without Lancets",Determine,N/A,Test kit,Inverness Japan,10675,100,20,1439.8,71.99,0.72,2.3,,,TRUE,5/19/08,5/19/08,,
131-NG-T01,Pre-PQ Process,SO-2577,DN-738,Nigeria,PMO - US,From RDC,N/A - From RDC,Air,ARV,Adult,SCMS from RDC,"Lamivudine/Nevirapine/Zidovudine 150/200/300mg, tablets, 60 Tabs",Lamivudine/Nevirapine/Zidovudine,Generic,150/300/200mg,Tablet - FDC,"Aurobindo Unit III, India",10676,60,3226,42841.28,13.28,0.22,68.55,359,2750.89,TRUE,5/20/08,5/20/08,,
119-NA-T01,Pre-PQ Process,SO-1765,DN-759,Namibia,PMO - US,From RDC,N/A - From RDC,Air,ARV,Adult,SCMS from RDC,"Efavirenz 600mg, tablets, 30 Tabs",Efavirenz,Generic,600mg,Tablet,"Aurobindo Unit III, India",10677,30,24320,292083.2,12.01,0.4,467.33,2094,4528.5,TRUE,6/19/08,6/19/08,,
110-ZM-T01,Pre-PQ Process,SO-2485,DN-828,Zambia,PMO - US,From RDC,N/A - From RDC,Truck,ARV,Adult,SCMS from RDC,"Lamivudine/Zidovudine 150/300mg, tablets, 60 Tabs",Lamivudine/Zidovudine,Generic,150/300mg,Tablet - FDC,"Cipla, Goa, India",10678,60,14124,133471.8,9.45,0.16,213.55,2115,2882.85,TRUE,7/29/08,7/29/08,,
102-KE-T01,Pre-PQ Process,SO-1740,DN-829,Kenya,PMO - US,From RDC,N/A - From RDC,Truck,HRDT,HIV test,SCMS from RDC,"HIV, Bioline HIV 1/2 3.0 Kit, [DON] 25 Tests","HIV, Bioline HIV 1/2 3.0 Kit",Bioline,N/A,Test kit,"Standard Diagnostics, Korea",10679,25,3,0.03,0.01,0,0,3,99,TRUE,3/31/08,3/31/08,,
102-KE-T01,Pre-PQ Process,SO-1720,DN-830,Kenya,PMO - US,From RDC,N/A - From RDC,Truck,HRDT,HIV test,SCMS from RDC,"HIV, Bioline HIV 1/2 3.0 Kit, [DON] 25 Tests","HIV, Bioline HIV 1/2 3.0 Kit",Bioline,N/A,Test kit,"Standard Diagnostics, Korea",10680,25,997,9.97,0.01,0,0.02,399,417.42,TRUE,5/30/08,5/30/08,,
100-ZW-T01,Pre-PQ Process,SO-1608,DN-771,Zimbabwe,PMO - US,From RDC,N/A - From RDC,Truck,ARV,Adult,SCMS from RDC,"Lamivudine/Stavudine 150/30mg, tablets, 30 Tabs",Lamivudine/Stavudine,Generic,150/30mg,Tablet - FDC,"Cipla, Goa, India",10681,30,1600,3200,2,0.07,5.12,96,2145.17,TRUE,6/9/08,6/9/08,,
104-CI-T01,Pre-PQ Process,SO-1680,DN-673,Côte d'Ivoire,PMO - US,From RDC,N/A - From RDC,Air,ARV,Adult,SCMS from RDC,"Abacavir 300mg, tablets, 60 Tabs",Abacavir,Generic,300mg,Tablet,"Aurobindo Unit III, India",10682,60,374,10296.22,27.53,0.46,16.47,1118,2810.58,TRUE,3/27/08,3/27/08,,
106-HT-T01,Pre-PQ Process,SO-2056,DN-743,Haiti,PMO - US,From RDC,N/A - From RDC,Air,ARV,Pediatric,SCMS from RDC,"Nevirapine 10mg/ml, oral suspension, Bottle, 240 ml",Nevirapine,Generic,10mg/ml,Oral suspension,"Aurobindo Unit III, India",10683,240,5056,9707.52,1.92,0.01,15.53,2166,22956,TRUE,5/27/08,5/27/08,,
106-HT-T01,Pre-PQ Process,SO-2053,DN-744,Haiti,PMO - US,From RDC,N/A - From RDC,Air,ARV,Adult,SCMS from RDC,"Stavudine 30mg, capsules, 60 Caps",Stavudine,Generic,30mg,Capsule,"Aurobindo Unit III, India",10684,60,4725,7182,1.52,0.03,11.49,1154,12508.65,TRUE,6/2/08,6/2/08,,
117-ET-T01,Pre-PQ Process,SO-1949,DN-668,Ethiopia,PMO - US,From RDC,N/A - From RDC,N/A,ARV,Adult,SCMS from RDC,"Stavudine 30mg, capsules, 60 Caps",Stavudine,Generic,30mg,Capsule,"Aurobindo Unit III, India",10685,60,51293,77965.36,1.52,0.03,124.74,3371,11862.2,TRUE,3/25/08,3/25/08,,
123-NG-T01,Pre-PQ Process,SO-2552,DN-834,Nigeria,PMO - US,From RDC,N/A - From RDC,Air,ARV,Adult,SCMS from RDC,"Efavirenz 600mg, tablets, 30 Tabs",Efavirenz,Generic,600mg,Tablet,"Aurobindo Unit III, India",10686,30,11527,138439.27,12.01,0.4,221.5,1994,10231.84,TRUE,7/16/08,7/16/08,,
102-KE-T01,Pre-PQ Process,SO-1389,DN-646,Kenya,PMO - US,From RDC,N/A - From RDC,Truck,HRDT,HIV test,SCMS from RDC,"HIV 1/2, Bioline 3.0 Kit, Lancets, Capillary pipets, Alcohol swabs included, 25 Tests","HIV 1/2, Bioline 3.0 Kit, Lancets, Capillary pipets, Alcohol swabs included",Bioline,N/A,Test kit,"Standard Diagnostics, Korea",10687,25,270,5400,20,0.8,8.64,97,98.08,TRUE,2/27/08,2/27/08,,
106-HT-T01,Pre-PQ Process,SO-2059,DN-733,Haiti,PMO - US,From RDC,N/A - From RDC,Air,ARV,Adult,SCMS from RDC,"Nevirapine 200mg, tablets, 60 Tabs",Nevirapine,Generic,200mg,Tablet,"Aurobindo Unit III, India",10688,60,11760,39984,3.4,0.06,63.97,3820,35933.8,TRUE,5/26/08,5/26/08,,
104-CI-T01,Pre-PQ Process,SO-2044,DN-734,Côte d'Ivoire,PMO - US,From RDC,N/A - From RDC,Air,ARV,Pediatric,SCMS from RDC,"Abacavir 20mg/ml, oral solution, Bottle, 240 ml",Abacavir,Generic,20mg/ml,Oral solution,"Aurobindo Unit III, India",10689,240,1664,27456,16.5,0.07,43.93,905,10451.25,TRUE,6/2/08,6/2/08,,
110-ZM-T01,Pre-PQ Process,SO-2546,DN-769,Zambia,PMO - US,From RDC,N/A - From RDC,Truck,ARV,Adult,SCMS from RDC,"Lamivudine/Stavudine 150/30mg, tablets, 30 Tabs",Lamivudine/Stavudine,Generic,150/30mg,Tablet - FDC,"Cipla, Goa, India",10690,30,42768,85536,2,0.07,136.86,2493,4887.18,TRUE,6/17/08,6/17/08,,
125-HT-T01,Pre-PQ Process,SO-1291,DN-686,Haiti,PMO - US,From RDC,N/A - From RDC,Air,HRDT,HIV test,SCMS from RDC,"HIV 1/2, Determine HIV Kit, without Lancets, 100 Tests","HIV 1/2, Determine HIV Kit, without Lancets",Determine,N/A,Test kit,Inverness Japan,10691,100,10,720,72,0.72,1.15,12,785.88,TRUE,4/3/08,4/3/08,,
125-HT-T01,Pre-PQ Process,SO-1291,DN-686,Haiti,PMO - US,From RDC,N/A - From RDC,Air,HRDT,HIV test,SCMS from RDC,"HIV 1/2, Determine HIV Kit, without Lancets, 100 Tests","HIV 1/2, Determine HIV Kit, without Lancets",Determine,N/A,Test kit,Inverness Japan,10692,100,10,720,72,0.72,1.15,,,FALSE,4/3/08,4/3/08,,
114-UG-T01,Pre-PQ Process,SO-1301,DN-480,Uganda,PMO - US,From RDC,N/A - From RDC,Air,ARV,Adult,SCMS from RDC,"Efavirenz 600mg, tablets, 30 Tabs",Efavirenz,Generic,600mg,Tablet,"Aurobindo Unit III, India",10693,30,2060,25585.2,12.42,0.41,40.94,196,1381.7,TRUE,3/19/08,3/19/08,,
119-NA-T01,Pre-PQ Process,SO-1131,DN-616,Namibia,PMO - US,From RDC,N/A - From RDC,Air,HRDT,HIV test,SCMS from RDC,"HIV 1/2, Uni-Gold HIV Kit, 20 Tests","HIV 1/2, Uni-Gold HIV Kit",Uni-Gold,N/A,Test kit,"Trinity Biotech, Plc",10694,20,737,23584,32,1.6,37.73,231,5491.08,TRUE,3/5/08,3/5/08,,
104-CI-T01,Pre-PQ Process,SO-791,DN-641,Côte d'Ivoire,PMO - US,From RDC,N/A - From RDC,N/A,HRDT,HIV test - Ancillary,SCMS from RDC,"HIV, Lancet, Safety, for HIV Test kits, 100 Pcs","HIV, Lancet, Safety, for HIV Test kits, 100 Pcs",Generic,N/A,Test kit - Ancillary,Inverness Japan,10695,100,1505,15.05,0.01,0,0.02,440,1759.4,TRUE,3/3/08,3/3/08,,
109-TZ-T01,Pre-PQ Process,SO-2704,DN-799,Tanzania,PMO - US,From RDC,N/A - From RDC,Air,ARV,Adult,SCMS from RDC,"Abacavir 300mg, tablets, 60 Tabs",Abacavir,Generic,300mg,Tablet,"Aurobindo Unit III, India",10696,60,5730,157746.9,27.53,0.46,252.4,569,886.35,TRUE,7/9/08,7/9/08,,
100-ZW-T01,Pre-PQ Process,SO-713,DN-687,Zimbabwe,PMO - US,From RDC,N/A - From RDC,Air,ARV,Adult,SCMS from RDC,"Lamivudine/Stavudine 150/30mg, tablets, 30 Tabs",Lamivudine/Stavudine,Generic,150/30mg,Tablet - FDC,"Cipla, Goa, India",10697,30,1600,3200,2,0.07,5.12,4252,15696.7,TRUE,3/30/08,3/30/08,,
104-CI-T01,Pre-PQ Process,SO-1663,DN-643,Côte d'Ivoire,PMO - US,From RDC,N/A - From RDC,Air,ARV,Adult,SCMS from RDC,"Lamivudine/Nevirapine/Stavudine 150/200/30mg, tablets, 60 Tabs",Lamivudine/Nevirapine/Stavudine,Generic,150/200/30mg,Tablet - FDC,"Cipla, Goa, India",10698,60,12833,94964.2,7.4,0.12,151.94,1316,3056.96,TRUE,3/6/08,3/6/08,,
104-CI-T01,Pre-PQ Process,SO-1685,DN-613,Côte d'Ivoire,PMO - US,From RDC,N/A - From RDC,Air,ARV,Adult,SCMS from RDC,"Lamivudine/Zidovudine 150/300mg, tablets, 60 Tabs",Lamivudine/Zidovudine,Generic,150/300mg,Tablet - FDC,"Aurobindo Unit III, India",10700,60,20284,192698,9.5,0.16,308.32,1897,3826.17,TRUE,2/19/08,2/19/08,,
110-ZM-T01,Pre-PQ Process,SO-1887,DN-700,Zambia,PMO - US,From RDC,N/A - From RDC,N/A,ARV,Adult,SCMS from RDC,"Emtricitabine/Tenofovir Disoproxil Fumarate 200/300mg [Truvada], tablets, 30 Tabs",Emtricitabine/Tenofovir Disoproxil Fumarate,Truvada,300/200mg,Tablet - FDC,"Aspen-OSD, Port Elizabeth, SA",10702,30,43154,1132792.5,26.25,0.88,1812.47,3788,1910.61,TRUE,5/8/08,5/8/08,,
119-NA-T01,Pre-PQ Process,SO-2349,DN-710,Namibia,PMO - US,From RDC,N/A - From RDC,Air,ARV,Adult,SCMS from RDC,"Efavirenz 600mg, tablets, 30 Tabs",Efavirenz,Generic,600mg,Tablet,"Aurobindo Unit III, India",10703,30,2100,25221,12.01,0.4,40.35,181,690.39,TRUE,4/10/08,4/10/08,,
106-HT-T01,Pre-PQ Process,SO-2600,DN-775,Haiti,PMO - US,From RDC,N/A - From RDC,Air,ARV,Adult,SCMS from RDC,"Zidovudine 300mg, tablets, 60 Tabs",Zidovudine,Generic,300mg,Tablet,"Aurobindo Unit III, India",10704,60,3150,25672.5,8.15,0.14,41.08,181,2944.21,TRUE,6/27/08,6/27/08,,
106-HT-T01,Pre-PQ Process,SO-2057,DN-691,Haiti,PMO - US,From RDC,N/A - From RDC,Air,ARV,Adult,SCMS from RDC,"Lamivudine 150mg, tablets, 60 Tabs",Lamivudine,Generic,150mg,Tablet,"Aurobindo Unit III, India",10705,60,10283,29923.53,2.91,0.05,47.88,519,5974.7,TRUE,4/2/08,4/2/08,,
106-HT-T01,Pre-PQ Process,SO-2055,DN-690,Haiti,PMO - US,From RDC,N/A - From RDC,Air,ARV,Adult,SCMS from RDC,"Lopinavir/Ritonavir 200/50mg [Aluvia], tablets, 120 Tabs",Lopinavir/Ritonavir,Aluvia,200/50mg,Tablet,ABBVIE Ludwigshafen Germany,10706,120,389,15987.9,41.1,0.34,25.58,4639,47525.69,TRUE,4/14/08,4/14/08,,
110-ZM-T01,Pre-PQ Process,SO-1890,DN-719,Zambia,PMO - US,From RDC,N/A - From RDC,N/A,ARV,Adult,SCMS from RDC,"Lamivudine/Zidovudine 150/300mg, tablets, 60 Tabs",Lamivudine/Zidovudine,Generic,150/300mg,Tablet - FDC,"Aurobindo Unit III, India",10707,60,40320,381024,9.45,0.16,609.64,3750,1891.44,TRUE,5/9/08,5/9/08,,
109-TZ-T01,Pre-PQ Process,SO-2720,DN-765,Tanzania,PMO - US,From RDC,N/A - From RDC,Air,ARV,Adult,SCMS from RDC,"Lamivudine 150mg, tablets, 60 Tabs",Lamivudine,Generic,150mg,Tablet,"Aurobindo Unit III, India",10708,60,23230,67599.3,2.91,0.05,108.16,1156,6308.6,TRUE,7/1/08,7/1/08,,
104-CI-T01,Pre-PQ Process,SO-16180,DN-1001,Côte d'Ivoire,PMO - US,From RDC,N/A - From RDC,Air,ARV,Pediatric,SCMS from RDC,"Zidovudine 10mg/ml, oral solution, Bottle, 240 ml",Zidovudine,Generic,10mg/ml,Oral solution,"Aurobindo Unit III, India",10709,240,1200,2520,2.1,0.01,4.94,448,2605.77,TRUE,12/3/08,12/3/08,,
123-NG-T01,Pre-PQ Process,SO-19071,DN-1045,Nigeria,PMO - US,From RDC,N/A - From RDC,Truck,ARV,Adult,SCMS from RDC,"Stavudine 30mg, capsules, 60 Caps",Stavudine,Generic,30mg,Capsule,"Aurobindo Unit III, India",10710,60,858,1329.9,1.55,0.03,2.61,58,7363.73,TRUE,1/19/09,1/19/09,,
114-UG-T01,Pre-PQ Process,SO-17760,DN-1143,Uganda,PMO - US,From RDC,N/A - From RDC,Air,ARV,Adult,SCMS from RDC,"Lamivudine/Zidovudine 150/300mg, tablets, 60 Tabs",Lamivudine/Zidovudine,Generic,150/300mg,Tablet - FDC,"Aurobindo Unit III, India",10711,60,3505,32771.75,9.35,0.16,64.23,6556,5401.95,TRUE,4/2/09,4/2/09,,
111-MZ-T01,Pre-PQ Process,SO-15081,DN-1035,Mozambique,PMO - US,From RDC,N/A - From RDC,Air,ARV,Adult,SCMS from RDC,"Lamivudine/Nevirapine/Stavudine 150/200/30mg, tablets, 60 Tabs",Lamivudine/Nevirapine/Stavudine,Generic,150/200/30mg,Tablet - FDC,"Strides, Bangalore, India.",10712,60,125000,900000,7.2,0.12,1764,9228,3671.92,TRUE,2/21/09,2/21/09,,
111-MZ-T01,Pre-PQ Process,SO-15082,DN-1036,Mozambique,PMO - US,From RDC,N/A - From RDC,Air,ARV,Adult,SCMS from RDC,"Lamivudine/Nevirapine/Stavudine 150/200/30mg, tablets, 60 Tabs",Lamivudine/Nevirapine/Stavudine,Generic,150/200/30mg,Tablet - FDC,"Strides, Bangalore, India.",10714,60,32067,230882.4,7.2,0.12,452.53,2382,3671.92,TRUE,2/26/09,2/21/09,,
110-ZM-T01,Pre-PQ Process,SO-2491,DN-951,Zambia,PMO - US,From RDC,N/A - From RDC,Truck,ARV,Adult,SCMS from RDC,"Nevirapine 200mg, tablets, 60 Tabs",Nevirapine,Generic,200mg,Tablet,"Aurobindo Unit III, India",10715,60,29011,98637.4,3.4,0.06,193.33,2717,4060.55,TRUE,10/21/08,10/21/08,,
114-UG-T01,Pre-PQ Process,SO-17910,DN-1068,Uganda,PMO - US,From RDC,N/A - From RDC,Air,ARV,Adult,SCMS from RDC,"Efavirenz 600mg, tablets, 30 Tabs",Efavirenz,Generic,600mg,Tablet,"Aurobindo Unit III, India",10716,30,1747,19217,11,0.37,37.67,152,1340.96,TRUE,2/19/09,2/19/09,,
107-RW-T01,Pre-PQ Process,SO-24630,DN-1118,Rwanda,PMO - US,From RDC,N/A - From RDC,Air,ARV,Adult,SCMS from RDC,"Nevirapine 200mg, tablets, 60 Tabs",Nevirapine,Generic,200mg,Tablet,Hetero Unit III Hyderabad IN,10717,60,7425,23760,3.2,0.05,46.57,404,5637.82,TRUE,3/16/09,3/16/09,,
113-ZW-T01,Pre-PQ Process,SO-1052,DN-838,Zimbabwe,PMO - US,From RDC,N/A - From RDC,Truck,HRDT,HIV test,SCMS from RDC,"HIV 1/2, Bioline 3.0 Kit, Lancets, Capillary pipets, Alcohol swabs included, 25 Tests","HIV 1/2, Bioline 3.0 Kit, Lancets, Capillary pipets, Alcohol swabs included",Bioline,N/A,Test kit,"Standard Diagnostics, Korea",10718,25,307,6140,20,0.8,9.82,1368,5663,TRUE,7/26/08,7/26/08,,
111-MZ-T01,Pre-PQ Process,SO-11071,DN-932,Mozambique,PMO - US,From RDC,N/A - From RDC,Truck,ARV,Adult,SCMS from RDC,"Lamivudine/Nevirapine/Stavudine 150/200/30mg, tablets, 60 Tabs",Lamivudine/Nevirapine/Stavudine,Generic,150/200/30mg,Tablet - FDC,"Strides, Bangalore, India.",10719,60,125010,900072,7.2,0.12,1440.12,3918,1012.43,TRUE,11/14/08,11/14/08,,
126-NG-T01,Pre-PQ Process,SO-10810,DN-886,Nigeria,PMO - US,From RDC,N/A - From RDC,Air,ARV,Adult,SCMS from RDC,"Lamivudine/Zidovudine 150/300mg, tablets, 60 Tabs",Lamivudine/Zidovudine,Generic,150/300mg,Tablet - FDC,Mylan (formerly Matrix) Nashik,10720,60,45000,420750,9.35,0.16,673.2,3657,23070.58,TRUE,8/31/08,8/31/08,,
131-NG-T01,Pre-PQ Process,SO-10821,DN-919,Nigeria,PMO - US,From RDC,N/A - From RDC,Air,ARV,Adult,SCMS from RDC,"Efavirenz/Emtricitabine/Tenofovir Disoproxil Fumarate 600/200/300mg [Atripla], tablets, 30 Tabs",Efavirenz/Emtricitabine/Tenofovir Disoproxil Fumarate,Atripla,600/200/300mg,Tablet - FDC,"MSD, Haarlem, NL",10721,30,1000,50400,50.4,1.68,80.64,108,13353.34,TRUE,9/28/08,9/28/08,,
131-NG-T01,Pre-PQ Process,SO-10820,DN-897,Nigeria,PMO - US,From RDC,N/A - From RDC,Air,ARV,Adult,SCMS from RDC,"Emtricitabine/Tenofovir Disoproxil Fumarate 200/300mg [Truvada], tablets, 30 Tabs",Emtricitabine/Tenofovir Disoproxil Fumarate,Truvada,300/200mg,Tablet - FDC,"Aspen-OSD, Port Elizabeth, SA",10722,30,6000,157500,26.25,0.88,252,1566,10624.04,TRUE,9/10/08,9/10/08,,
106-HT-T01,Pre-PQ Process,SO-12160,DN-930,Haiti,PMO - US,From RDC,N/A - From RDC,Air,ARV,Pediatric,SCMS from RDC,"Zidovudine 10mg/ml, oral solution, Bottle, 240 ml",Zidovudine,Generic,10mg/ml,Oral solution,"Aurobindo Unit III, India",10723,240,9187,19292.7,2.1,0.01,30.87,3435,40301.65,TRUE,10/6/08,10/6/08,,
117-ET-T01,Pre-PQ Process,SO-19400,DN-1027,Ethiopia,PMO - US,From RDC,N/A - From RDC,Air,ARV,Adult,SCMS from RDC,"Lamivudine/Zidovudine 150/300mg, tablets, 60 Tabs",Lamivudine/Zidovudine,Generic,150/300mg,Tablet - FDC,"Aurobindo Unit III, India",10724,60,31000,271560,8.76,0.15,532.26,1787,10073.76,TRUE,12/12/08,12/12/08,,
110-ZM-T01,Pre-PQ Process,SO-2492,DN-966,Zambia,PMO - US,From RDC,N/A - From RDC,Truck,ARV,Adult,SCMS from RDC,"Nevirapine 200mg, tablets, 60 Tabs",Nevirapine,Generic,200mg,Tablet,Hetero Unit III Hyderabad IN,10726,60,50000,170000,3.4,0.06,333.2,2764,2938.92,TRUE,11/7/08,11/7/08,,
130-NG-T01,Pre-PQ Process,SO-10580,DN-909,Nigeria,PMO - US,From RDC,N/A - From RDC,Air,ARV,Adult,SCMS from RDC,"Nevirapine 200mg, tablets, 60 Tabs",Nevirapine,Generic,200mg,Tablet,"Aurobindo Unit III, India",10727,60,2066,7024.4,3.4,0.06,11.24,451,3487.94,TRUE,9/22/08,9/22/08,,
130-NG-T01,Pre-PQ Process,SO-10580,DN-909,Nigeria,PMO - US,From RDC,N/A - From RDC,Air,ARV,Adult,SCMS from RDC,"Lamivudine/Zidovudine 150/300mg, tablets, 60 Tabs",Lamivudine/Zidovudine,Generic,150/300mg,Tablet - FDC,Mylan (formerly Matrix) Nashik,10728,60,1894,17708.9,9.35,0.16,28.33,,,FALSE,9/22/08,9/22/08,,
114-UG-T01,Pre-PQ Process,SO-17420,DN-971,Uganda,PMO - US,From RDC,N/A - From RDC,Air,ARV,Adult,SCMS from RDC,"Lamivudine/Nevirapine/Stavudine 150/200/30mg, tablets, 60 Tabs",Lamivudine/Nevirapine/Stavudine,Generic,150/200/30mg,Tablet - FDC,"Strides, Bangalore, India.",10731,60,2742,20290.8,7.4,0.12,39.77,204,3477,TRUE,11/4/08,11/4/08,,
111-MZ-T01,Pre-PQ Process,SO-15080,DN-1034,Mozambique,PMO - US,From RDC,N/A - From RDC,Air,ARV,Adult,SCMS from RDC,"Lamivudine/Nevirapine/Zidovudine 150/200/300mg, tablets, 60 Tabs",Lamivudine/Nevirapine/Zidovudine,Generic,150/300/200mg,Tablet - FDC,"Aurobindo Unit III, India",10732,60,13100,154580,11.8,0.2,302.98,6036,3671.92,TRUE,2/21/09,2/21/09,,
111-MZ-T01,Pre-PQ Process,SO-2424,DN-850,Mozambique,PMO - US,From RDC,N/A - From RDC,Air,ARV,Adult,SCMS from RDC,"Lamivudine 150mg, tablets, 60 Tabs",Lamivudine,Generic,150mg,Tablet,"Aurobindo Unit III, India",10733,60,528,1536.48,2.91,0.05,2.46,4211,3227.48,TRUE,9/5/08,9/5/08,,
109-TZ-T01,Pre-PQ Process,SO-11821,DN-890,Tanzania,PMO - US,From RDC,N/A - From RDC,Air,ARV,Adult,SCMS from RDC,"Efavirenz 600mg, tablets, 30 Tabs",Efavirenz,Generic,600mg,Tablet,Mylan (formerly Matrix) Nashik,10734,30,5000,60050,12.01,0.4,96.08,379,1188.97,TRUE,9/15/08,9/15/08,,
111-MZ-T01,Pre-PQ Process,SO-15083,DN-1055,Mozambique,PMO - US,From RDC,N/A - From RDC,Air,ARV,Adult,SCMS from RDC,"Lamivudine/Nevirapine/Stavudine 150/200/30mg, tablets, 60 Tabs",Lamivudine/Nevirapine/Stavudine,Generic,150/200/30mg,Tablet - FDC,"Strides, Bangalore, India.",10735,60,115130,828936,7.2,0.12,1624.71,8693,6757.33,TRUE,3/18/09,3/18/09,,
112-NG-T01,Pre-PQ Process,SO-22530,DN-1081,Nigeria,PMO - US,From RDC,N/A - From RDC,Air,ARV,Adult,SCMS from RDC,"Lamivudine/Zidovudine 150/300mg, tablets, 60 Tabs",Lamivudine/Zidovudine,Generic,150/300mg,Tablet - FDC,"Aurobindo Unit III, India",10736,60,1116,10434.6,9.35,0.16,20.45,102,3680.33,TRUE,2/16/09,2/16/09,,
117-ET-T01,Pre-PQ Process,SO-22020,DN-1052,Ethiopia,PMO - US,From RDC,N/A - From RDC,Air,ARV,Adult,SCMS from RDC,"Efavirenz 600mg, tablets, 30 Tabs",Efavirenz,Generic,600mg,Tablet,Mylan (formerly Matrix) Nashik,10737,30,28926,307194.12,10.62,0.35,602.1,4593,16901.37,TRUE,3/3/09,3/3/09,,
109-TZ-T01,Pre-PQ Process,SO-2562,DN-849,Tanzania,PMO - US,From RDC,N/A - From RDC,Truck,ARV,Adult,SCMS from RDC,"Lamivudine/Zidovudine 150/300mg, tablets, 60 Tabs",Lamivudine/Zidovudine,Generic,150/300mg,Tablet - FDC,"Aurobindo Unit III, India",10741,60,46163,436240.34,9.45,0.16,697.98,4237,3482.59,TRUE,8/22/08,8/22/08,,
111-MZ-T01,Pre-PQ Process,SO-13990,DN-904,Mozambique,PMO - US,From RDC,N/A - From RDC,Truck,ARV,Adult,SCMS from RDC,"Nevirapine 200mg, tablets, 60 Tabs",Nevirapine,Generic,200mg,Tablet,Hetero Unit III Hyderabad IN,10743,60,12040,38528,3.2,0.05,61.64,677,1522.92,TRUE,10/10/08,10/10/08,,
112-NG-T01,Pre-PQ Process,SO-12790,DN-916,Nigeria,PMO - US,From RDC,N/A - From RDC,Air,ARV,Adult,SCMS from RDC,"Emtricitabine/Tenofovir Disoproxil Fumarate 200/300mg [Truvada], tablets, 30 Tabs",Emtricitabine/Tenofovir Disoproxil Fumarate,Truvada,300/200mg,Tablet - FDC,"Aspen-OSD, Port Elizabeth, SA",10744,30,4,105,26.25,0.88,0.17,1,462.5,TRUE,9/19/08,9/19/08,,
112-NG-T01,Pre-PQ Process,SO-2728,DN-917,Nigeria,PMO - US,From RDC,N/A - From RDC,Air,ARV,Adult,SCMS from RDC,"Lamivudine 150mg, tablets, 60 Tabs",Lamivudine,Generic,150mg,Tablet,"Aurobindo Unit III, India",10745,60,1017,2949.3,2.9,0.05,4.72,892,13353.34,TRUE,9/24/08,9/24/08,,
112-NG-T01,Pre-PQ Process,SO-22550,DN-1066,Nigeria,PMO - US,From RDC,N/A - From RDC,Air,ARV,Adult,SCMS from RDC,"Lamivudine/Nevirapine/Stavudine 150/200/30mg, tablets, 60 Tabs",Lamivudine/Nevirapine/Stavudine,Generic,150/200/30mg,Tablet - FDC,"Cipla, Goa, India",10746,60,5217,38605.8,7.4,0.12,75.67,563,3852.55,TRUE,2/9/09,2/9/09,,
151-NG-T01,Pre-PQ Process,SO-21786,DN-1155,Nigeria,PMO - US,From RDC,N/A - From RDC,Air,ARV,Adult,SCMS from RDC,"Emtricitabine/Tenofovir Disoproxil Fumarate 200/300mg [Truvada], tablets, 30 Tabs",Emtricitabine/Tenofovir Disoproxil Fumarate,Truvada,300/200mg,Tablet - FDC,"Aspen-OSD, Port Elizabeth, SA",10747,30,17067,448008.75,26.25,0.88,878.1,1481,14974.4,TRUE,4/29/09,4/29/09,,
114-UG-T01,Pre-PQ Process,SO-17870,DN-986,Uganda,PMO - US,From RDC,N/A - From RDC,Air,ARV,Adult,SCMS from RDC,"Lamivudine/Nevirapine/Zidovudine 150/200/300mg, tablets, 60 Tabs",Lamivudine/Nevirapine/Zidovudine,Generic,150/300/200mg,Tablet - FDC,"Aurobindo Unit III, India",10748,60,6296,74292.8,11.8,0.2,145.61,822,7321.04,TRUE,1/9/09,1/9/09,,
130-NG-T01,Pre-PQ Process,SO-10610,DN-959,Nigeria,PMO - US,From RDC,N/A - From RDC,Air,ARV,Adult,SCMS from RDC,"Efavirenz 600mg, tablets, 30 Tabs",Efavirenz,Generic,600mg,Tablet,"Aurobindo Unit III, India",10749,30,2003,23475.16,11.72,0.39,46.01,181,18617.93,TRUE,10/30/08,10/30/08,,
123-NG-T01,Pre-PQ Process,SO-11232,DN-958,Nigeria,PMO - US,From RDC,N/A - From RDC,Air,ARV,Adult,SCMS from RDC,"Lopinavir/Ritonavir 200/50mg [Aluvia], tablets, 120 Tabs",Lopinavir/Ritonavir,Aluvia,200/50mg,Tablet,ABBVIE Ludwigshafen Germany,10750,120,2034,83597.4,41.1,0.34,163.85,937,10990.36,TRUE,10/31/08,10/31/08,,
110-ZM-T01,Pre-PQ Process,SO-2483,DN-954,Zambia,PMO - US,From RDC,N/A - From RDC,Truck,ARV,Adult,SCMS from RDC,"Efavirenz 600mg, tablets, 30 Tabs",Efavirenz,Generic,600mg,Tablet,Mylan (formerly Matrix) Nashik,10751,30,50000,600500,12.01,0.4,1176.98,3775,4060.54,TRUE,10/21/08,10/21/08,,
151-NG-T01,Pre-PQ Process,SO-21807,DN-1141,Nigeria,PMO - US,From RDC,N/A - From RDC,Air Charter,ARV,Adult,SCMS from RDC,"Lamivudine/Nevirapine/Zidovudine 150/200/300mg, tablets, 60 Tabs",Lamivudine/Nevirapine/Zidovudine,Generic,150/300/200mg,Tablet - FDC,"Aurobindo Unit III, India",10753,60,4501,51311.4,11.4,0.19,100.57,506,22985.72,TRUE,3/19/09,3/19/09,,
109-TZ-T01,Pre-PQ Process,SO-11820,DN-868,Tanzania,PMO - US,From RDC,N/A - From RDC,Air,ARV,Adult,SCMS from RDC,"Efavirenz 600mg, tablets, 30 Tabs",Efavirenz,Generic,600mg,Tablet,Mylan (formerly Matrix) Nashik,10754,30,145000,1741450,12.01,0.4,2786.32,11186,9330,TRUE,8/22/08,8/22/08,,
111-MZ-T01,Pre-PQ Process,SO-15090,DN-933,Mozambique,PMO - US,From RDC,N/A - From RDC,Air,ARV,Adult,SCMS from RDC,"Lamivudine/Zidovudine 150/300mg, tablets, 60 Tabs",Lamivudine/Zidovudine,Generic,150/300mg,Tablet - FDC,"Aurobindo Unit III, India",10755,60,3672,34333.2,9.35,0.16,54.93,3427,3874.22,TRUE,11/14/08,11/14/08,,
111-MZ-T01,Pre-PQ Process,SO-27880,DN-1174,Mozambique,PMO - US,From RDC,N/A - From RDC,Air,ARV,Adult,SCMS from RDC,"Lamivudine 150mg, tablets, 60 Tabs",Lamivudine,Generic,150mg,Tablet,Hetero Unit III Hyderabad IN,10756,60,486,1409.4,2.9,0.05,2.76,23,968.55,TRUE,5/14/09,5/14/09,,
102-KE-T01,Pre-PQ Process,SO-18001,DN-1189,Kenya,PMO - US,From RDC,N/A - From RDC,Truck,HRDT,HIV test,SCMS from RDC,"HIV 1/2, Bioline 3.0 Kit, (no accessories), 30 Tests","HIV 1/2, Bioline 3.0 Kit (no accessories)",Bioline,N/A,Test kit,"Standard Diagnostics, Korea",10759,30,5000,118500,23.7,0.79,232.26,,,TRUE,4/27/09,4/27/09,,
151-NG-T01,Pre-PQ Process,SO-21787,DN-1194,Nigeria,PMO - US,From RDC,N/A - From RDC,Air,ARV,Adult,SCMS from RDC,"Emtricitabine/Tenofovir Disoproxil Fumarate 200/300mg [Truvada], tablets, 30 Tabs",Emtricitabine/Tenofovir Disoproxil Fumarate,Truvada,300/200mg,Tablet - FDC,"Aspen-OSD, Port Elizabeth, SA",10761,30,3392,89040,26.25,0.88,174.52,298,2922.53,TRUE,4/30/09,4/30/09,,
151-NG-T01,Pre-PQ Process,SO-22527,DN-1209,Nigeria,PMO - US,From RDC,N/A - From RDC,Air Charter,ARV,Adult,SCMS from RDC,"Lamivudine/Nevirapine/Zidovudine 150/200/300mg, tablets, 60 Tabs",Lamivudine/Nevirapine/Zidovudine,Generic,150/300/200mg,Tablet - FDC,"Aurobindo Unit III, India",10763,60,30415,346731,11.4,0.19,679.59,3415,15128.37,TRUE,5/8/09,5/8/09,,
111-MZ-T01,Pre-PQ Process,SO-28550,DN-1215,Mozambique,PMO - US,From RDC,N/A - From RDC,Air,ARV,Adult,SCMS from RDC,"Lamivudine/Nevirapine/Stavudine 150/200/30mg, tablets, 60 Tabs",Lamivudine/Nevirapine/Stavudine,Generic,150/200/30mg,Tablet - FDC,"Cipla, Goa, India",10764,60,47392,341222.4,7.2,0.12,668.8,7113,3599.76,TRUE,6/28/09,6/28/09,,
151-NG-T01,Pre-PQ Process,SO-30020,DN-1216,Nigeria,PMO - US,From RDC,N/A - From RDC,Air Charter,ARV,Adult,SCMS from RDC,"Emtricitabine/Tenofovir Disoproxil Fumarate 200/300mg [Truvada], tablets, 30 Tabs",Emtricitabine/Tenofovir Disoproxil Fumarate,Truvada,300/200mg,Tablet - FDC,"Aspen-OSD, Port Elizabeth, SA",10765,30,2561,67226.25,26.25,0.88,131.76,235,15128.37,TRUE,5/8/09,5/8/09,,
114-UG-T01,Pre-PQ Process,SO-30100,DN-1232,Uganda,PMO - US,From RDC,N/A - From RDC,Air,ARV,Adult,SCMS from RDC,"Lamivudine/Zidovudine 150/300mg, tablets, 60 Tabs",Lamivudine/Zidovudine,Generic,150/300mg,Tablet - FDC,Mylan (formerly Matrix) Nashik,10766,60,3574,31308.24,8.76,0.15,61.36,14,1375.36,TRUE,6/1/09,6/1/09,,
100-SZ-T01,Pre-PQ Process,SO-30800,DN-1237,Swaziland,PMO - US,From RDC,N/A - From RDC,Air,ARV,Adult,SCMS from RDC,"Efavirenz 600mg, tablets, 30 Tabs",Efavirenz,Generic,600mg,Tablet,Mylan (formerly Matrix) Nashik,10767,30,2345,16063.25,6.85,0.23,31.48,239,2393.34,TRUE,5/20/09,5/20/09,,
100-SZ-T01,Pre-PQ Process,SO-30800,DN-1237,Swaziland,PMO - US,From RDC,N/A - From RDC,Air,ARV,Pediatric,SCMS from RDC,"Efavirenz 200mg, capsule, 90 Caps",Efavirenz,Generic,200mg,Capsule,"Aurobindo Unit III, India",10768,90,523,6657.79,12.73,0.14,13.05,,,FALSE,5/20/09,5/20/09,,
100-GH-T01,Pre-PQ Process,SO-30700,DN-1235,Ghana,PMO - US,From RDC,N/A - From RDC,Truck,ARV,Adult,SCMS from RDC,"Abacavir 300mg, tablets, 60 Tabs",Abacavir,Generic,300mg,Tablet,Mylan (formerly Matrix) Nashik,10769,60,6133,61.33,0.01,0,0.12,,,TRUE,8/12/09,8/12/09,,
104-CI-T01,Pre-PQ Process,SO-21881,DN-1242,Côte d'Ivoire,PMO - US,From RDC,N/A - From RDC,Air,ARV,Adult,SCMS from RDC,"Nevirapine 200mg, tablets, 60 Tabs",Nevirapine,Generic,200mg,Tablet,"Aurobindo Unit III, India",10771,60,5601,16803,3,0.05,32.93,545,2280.64,TRUE,6/17/09,6/17/09,,
110-ZM-T01,Pre-PQ Process,SO-30300,DN-1250,Zambia,PMO - US,From RDC,N/A - From RDC,Truck,ARV,Adult,SCMS from RDC,"Zidovudine 300mg, tablets, 60 Tabs",Zidovudine,Generic,300mg,Tablet,"Aurobindo Unit III, India",10774,60,500,3855,7.71,0.13,7.56,10681,17384.76,TRUE,6/15/09,6/15/09,,
106-HT-T01,Pre-PQ Process,SO-24850,DN-1280,Haiti,PMO - US,From RDC,N/A - From RDC,Air,ARV,Pediatric,SCMS from RDC,"Nevirapine 10mg/ml, oral suspension, Bottle, 240 ml",Nevirapine,Generic,10mg/ml,Oral suspension,"Aurobindo Unit III, India",10776,240,2208,4239.36,1.92,0.01,8.31,827,7789.88,TRUE,6/18/09,6/18/09,,
110-ZM-T01,Pre-PQ Process,SO-24960,DN-1284,Zambia,PMO - US,From RDC,N/A - From RDC,Air,ARV,Adult,SCMS from RDC,"Zidovudine 300mg, tablets, 60 Tabs",Zidovudine,Generic,300mg,Tablet,"Aurobindo Unit III, India",10777,60,6000,46260,7.71,0.13,90.67,341,2219.27,TRUE,6/12/09,6/12/09,,
123-NG-T01,Pre-PQ Process,SO-24481,DN-1296,Nigeria,PMO - US,From RDC,N/A - From RDC,Air Charter,ARV,Adult,SCMS from RDC,"Efavirenz 600mg, tablets, 30 Tabs",Efavirenz,Generic,600mg,Tablet,"Aurobindo Unit III, India",10779,30,30000,291600,9.72,0.32,571.54,3364,7329.83,TRUE,6/16/09,6/16/09,,
110-ZM-T01,Pre-PQ Process,SO-31940,DN-1301,Zambia,PMO - US,From RDC,N/A - From RDC,Air,ARV,Pediatric,SCMS from RDC,"Efavirenz 200mg, capsule, 90 Caps",Efavirenz,Generic,200mg,Capsule,"Aurobindo Unit III, India",10780,90,1093,16679.18,15.26,0.17,32.69,133,1759.21,TRUE,6/24/09,6/24/09,,
104-CI-T01,Pre-PQ Process,SO-27540,DN-1315,Côte d'Ivoire,PMO - US,From RDC,N/A - From RDC,Air,ARV,Adult,SCMS from RDC,"Lamivudine/Zidovudine 150/300mg, tablets, 60 Tabs",Lamivudine/Zidovudine,Generic,150/300mg,Tablet - FDC,"Aurobindo Unit III, India",10781,60,10962,96027.12,8.76,0.15,188.21,2634,6111.21,TRUE,7/14/09,7/14/09,,
111-MZ-T01,Pre-PQ Process,SO-32180,DN-1334,Mozambique,PMO - US,From RDC,N/A - From RDC,Air,ARV,Adult,SCMS from RDC,"Stavudine 30mg, capsules, 60 Caps",Stavudine,Generic,30mg,Capsule,"Aurobindo Unit III, India",10783,60,470,700.3,1.49,0.02,1.37,31,1047.04,TRUE,8/17/09,8/17/09,,
104-CI-T01,Pre-PQ Process,SO-27542,DN-1356,Côte d'Ivoire,PMO - US,From RDC,N/A - From RDC,Air,ARV,Adult,SCMS from RDC,"Abacavir 300mg, tablets, 60 Tabs",Abacavir,Generic,300mg,Tablet,Mylan (formerly Matrix) Nashik,10784,60,6930,176368.5,25.45,0.42,345.68,687,1854.88,TRUE,8/11/09,8/11/09,,
111-MZ-T01,Pre-PQ Process,SO-32540,DN-1358,Mozambique,PMO - US,From RDC,N/A - From RDC,Truck,ARV,Adult,SCMS from RDC,"Lamivudine/Nevirapine/Stavudine 150/200/30mg, tablets, 60 Tabs",Lamivudine/Nevirapine/Stavudine,Generic,150/200/30mg,Tablet - FDC,"Strides, Bangalore, India.",10785,60,125000,890000,7.12,0.12,1744.4,9290,2400.26,TRUE,8/27/09,8/27/09,,
110-ZM-T01,Pre-PQ Process,SO-31950,DN-1361,Zambia,PMO - US,From RDC,N/A - From RDC,Truck,ARV,Adult,SCMS from RDC,"Zidovudine 300mg, tablets, 60 Tabs",Zidovudine,Generic,300mg,Tablet,"Aurobindo Unit III, India",10786,60,9700,74787,7.71,0.13,146.58,551,2448.71,TRUE,9/4/09,9/4/09,,
109-TZ-T01,Pre-PQ Process,SO-31280,DN-1368,Tanzania,PMO - US,From RDC,N/A - From RDC,Truck,ARV,Adult,SCMS from RDC,"Abacavir 300mg, tablets, 60 Tabs",Abacavir,Generic,300mg,Tablet,Mylan (formerly Matrix) Nashik,10787,60,4794,122007.3,25.45,0.42,239.13,475,3588.34,TRUE,8/20/09,8/20/09,,
110-ZM-T01,Pre-PQ Process,SO-32550,DN-1382,Zambia,PMO - US,From RDC,N/A - From RDC,Truck,ARV,Adult,SCMS from RDC,"Lamivudine/Zidovudine 150/300mg, tablets, 60 Tabs",Lamivudine/Zidovudine,Generic,150/300mg,Tablet - FDC,"Aurobindo Unit III, India",10788,60,108000,946080,8.76,0.15,1854.32,10865,13518.56,TRUE,8/17/09,8/17/09,,
104-CI-T01,Pre-PQ Process,SO-32840,DN-1388,Côte d'Ivoire,PMO - US,From RDC,N/A - From RDC,Air,ARV,Adult,SCMS from RDC,"Zidovudine 300mg, tablets, 60 Tabs",Zidovudine,Generic,300mg,Tablet,Hetero Unit III Hyderabad IN,10791,60,7000,52710,7.53,0.13,103.31,396,6087.84,TRUE,9/28/09,9/28/09,,
104-CI-T01,Pre-PQ Process,SO-31730,DN-1400,Côte d'Ivoire,PMO - US,From RDC,N/A - From RDC,Air,ARV,Adult,SCMS from RDC,"Lamivudine/Zidovudine 150/300mg, tablets, 60 Tabs",Lamivudine/Zidovudine,Generic,150/300mg,Tablet - FDC,Mylan (formerly Matrix) Nashik,10792,60,8824,77298.24,8.76,0.15,151.5,706,3144.57,TRUE,9/9/09,9/9/09,,
104-CI-T01,Pre-PQ Process,SO-32210,DN-1401,Côte d'Ivoire,PMO - US,From RDC,N/A - From RDC,Air,ARV,Adult,SCMS from RDC,"Stavudine 15mg, capsules, 60 Caps",Stavudine,Generic,15mg,Capsule,"Aurobindo Unit III, India",10793,60,1216,1824,1.5,0.02,3.58,3426,9797.41,TRUE,9/8/09,9/8/09,,
110-ZM-T01,Pre-PQ Process,SO-33020,DN-1416,Zambia,PMO - US,From RDC,N/A - From RDC,Truck,ARV,Adult,SCMS from RDC,"Nevirapine 200mg, tablets, 60 Tabs",Nevirapine,Generic,200mg,Tablet,"Aurobindo Unit III, India",10794,60,98000,294000,3,0.05,576.24,9522,13518.56,TRUE,9/22/09,9/22/09,,
106-HT-T01,Pre-PQ Process,SO-33030,DN-1458,Haiti,PMO - US,From RDC,N/A - From RDC,Air,ARV,Pediatric,SCMS from RDC,"Zidovudine 10mg/ml, oral solution, Bottle, 240 ml",Zidovudine,Generic,10mg/ml,Oral solution,"Aurobindo Unit III, India",10795,240,4315,9061.5,2.1,0.01,17.76,2520,25874.1,TRUE,10/13/09,10/13/09,,
106-HT-T01,Pre-PQ Process,SO-33030,DN-1458,Haiti,PMO - US,From RDC,N/A - From RDC,Air,ARV,Pediatric,SCMS from RDC,"Lamivudine 10mg/ml, oral solution, Bottle, 240 ml",Lamivudine,Generic,10mg/ml,Oral solution,"Aurobindo Unit III, India",10796,240,2415,4588.5,1.9,0.01,8.99,,,FALSE,10/13/09,10/13/09,,
114-UG-T01,Pre-PQ Process,SO-33570,DN-1464,Uganda,PMO - US,From RDC,N/A - From RDC,Air,ARV,Adult,SCMS from RDC,"Lamivudine/Nevirapine/Stavudine 150/200/30mg, tablets, 60 Tabs",Lamivudine/Nevirapine/Stavudine,Generic,150/200/30mg,Tablet - FDC,"Cipla, Goa, India",10797,60,240,1680,7,0.12,3.29,23,1173.1,TRUE,10/8/09,10/8/09,,
109-TZ-T01,Pre-PQ Process,SO-31283,DN-1470,Tanzania,PMO - US,From RDC,N/A - From RDC,Truck,ARV,Adult,SCMS from RDC,"Abacavir 300mg, tablets, 60 Tabs",Abacavir,Generic,300mg,Tablet,"Aurobindo Unit III, India",10798,60,6915,175986.75,25.45,0.42,344.93,1067,2217.5,TRUE,10/26/09,10/26/09,,
114-UG-T01,Pre-PQ Process,SO-33400,DN-1480,Uganda,PMO - US,From RDC,N/A - From RDC,Truck,ARV,Adult,SCMS from RDC,"Lamivudine/Nevirapine/Zidovudine 150/200/300mg, tablets, 60 Tabs",Lamivudine/Nevirapine/Zidovudine,Generic,150/300/200mg,Tablet - FDC,"Aurobindo Unit III, India",10799,60,14066,159649.1,11.35,0.19,312.91,1593,9547.7,TRUE,10/12/09,10/12/09,,
104-CI-T01,Pre-PQ Process,SO-34070,DN-1492,Côte d'Ivoire,PMO - US,From RDC,N/A - From RDC,Air,ARV,Pediatric,SCMS from RDC,"Lamivudine 10mg/ml, oral solution, Bottle, 240 ml",Lamivudine,Generic,10mg/ml,Oral solution,"Aurobindo Unit III, India",10800,240,3535,6716.5,1.9,0.01,14.48,1224,2298.61,TRUE,10/27/09,10/27/09,,
104-CI-T01,Pre-PQ Process,SO-34140,DN-1494,Côte d'Ivoire,PMO - US,From RDC,N/A - From RDC,Air,ARV,Adult,SCMS from RDC,"Stavudine 30mg, capsules, 60 Caps",Stavudine,Generic,30mg,Capsule,"Aurobindo Unit III, India",10801,60,2430,3547.8,1.46,0.02,7.65,156,2298.6,TRUE,10/27/09,10/27/09,,
104-CI-T01,Pre-PQ Process,SO-1688,DN-1557,Côte d'Ivoire,PMO - US,From RDC,N/A - From RDC,Air,ARV,Adult,SCMS from RDC,"Saquinavir 200mg [Invirase], capsules, 270 Caps",Saquinavir,Invirase,200mg,Capsule,Roche Basel,10803,270,1042,82463.88,79.14,0.29,177.79,,,TRUE,12/20/09,12/20/09,,
111-MZ-T01,Pre-PQ Process,SO-323,DN-15,Mozambique,PMO - US,From RDC,N/A - From RDC,Air,ARV,Adult,SCMS from RDC,"Saquinavir 200mg [Invirase], capsules, 270 Caps",Saquinavir,Invirase,200mg,Capsule,Roche Basel,10804,270,117,9117.81,77.93,0.29,,155,939.08,TRUE,2/1/07,2/1/07,,
107-RW-T01,Pre-PQ Process,SO-249,DN-6,Rwanda,PMO - US,From RDC,N/A - From RDC,Air,ARV,Adult,SCMS from RDC,"Abacavir 300mg, tablets, 60 Tabs",Abacavir,Generic,300mg,Tablet,"Aurobindo Unit III, India",10809,60,600,21480,35.8,0.6,,55,913.15,TRUE,2/1/07,2/1/07,,
107-RW-T01,Pre-PQ Process,SO-290,DN-9,Rwanda,PMO - US,From RDC,N/A - From RDC,Air,ARV,Adult,SCMS from RDC,"Nelfinavir (as mesilate) 250mg [Viracept], tablets, 270 Tabs",Nelfinavir (as mesilate),Viracept,250mg,Tablet,Roche Madrid,10810,270,400,38920,97.3,0.36,,108,23000.34,TRUE,2/5/07,2/5/07,,
100-CI-T01,Pre-PQ Process,SO-350,DN-28,Côte d'Ivoire,PMO - US,From RDC,N/A - From RDC,N/A,ARV,Adult,SCMS from RDC,"Ritonavir 100mg [Norvir], capsules, cool, 4 x 84 Caps",Ritonavir,Norvir,100mg,Capsule,ABBVIE (Abbott) France,10811,336,360,13809.6,38.36,0.11,,630,3660.4,TRUE,3/8/07,3/8/07,,
110-ZM-T01,Pre-PQ Process,SO-232,DN-89,Zambia,PMO - US,From RDC,N/A - From RDC,N/A,HRDT,HIV test,SCMS from RDC,"HIV 1/2, Uni-Gold HIV Kit, 20 Tests","HIV 1/2, Uni-Gold HIV Kit",Uni-Gold,N/A,Test kit,"Trinity Biotech, Plc",10813,20,1500,48000,32,1.6,,580,4965.24,TRUE,5/4/07,5/4/07,,
111-MZ-T01,Pre-PQ Process,SO-497,DN-121,Mozambique,PMO - US,From RDC,N/A - From RDC,Air,ARV,Pediatric,SCMS from RDC,"Abacavir 20mg/ml, oral solution, Bottle, 240 ml",Abacavir,Generic,20mg/ml,Oral solution,"Aurobindo Unit III, India",10814,240,474,10191,21.5,0.09,,221,710.68,TRUE,5/18/07,5/18/07,,
111-MZ-T01,Pre-PQ Process,SO-533,DN-123,Mozambique,PMO - US,From RDC,N/A - From RDC,Air,ARV,Pediatric,SCMS from RDC,"Efavirenz 200mg [Stocrin/Sustiva], capsule, 90 Caps",Efavirenz,Stocrin/Sustiva,200mg,Capsule,"MSD Manati, Puerto Rico, (USA)",10816,90,409,13251.6,32.4,0.36,,45,348.09,TRUE,5/18/07,5/18/07,,
111-MZ-T01,Pre-PQ Process,SO-383,DN-124,Mozambique,PMO - US,From RDC,N/A - From RDC,Air,ARV,Adult,SCMS from RDC,"Lopinavir/Ritonavir 200/50mg [Aluvia], tablets, 120 Tabs",Lopinavir/Ritonavir,Aluvia,200/50mg,Tablet,ABBVIE Ludwigshafen Germany,10817,120,250,10275,41.1,0.34,,105,348.09,TRUE,5/18/07,5/18/07,,
110-ZM-T01,Pre-PQ Process,SO-311,DN-129,Zambia,PMO - US,From RDC,N/A - From RDC,N/A,ARV,Adult,SCMS from RDC,"Lamivudine/Zidovudine 150/300mg, tablets, 60 Tabs",Lamivudine/Zidovudine,Generic,150/300mg,Tablet - FDC,"Aurobindo Unit III, India",10818,60,85158,909487.44,10.68,0.18,,8169,33572.78,TRUE,5/15/07,5/15/07,,
109-TZ-T01,Pre-PQ Process,SO-420,DN-133,Tanzania,PMO - US,From RDC,N/A - From RDC,Air,HRDT,HIV test,SCMS from RDC,"HIV 1/2, Bioline 3.0 Kit, Lancets, Capillary pipets, Alcohol swabs included, 25 Tests","HIV 1/2, Bioline 3.0 Kit, Lancets, Capillary pipets, Alcohol swabs included",Bioline,N/A,Test kit,"Standard Diagnostics, Korea",10819,25,8009,160180,20,0.8,,,12740.42,TRUE,5/31/07,5/31/07,,
111-MZ-T01,Pre-PQ Process,SO-293,DN-44,Mozambique,PMO - US,From RDC,N/A - From RDC,Air,ARV,Pediatric,SCMS from RDC,"Efavirenz 200mg [Stocrin/Sustiva], capsule, 90 Caps",Efavirenz,Stocrin/Sustiva,200mg,Capsule,"MSD Manati, Puerto Rico, (USA)",10820,90,151,4892.4,32.4,0.36,,,,FALSE,4/17/07,4/17/07,,
111-MZ-T01,Pre-PQ Process,SO-293,DN-44,Mozambique,PMO - US,From RDC,N/A - From RDC,Air,ARV,Adult,SCMS from RDC,"Tenofovir Disoproxil Fumarate 300mg [Viread], tablets, 30 Tabs",Tenofovir Disoproxil Fumarate,Viread,300mg,Tablet,Gilead(Nycomed) Oranienburg DE,10821,30,2997,50949,17,0.57,,,,FALSE,4/17/07,4/17/07,,
107-RW-T01,Pre-PQ Process,SO-481,DN-100,Rwanda,PMO - US,From RDC,N/A - From RDC,Air,ARV,Pediatric,SCMS from RDC,"Abacavir 20mg/ml, oral solution, Bottle, 240 ml",Abacavir,Generic,20mg/ml,Oral solution,"Aurobindo Unit III, India",10823,240,90,1935,21.5,0.09,,120,11609.31,TRUE,5/14/07,5/14/07,,
100-CI-T01,Pre-PQ Process,SO-430,DN-75,Côte d'Ivoire,PMO - US,From RDC,N/A - From RDC,N/A,ARV,Adult,SCMS from RDC,"Lamivudine/Zidovudine 150/300mg, tablets, 60 Tabs",Lamivudine/Zidovudine,Generic,150/300mg,Tablet - FDC,"Aurobindo Unit III, India",10824,60,6945,71186.25,10.25,0.17,,650,2457,TRUE,4/30/07,4/30/07,,
113-ZW-T01,Pre-PQ Process,SO-279,DN-187,Zimbabwe,PMO - US,From RDC,N/A - From RDC,N/A,ARV,Adult,SCMS from RDC,"Lamivudine 150mg, tablets, 60 Tabs",Lamivudine,Generic,150mg,Tablet,"Ranbaxy, Paonta Shahib, India",10825,60,2329,7615.83,3.27,0.05,12.19,153,1013.24,TRUE,6/12/07,6/12/07,,
109-TZ-T01,Pre-PQ Process,SO-606,DN-168,Tanzania,PMO - US,From RDC,N/A - From RDC,Air,ARV,Adult,SCMS from RDC,"Abacavir 300mg, tablets, 60 Tabs",Abacavir,Generic,300mg,Tablet,"Aurobindo Unit III, India",10830,60,6781,242759.8,35.8,0.6,,675,2440,TRUE,7/6/07,7/6/07,,
104-CI-T01,Pre-PQ Process,SO-635,DN-170,Côte d'Ivoire,PMO - US,From RDC,N/A - From RDC,N/A,HRDT,HIV test,SCMS from RDC,"HIV 1/2, Determine Complete HIV Kit, 100 Tests","HIV 1/2, Determine Complete HIV Kit",Determine,N/A,Test kit,ABBVIE GmbH & Co.KG Wiesbaden,10831,100,50,4000,80,0.8,,15,1363,TRUE,6/8/07,6/8/07,,
111-MZ-T01,Pre-PQ Process,SO-576,DN-148,Mozambique,PMO - US,From RDC,N/A - From RDC,Air,ARV,Adult,SCMS from RDC,"Abacavir 300mg, tablets, 60 Tabs",Abacavir,Generic,300mg,Tablet,"Aurobindo Unit III, India",10832,60,570,20235,35.5,0.59,,,,FALSE,6/13/07,6/13/07,,
112-NG-T01,Pre-PQ Process,SO-557,DN-172,Nigeria,PMO - US,From RDC,N/A - From RDC,N/A,ARV,Adult,SCMS from RDC,"Nevirapine 200mg, tablets, 60 Tabs",Nevirapine,Generic,200mg,Tablet,"Strides, Bangalore, India.",10833,60,1198,4276.86,3.57,0.06,,,,FALSE,6/26/07,6/26/07,,
104-CI-T01,Pre-PQ Process,SO-560,DN-146,Côte d'Ivoire,PMO - US,From RDC,N/A - From RDC,N/A,ARV,Adult,SCMS from RDC,"Abacavir 300mg, tablets, 60 Tabs",Abacavir,Generic,300mg,Tablet,"Aurobindo Unit III, India",10834,60,268,9594.4,35.8,0.6,,151,1516,TRUE,5/16/07,5/16/07,,
109-TZ-T01,Pre-PQ Process,SO-428,DN-161,Tanzania,PMO - US,From RDC,N/A - From RDC,Air,ARV,Adult,SCMS from RDC,"Lamivudine/Nevirapine/Stavudine 150/200/30mg, tablets, 60 Tabs",Lamivudine/Nevirapine/Stavudine,Generic,150/200/30mg,Tablet - FDC,"Cipla, Goa, India",10837,60,3386,25395,7.5,0.12,,31,1589,TRUE,7/6/07,7/6/07,,
104-CI-T01,Pre-PQ Process,SO-603,DN-196,Côte d'Ivoire,PMO - US,From RDC,N/A - From RDC,N/A,ARV,Adult,SCMS from RDC,"Lamivudine/Stavudine 150/30mg, tablets, 30 Tabs",Lamivudine/Stavudine,Generic,150/30mg,Tablet - FDC,"Cipla, Goa, India",10838,30,54263,108526,2,0.07,173.64,,,FALSE,6/28/07,6/28/07,,
109-TZ-T01,Pre-PQ Process,SO-850,DN-281,Tanzania,PMO - US,From RDC,N/A - From RDC,N/A,ARV,Adult,SCMS from RDC,"Lamivudine/Nevirapine/Stavudine 150/200/30mg, tablets, 60 Tabs",Lamivudine/Nevirapine/Stavudine,Generic,150/200/30mg,Tablet - FDC,"Cipla, Goa, India",10840,60,3386,25395,7.5,0.12,40.63,345,2554.39,TRUE,8/22/07,8/22/07,,
120-AO-T01,Pre-PQ Process,SO-780,DN-256,Angola,PMO - US,From RDC,N/A - From RDC,Truck,HRDT,HIV test,SCMS from RDC,"HIV 1/2, Determine Complete HIV Kit, 100 Tests","HIV 1/2, Determine Complete HIV Kit",Determine,N/A,Test kit,ABBVIE GmbH & Co.KG Wiesbaden,10841,100,150,12000,80,0.8,19.2,49,1012.59,TRUE,10/15/07,10/15/07,,
107-RW-T01,Pre-PQ Process,SO-826,DN-261,Rwanda,PMO - US,From RDC,N/A - From RDC,Air,HRDT,HIV test,SCMS from RDC,"HIV 1/2, Uni-Gold HIV Kit, 20 Tests","HIV 1/2, Uni-Gold HIV Kit",Uni-Gold,N/A,Test kit,"Trinity Biotech, Plc",10842,20,155,4960,32,1.6,7.94,55,1126.84,TRUE,8/22/07,8/22/07,,
110-ZM-T01,Pre-PQ Process,SO-314,DN-270,Zambia,PMO - US,From RDC,N/A - From RDC,N/A,ARV,Adult,SCMS from RDC,"Nevirapine 200mg, tablets, 60 Tabs",Nevirapine,Generic,200mg,Tablet,"Aurobindo Unit III, India",10843,60,52865,188728.05,3.57,0.06,301.96,9182,37695.46,TRUE,8/7/07,8/7/07,,
107-RW-T01,Pre-PQ Process,SO-644,DN-217,Rwanda,PMO - US,From RDC,N/A - From RDC,Air,HRDT,HIV test,SCMS from RDC,"HIV 1/2, Uni-Gold HIV Kit, 20 Tests","HIV 1/2, Uni-Gold HIV Kit",Uni-Gold,N/A,Test kit,"Trinity Biotech, Plc",10844,20,250,8000,32,1.6,12.8,78,1324.61,TRUE,7/30/07,7/30/07,,
102-NG-T01,Pre-PQ Process,SO-667,DN-236,Nigeria,PMO - US,From RDC,N/A - From RDC,N/A,HRDT,HIV test,SCMS from RDC,"HIV 1/2, Stat-Pak HIV, Kit, 20 Tests","HIV 1/2, Stat-Pak HIV, Kit",Stat-Pak,N/A,Test kit,Chembio Diagnostics Sys. Inc.,10845,20,500,13500,27,1.35,21.6,115,1352,TRUE,7/5/07,7/5/07,,
105-GY-T01,Pre-PQ Process,SO-693,DN-232,Guyana,PMO - US,From RDC,N/A - From RDC,Air,ARV,Adult,SCMS from RDC,"Zidovudine 300mg, tablets, 60 Tabs",Zidovudine,Generic,300mg,Tablet,"Ranbaxy, Paonta Shahib, India",10846,60,209,1703.35,8.15,0.14,2.73,12,764.62,TRUE,7/18/07,7/18/07,,
104-CI-T01,Pre-PQ Process,SO-522,DN-240,Côte d'Ivoire,PMO - US,From RDC,N/A - From RDC,N/A,ARV,Adult,SCMS from RDC,"Abacavir 300mg, tablets, 60 Tabs",Abacavir,Generic,300mg,Tablet,"Aurobindo Unit III, India",10847,60,1051,37625.8,35.8,0.6,60.2,373,1850,TRUE,7/16/07,7/16/07,,
111-MZ-T01,Pre-PQ Process,SO-382,DN-259,Mozambique,PMO - US,From RDC,N/A - From RDC,Air,ARV,Pediatric,SCMS from RDC,"Stavudine 1mg/ml, powder for oral solution, 200 ml",Stavudine,Generic,1mg/ml,Oral solution,"Aurobindo Unit III, India",10851,200,165,239.25,1.45,0.01,0.38,15,350.78,TRUE,9/21/07,9/21/07,,
112-NG-T01,Pre-PQ Process,SO-642,DN-213,Nigeria,PMO - US,From RDC,N/A - From RDC,Air,ARV,Adult,SCMS from RDC,"Stavudine 20mg, capsules, 60 Caps",Stavudine,Generic,20mg,Capsule,"Aurobindo Unit III, India",10852,60,253,442.75,1.75,0.03,0.71,15,460,TRUE,7/6/07,7/6/07,,
104-CI-T01,Pre-PQ Process,SO-616,DN-288,Côte d'Ivoire,PMO - US,From RDC,N/A - From RDC,N/A,ARV,Adult,SCMS from RDC,"Zidovudine 300mg, tablets, 60 Tabs",Zidovudine,Generic,300mg,Tablet,"Aurobindo Unit III, India",10855,60,18290,155830.8,8.52,0.14,249.33,1114,3473,TRUE,8/13/07,8/13/07,,
104-CI-T01,Pre-PQ Process,SO-963,DN-323,Côte d'Ivoire,PMO - US,From RDC,N/A - From RDC,N/A,ARV,Adult,SCMS from RDC,"Stavudine 30mg, capsules, 60 Caps",Stavudine,Generic,30mg,Capsule,"Strides, Bangalore, India.",10857,60,3285,4993.2,1.52,0.03,7.99,,,FALSE,9/14/07,9/14/07,,
109-TZ-T01,Pre-PQ Process,SO-455,DN-290,Tanzania,PMO - US,From RDC,N/A - From RDC,N/A,ARV,Adult,SCMS from RDC,"Abacavir 300mg, tablets, 60 Tabs",Abacavir,Generic,300mg,Tablet,"Aurobindo Unit III, India",10859,60,3896,139476.8,35.8,0.6,223.16,3369,9689,TRUE,9/10/07,9/10/07,,
109-TZ-T01,Pre-PQ Process,SO-646,DN-294,Tanzania,PMO - US,From RDC,N/A - From RDC,N/A,HRDT,HIV test,SCMS from RDC,"HIV 1/2, Bioline 3.0 Kit, Lancets, Capillary pipets, Alcohol swabs included, 25 Tests","HIV 1/2, Bioline 3.0 Kit, Lancets, Capillary pipets, Alcohol swabs included",Bioline,N/A,Test kit,"Standard Diagnostics, Korea",10860,25,8000,160000,20,0.8,256,2366,13952.38,TRUE,10/18/07,10/18/07,,
111-MZ-T01,Pre-PQ Process,SO-298,DN-304,Mozambique,PMO - US,From RDC,N/A - From RDC,Air,ARV,Adult,SCMS from RDC,"Ritonavir 100mg [Norvir], capsules, cool, 4 x 84 Caps",Ritonavir,Norvir,100mg,Capsule,ABBVIE (Abbott) Logis. UK,10861,336,143,5485.48,38.36,0.11,8.78,,,FALSE,9/21/07,9/21/07,,
111-MZ-T01,Pre-PQ Process,SO-298,DN-304,Mozambique,PMO - US,From RDC,N/A - From RDC,Air,ARV,Adult,SCMS from RDC,"Lamivudine/Nevirapine/Zidovudine 150/200/300mg, tablets, 60 Tabs",Lamivudine/Nevirapine/Zidovudine,Generic,150/300/200mg,Tablet - FDC,"Cipla, Goa, India",10862,60,17191,300842.5,17.5,0.29,481.35,,,FALSE,9/21/07,9/21/07,,
114-UG-T01,Pre-PQ Process,SO-895,DN-298,Uganda,PMO - US,From RDC,N/A - From RDC,Air,ARV,Adult,SCMS from RDC,"Nevirapine 200mg, tablets, 60 Tabs",Nevirapine,Generic,200mg,Tablet,"Aurobindo Unit III, India",10863,60,1859,6320.6,3.4,0.06,10.11,214,891,TRUE,8/27/07,8/27/07,,
104-CI-T01,Pre-PQ Process,SO-959,DN-320,Côte d'Ivoire,PMO - US,From RDC,N/A - From RDC,N/A,ARV,Pediatric,SCMS from RDC,"Efavirenz 30mg/ml [Stocrin/Sustiva], oral solution, Bottle, 180 ml",Efavirenz,Stocrin/Sustiva,30mg/ml,Oral solution,"MSD Patheon, Canada",10865,180,508,8620.76,16.97,0.09,13.79,,,FALSE,8/30/07,8/30/07,,
104-CI-T01,Pre-PQ Process,SO-959,DN-320,Côte d'Ivoire,PMO - US,From RDC,N/A - From RDC,N/A,ARV,Adult,SCMS from RDC,"Nevirapine 200mg, tablets, 60 Tabs",Nevirapine,Generic,200mg,Tablet,"Strides, Bangalore, India.",10866,60,25799,87716.6,3.4,0.06,140.35,,,FALSE,8/30/07,8/30/07,,
104-CI-T01,Pre-PQ Process,SO-792,DN-356,Côte d'Ivoire,PMO - US,From RDC,N/A - From RDC,N/A,HRDT,HIV test,SCMS from RDC,"#108853** HIV, Genie II HIV-1/HIV-2 Kit, 40 Tests","HIV, Genie II HIV-1/HIV-2 Kit",Genie,N/A,Test kit,Bio-Rad Laboratories,10867,40,230,17480,76,1.9,27.97,917,6056.76,TRUE,9/19/07,9/19/07,,
104-CI-T01,Pre-PQ Process,SO-792,DN-356,Côte d'Ivoire,PMO - US,From RDC,N/A - From RDC,N/A,HRDT,HIV test,SCMS from RDC,"#108853** HIV, Genie II HIV-1/HIV-2 Kit, 40 Tests","HIV, Genie II HIV-1/HIV-2 Kit",Genie,N/A,Test kit,Bio-Rad Laboratories,10868,40,615,46740,76,1.9,74.78,,,FALSE,9/19/07,9/19/07,,
104-CI-T01,Pre-PQ Process,SO-843,DN-330,Côte d'Ivoire,PMO - US,From RDC,N/A - From RDC,N/A,ARV,Adult,SCMS from RDC,"Lamivudine/Zidovudine 150/300mg, tablets, 60 Tabs",Lamivudine/Zidovudine,Generic,150/300mg,Tablet - FDC,"Aurobindo Unit III, India",10877,60,10000,106800,10.68,0.18,170.88,,,FALSE,9/4/07,9/4/07,,
117-ET-T01,Pre-PQ Process,SO-914,DN-332,Ethiopia,PMO - US,From RDC,N/A - From RDC,N/A,ARV,Pediatric,SCMS from RDC,"Zidovudine 10mg/ml, oral solution, Bottle, 240 ml",Zidovudine,Generic,10mg/ml,Oral solution,"Aurobindo Unit III, India",10878,240,13850,29777.5,2.15,0.01,47.64,,,FALSE,9/4/07,9/4/07,,
117-ET-T01,Pre-PQ Process,SO-914,DN-332,Ethiopia,PMO - US,From RDC,N/A - From RDC,N/A,ARV,Pediatric,SCMS from RDC,"Lamivudine 10mg/ml, oral solution, Bottle, 240 ml",Lamivudine,Generic,10mg/ml,Oral solution,"Aurobindo Unit III, India",10879,240,15913,31348.61,1.97,0.01,50.16,,,FALSE,9/4/07,9/4/07,,
117-ET-T01,Pre-PQ Process,SO-914,DN-332,Ethiopia,PMO - US,From RDC,N/A - From RDC,N/A,ARV,Adult,SCMS from RDC,"Stavudine 30mg, capsules, 60 Caps",Stavudine,Generic,30mg,Capsule,"Aurobindo Unit III, India",10880,60,14700,22344,1.52,0.03,35.75,,,FALSE,9/4/07,9/4/07,,
110-ZM-T01,Pre-PQ Process,SO-752,DN-351,Zambia,PMO - US,From RDC,N/A - From RDC,N/A,ARV,Pediatric,SCMS from RDC,"Efavirenz 200mg, capsule, 90 Caps",Efavirenz,Generic,200mg,Capsule,"Aurobindo Unit III, India",10881,90,1064,17024,16,0.18,27.24,128,944.21,TRUE,9/12/07,9/12/07,,
104-CI-T01,Pre-PQ Process,SO-998,DN-326,Côte d'Ivoire,PMO - US,From RDC,N/A - From RDC,N/A,HRDT,HIV test,SCMS from RDC,"#108853** HIV, Genie II HIV-1/HIV-2 Kit, 40 Tests","HIV, Genie II HIV-1/HIV-2 Kit",Genie,N/A,Test kit,Bio-Rad Laboratories,10882,40,450,34200,76,1.9,54.72,497,2650.36,TRUE,9/5/07,9/5/07,,
104-CI-T01,Pre-PQ Process,SO-972,DN-327,Côte d'Ivoire,PMO - US,From RDC,N/A - From RDC,N/A,ARV,Adult,SCMS from RDC,"Saquinavir 200mg [Invirase], capsules, 270 Caps",Saquinavir,Invirase,200mg,Capsule,Roche Basel,10883,270,252,19817.28,78.64,0.29,31.71,1736,14182.54,TRUE,9/10/07,9/10/07,,
104-CI-T01,Pre-PQ Process,SO-956,DN-350,Côte d'Ivoire,PMO - US,From RDC,N/A - From RDC,N/A,ARV,Adult,SCMS from RDC,"Lopinavir/Ritonavir 200/50mg [Aluvia], tablets, 120 Tabs",Lopinavir/Ritonavir,Aluvia,200/50mg,Tablet,ABBVIE Ludwigshafen Germany,10884,120,3200,131520,41.1,0.34,210.43,749,2717,TRUE,9/17/07,9/17/07,,
104-CI-T01,Pre-PQ Process,SO-999,DN-349,Côte d'Ivoire,PMO - US,From RDC,N/A - From RDC,N/A,ARV,Adult,SCMS from RDC,"Saquinavir 200mg [Invirase], capsules, 270 Caps",Saquinavir,Invirase,200mg,Capsule,Roche Basel,10885,270,16,1258.24,78.64,0.29,2.01,295,1737,TRUE,9/12/07,9/12/07,,
104-CI-T01,Pre-PQ Process,SO-999,DN-349,Côte d'Ivoire,PMO - US,From RDC,N/A - From RDC,N/A,ARV,Adult,SCMS from RDC,"Saquinavir 200mg [Invirase], capsules, 270 Caps",Saquinavir,Invirase,200mg,Capsule,Roche Basel,10886,270,526,41364.64,78.64,0.29,66.18,,,FALSE,9/12/07,9/12/07,,
110-ZM-T01,Pre-PQ Process,SO-753,DN-395,Zambia,PMO - US,From RDC,N/A - From RDC,N/A,ARV,Pediatric,SCMS from RDC,"Abacavir 20mg/ml, oral solution, Bottle, 240 ml",Abacavir,Generic,20mg/ml,Oral solution,"Aurobindo Unit III, India",10887,240,1341,22126.5,16.5,0.07,35.4,395,3478,TRUE,11/2/07,11/2/07,,
114-UG-T01,Pre-PQ Process,SO-1123,DN-381,Uganda,PMO - US,From RDC,N/A - From RDC,Air,ARV,Adult,SCMS from RDC,"Efavirenz 600mg, tablets, 30 Tabs",Efavirenz,Generic,600mg,Tablet,"Aurobindo Unit III, India",10889,30,1717,21325.14,12.42,0.41,34.12,151,1157.58,TRUE,11/5/07,11/5/07,,
104-CI-T01,Pre-PQ Process,SO-964,DN-379,Côte d'Ivoire,PMO - US,From RDC,N/A - From RDC,Air,ARV,Adult,SCMS from RDC,"Saquinavir 200mg [Invirase], capsules, 270 Caps",Saquinavir,Invirase,200mg,Capsule,Roche Basel,10890,270,1577,124015.28,78.64,0.29,198.42,3023,13721.28,TRUE,10/15/07,10/15/07,,
110-ZM-T01,Pre-PQ Process,SO-535,DN-380,Zambia,PMO - US,From RDC,N/A - From RDC,N/A,HRDT,HIV test,SCMS from RDC,"HIV 1/2, Determine HIV Kit, without Lancets, 100 Tests","HIV 1/2, Determine HIV Kit, without Lancets",Determine,N/A,Test kit,Inverness Japan,10891,100,872,62775.28,71.99,0.72,100.44,,,FALSE,10/17/07,10/17/07,,
111-MZ-T01,Pre-PQ Process,SO-821,DN-399,Mozambique,PMO - US,From RDC,N/A - From RDC,Air,ARV,Adult,SCMS from RDC,"Abacavir/Lamivudine/Zidovudine 300/150/300mg [Trizivir], tablets, 60 Tabs",Abacavir/Lamivudine/Zidovudine,Trizivir,300/150/300mg,Tablet - FDC,GSK Ware (UK),10892,60,821,57470,70,1.17,91.95,186,549.44,TRUE,11/22/07,11/22/07,,
112-NG-T01,Pre-PQ Process,SO-565,DN-373,Nigeria,PMO - US,From RDC,N/A - From RDC,Air,ARV,Adult,SCMS from RDC,"Lamivudine 150mg, tablets, 60 Tabs",Lamivudine,Generic,150mg,Tablet,"Aurobindo Unit III, India",10893,60,614,2032.34,3.31,0.06,3.25,,,FALSE,9/20/07,9/20/07,,
112-NG-T01,Pre-PQ Process,SO-565,DN-373,Nigeria,PMO - US,From RDC,N/A - From RDC,Air,ARV,Adult,SCMS from RDC,"Nevirapine 200mg, tablets, 60 Tabs",Nevirapine,Generic,200mg,Tablet,"Aurobindo Unit III, India",10894,60,600,2142,3.57,0.06,3.43,,,FALSE,9/20/07,9/20/07,,
112-NG-T01,Pre-PQ Process,SO-565,DN-373,Nigeria,PMO - US,From RDC,N/A - From RDC,Air,ARV,Pediatric,SCMS from RDC,"Lamivudine 10mg/ml, oral solution, Bottle, 240 ml",Lamivudine,Generic,10mg/ml,Oral solution,"Cipla, Goa, India",10895,240,390,1010.1,2.59,0.01,1.62,,,FALSE,9/20/07,9/20/07,,
104-CI-T01,Pre-PQ Process,SO-845,DN-376,Côte d'Ivoire,PMO - US,From RDC,N/A - From RDC,Air,HRDT,HIV test,SCMS from RDC,"HIV 1/2, Determine Complete HIV Kit, 100 Tests","HIV 1/2, Determine Complete HIV Kit",Determine,N/A,Test kit,Inverness Japan,10898,100,350,25200,72,0.72,40.32,,,FALSE,10/2/07,10/2/07,,
110-ZM-T01,Pre-PQ Process,SO-207,DN-383,Zambia,PMO - US,From RDC,N/A - From RDC,N/A,ARV,Pediatric,SCMS from RDC,"Zidovudine 100mg [Retrovir], capsules, 100 Caps",Zidovudine,Retrovir,100mg,Capsule,GSK Crawley,10900,100,2623,27279.2,10.4,0.1,43.65,159,1007.34,TRUE,10/17/07,10/17/07,,
110-ZM-T01,Pre-PQ Process,SO-976,DN-384,Zambia,PMO - US,From RDC,N/A - From RDC,N/A,ARV,Pediatric,SCMS from RDC,"Lamivudine 10mg/ml, oral solution, Bottle, 240 ml",Lamivudine,Generic,10mg/ml,Oral solution,"Aurobindo Unit III, India",10901,240,5496,10827.12,1.97,0.01,17.32,6230,25739.49,TRUE,10/29/07,10/29/07,,
112-NG-T01,Pre-PQ Process,SO-1221,DN-409,Nigeria,PMO - US,From RDC,N/A - From RDC,Air,ARV,Pediatric,SCMS from RDC,"Efavirenz 50mg, capsule, 30 Caps",Efavirenz,Generic,50mg,Capsule,"Aurobindo Unit III, India",10903,30,100,224,2.24,0.07,0.36,118,1616.04,TRUE,11/16/07,11/16/07,,
111-MZ-T01,Pre-PQ Process,SO-1038,DN-426,Mozambique,PMO - US,From RDC,N/A - From RDC,Air,ARV,Pediatric,SCMS from RDC,"Stavudine 1mg/ml, powder for oral solution, 200 ml",Stavudine,Generic,1mg/ml,Oral solution,"Aurobindo Unit III, India",10904,200,500,700,1.4,0.01,1.12,,,FALSE,11/29/07,11/29/07,,
100-ZW-T01,Pre-PQ Process,SO-1207,DN-424,Zimbabwe,PMO - US,From RDC,N/A - From RDC,Air,ARV,Adult,SCMS from RDC,"Lamivudine/Stavudine 150/30mg, tablets, 30 Tabs",Lamivudine/Stavudine,Generic,150/30mg,Tablet - FDC,"Cipla, Goa, India",10905,30,1,2,2,0.07,0,63,598.08,TRUE,11/16/07,11/16/07,,
114-UG-T01,Pre-PQ Process,SO-1085,DN-430,Uganda,PMO - US,From RDC,N/A - From RDC,Air,ARV,Adult,SCMS from RDC,"Lamivudine/Nevirapine/Zidovudine 150/200/300mg, tablets, 60 Tabs",Lamivudine/Nevirapine/Zidovudine,Generic,150/300/200mg,Tablet - FDC,"Aurobindo Unit III, India",10906,60,1650,22275,13.5,0.22,35.64,197,1637,TRUE,12/10/07,12/10/07,,
110-ZM-T01,Pre-PQ Process,SO-1028,DN-461,Zambia,PMO - US,From RDC,N/A - From RDC,N/A,ARV,Adult,SCMS from RDC,"Efavirenz 600mg, tablets, 30 Tabs",Efavirenz,Generic,600mg,Tablet,"Aurobindo Unit III, India",10907,30,44135,548156.7,12.42,0.41,877.05,3801,13715.55,TRUE,1/25/08,1/25/08,,
114-UG-T01,Pre-PQ Process,SO-1300,DN-435,Uganda,PMO - US,From RDC,N/A - From RDC,Air,ARV,Adult,SCMS from RDC,"Emtricitabine/Tenofovir Disoproxil Fumarate 200/300mg [Truvada], tablets, 30 Tabs",Emtricitabine/Tenofovir Disoproxil Fumarate,Truvada,300/200mg,Tablet - FDC,Gilead(Nycomed) Oranienburg DE,10908,30,42,1102.5,26.25,0.88,1.76,464,3393,TRUE,12/10/07,12/10/07,,
104-CI-T01,Pre-PQ Process,SO-1446,DN-504,Côte d'Ivoire,PMO - US,From RDC,N/A - From RDC,Air,ARV,Pediatric,SCMS from RDC,"Abacavir 20mg/ml, [DON] oral solution, Bottle, 240 ml",Abacavir,Generic,20mg/ml,Oral solution,"Aurobindo Unit III, India",10910,240,3119,0,0,0,0,1088,2951.94,TRUE,1/24/08,1/24/08,,
110-ZM-T01,Pre-PQ Process,SO-1329,DN-465,Zambia,PMO - US,From RDC,N/A - From RDC,N/A,ARV,Pediatric,SCMS from RDC,"Efavirenz 200mg, capsule, 90 Caps",Efavirenz,Generic,200mg,Capsule,"Aurobindo Unit III, India",10915,90,2066,33056,16,0.18,52.89,236,1448.2,TRUE,11/30/07,11/30/07,,
117-ET-T01,Pre-PQ Process,SO-1527,DN-522,Ethiopia,PMO - US,From RDC,N/A - From RDC,Air,ARV,Adult,SCMS from RDC,"Stavudine 20mg, capsules, 60 Caps",Stavudine,Generic,20mg,Capsule,"Aurobindo Unit III, India",10917,60,219,383.25,1.75,0.03,0.61,16,472.5,TRUE,2/20/08,2/20/08,,
117-ET-T01,Pre-PQ Process,SO-1514,DN-518,Ethiopia,PMO - US,From RDC,N/A - From RDC,Air,ARV,Adult,SCMS from RDC,"Tenofovir Disoproxil Fumarate 300mg [Viread], tablets, 30 Tabs",Tenofovir Disoproxil Fumarate,Viread,300mg,Tablet,Gilead(Nycomed) Oranienburg DE,10918,30,1184,20128,17,0.57,32.2,49,639.75,TRUE,12/20/07,12/20/07,,
104-CI-T01,Pre-PQ Process,SO-971,DN-421,Côte d'Ivoire,PMO - US,From RDC,N/A - From RDC,Air,ARV,Adult,SCMS from RDC,"Lopinavir/Ritonavir 200/50mg [Aluvia], tablets, 120 Tabs",Lopinavir/Ritonavir,Aluvia,200/50mg,Tablet,ABBVIE Ludwigshafen Germany,10919,120,479,19686.9,41.1,0.34,31.5,421,5947.88,TRUE,1/17/08,1/17/08,,
117-ET-T01,Pre-PQ Process,SO-1533,DN-528,Ethiopia,PMO - US,From RDC,N/A - From RDC,Air,ARV,Pediatric,SCMS from RDC,"Zidovudine 10mg/ml, oral solution, Bottle, 240 ml",Zidovudine,Generic,10mg/ml,Oral solution,"Aurobindo Unit III, India",10923,240,1926,4140.9,2.15,0.01,6.63,807,2511.67,TRUE,12/20/07,12/20/07,,
100-ZW-T01,Pre-PQ Process,SO-710,DN-488,Zimbabwe,PMO - US,From RDC,N/A - From RDC,Air,ARV,Adult,SCMS from RDC,"Efavirenz 600mg, tablets, 30 Tabs",Efavirenz,Generic,600mg,Tablet,"Cipla, Goa, India",10924,30,627,7787.34,12.42,0.41,12.46,,,FALSE,1/14/08,1/14/08,,
100-ZW-T01,Pre-PQ Process,SO-712,DN-623,Zimbabwe,PMO - US,From RDC,N/A - From RDC,Air,ARV,Adult,SCMS from RDC,"Lamivudine/Nevirapine/Stavudine 150/200/30mg, tablets, 60 Tabs",Lamivudine/Nevirapine/Stavudine,Generic,150/200/30mg,Tablet - FDC,"Cipla, Goa, India",10925,60,37240,275576,7.4,0.12,440.92,4080,13317.2,TRUE,3/5/08,3/5/08,,
106-HT-T01,Pre-PQ Process,SO-1285,DN-627,Haiti,PMO - US,From RDC,N/A - From RDC,Air,ARV,Pediatric,SCMS from RDC,"Didanosine 200mg, chewable/dispersible tablets, 60 Tabs",Didanosine,Generic,200mg,Chewable/dispersible tablet,"Aurobindo Unit III, India",10926,60,100,1550,15.5,0.26,2.48,195,2587.9,TRUE,3/8/08,3/8/08,,
111-MZ-T01,Pre-PQ Process,SO-1039,DN-628,Mozambique,PMO - US,From RDC,N/A - From RDC,Air,ARV,Adult,SCMS from RDC,"Abacavir/Lamivudine/Zidovudine 300/150/300mg [Trizivir], tablets, 60 Tabs",Abacavir/Lamivudine/Zidovudine,Trizivir,300/150/300mg,Tablet - FDC,GSK Ware (UK),10927,60,213,14910,70,1.17,23.86,,,FALSE,4/8/08,4/5/08,,
111-MZ-T01,Pre-PQ Process,SO-1039,DN-628,Mozambique,PMO - US,From RDC,N/A - From RDC,Air,ARV,Adult,SCMS from RDC,"Indinavir 400mg [Crixivan], capsules, 180 Caps",Indinavir,Crixivan,400mg,Capsule,"MSD, Haarlem, NL",10928,180,343,17150,50,0.28,27.44,,,FALSE,4/8/08,4/5/08,,
117-ET-T01,Pre-PQ Process,SO-1525,DN-530,Ethiopia,PMO - US,From RDC,N/A - From RDC,Air,ARV,Pediatric,SCMS from RDC,"Efavirenz 200mg [Stocrin/Sustiva], capsule, 90 Caps",Efavirenz,Stocrin/Sustiva,200mg,Capsule,"MSD Manati, Puerto Rico, (USA)",10929,90,1692,27072,16,0.18,43.32,182,1722,TRUE,12/17/07,12/17/07,,
110-ZM-T01,Pre-PQ Process,SO-993,DN-507,Zambia,PMO - US,From RDC,N/A - From RDC,N/A,ARV,Adult,SCMS from RDC,"Efavirenz 600mg, tablets, 30 Tabs",Efavirenz,Generic,600mg,Tablet,Mylan (formerly Matrix) Nashik,10930,30,50061,976189.5,19.5,0.65,1561.9,3946,14199.3,TRUE,1/8/08,1/8/08,,
117-ET-T01,Pre-PQ Process,SO-1513,DN-516,Ethiopia,PMO - US,From RDC,N/A - From RDC,Air,ARV,Adult,SCMS from RDC,"Tenofovir Disoproxil Fumarate 300mg [Viread], tablets, 30 Tabs",Tenofovir Disoproxil Fumarate,Viread,300mg,Tablet,Gilead(Nycomed) Oranienburg DE,10931,30,591,10047,17,0.57,16.08,37,504,TRUE,1/10/08,1/10/08,,
107-RW-T01,Pre-PQ Process,SO-1515,DN-570,Rwanda,PMO - US,From RDC,N/A - From RDC,Air,ARV,Adult,SCMS from RDC,"Lamivudine 150mg, tablets, 60 Tabs",Lamivudine,Generic,150mg,Tablet,"Ranbaxy, Paonta Shahib, India",10933,60,3150,9576,3.04,0.05,15.32,165,2559.28,TRUE,1/28/08,1/28/08,,
100-ZW-T01,Pre-PQ Process,SO-708,DN-479,Zimbabwe,PMO - US,From RDC,N/A - From RDC,Air,ARV,Adult,SCMS from RDC,"Lamivudine/Stavudine 150/30mg, tablets, 30 Tabs",Lamivudine/Stavudine,Generic,150/30mg,Tablet - FDC,"Cipla, Goa, India",10934,30,1600,3200,2,0.07,5.12,,,FALSE,2/5/08,2/5/08,,
117-ET-T01,Pre-PQ Process,SO-1532,DN-574,Ethiopia,PMO - US,From RDC,N/A - From RDC,Air,ARV,Adult,SCMS from RDC,"Nevirapine 200mg, tablets, 60 Tabs",Nevirapine,Generic,200mg,Tablet,"Ranbaxy, Paonta Shahib, India",10936,60,7511,25537.4,3.4,0.06,40.86,732,2724.27,TRUE,1/31/08,1/31/08,,
105-GY-T01,Pre-PQ Process,SO-1239,DN-557,Guyana,PMO - US,From RDC,N/A - From RDC,Air,ARV,Adult,SCMS from RDC,"Lamivudine/Zidovudine 150/300mg, tablets, 60 Tabs",Lamivudine/Zidovudine,Generic,150/300mg,Tablet - FDC,"Aurobindo Unit III, India",10937,60,1008,9576,9.5,0.16,15.32,,,FALSE,1/24/08,1/24/08,,
110-ZM-T01,Pre-PQ Process,SO-1033,DN-553,Zambia,PMO - US,From RDC,N/A - From RDC,N/A,ARV,Adult,SCMS from RDC,"Efavirenz 600mg, tablets, 30 Tabs",Efavirenz,Generic,600mg,Tablet,Mylan (formerly Matrix) Nashik,10939,30,44135,548156.7,12.42,0.41,877.05,3483,12643.63,TRUE,2/28/08,2/28/08,,
109-TZ-T01,Pre-PQ Process,SO-1648,DN-559,Tanzania,PMO - US,From RDC,N/A - From RDC,Air,ARV,Pediatric,SCMS from RDC,"Didanosine 100mg, chewable/dispersible tablets, 60 Tabs",Didanosine,Generic,100mg,Chewable/dispersible tablet,"Aurobindo Unit III, India",10940,60,2273,17615.75,7.75,0.13,28.19,2749,10654.94,TRUE,2/25/08,2/25/08,,
104-CI-T01,Pre-PQ Process,SO-1663,DN-587,Côte d'Ivoire,PMO - US,From RDC,N/A - From RDC,Air,ARV,Adult,SCMS from RDC,"Indinavir 400mg [Crixivan], capsules, 180 Caps",Indinavir,Crixivan,400mg,Capsule,"MSD, Haarlem, NL",10942,180,5538,276900,50,0.28,443.04,1230,4680.1,TRUE,3/6/08,2/5/08,,
117-ET-T01,Pre-PQ Process,SO-1719,DN-593,Ethiopia,PMO - US,From RDC,N/A - From RDC,Air,ARV,Adult,SCMS from RDC,"Zidovudine 300mg, tablets, 60 Tabs",Zidovudine,Generic,300mg,Tablet,"Aurobindo Unit III, India",10943,60,10000,81500,8.15,0.14,130.4,574,3787.32,TRUE,2/5/08,2/5/08,,
111-MZ-T01,Pre-PQ Process,SO-1063,DN-597,Mozambique,PMO - US,From RDC,N/A - From RDC,Air,HRDT,HIV test - Ancillary,SCMS from RDC,"HIV, Lancet, Safety, for HIV Test kits, 100 Pcs","HIV, Lancet, Safety, for HIV Test kits, 100 Pcs",Generic,N/A,Test kit - Ancillary,Inverness Japan,10944,100,4300,43,0.01,0,0.07,,,FALSE,2/29/08,2/29/08,,
100-ZW-T01,Pre-PQ Process,SO-714,DN-709,Zimbabwe,PMO - US,From RDC,N/A - From RDC,Air,ARV,Adult,SCMS from RDC,"Lamivudine/Stavudine 150/30mg, tablets, 30 Tabs",Lamivudine/Stavudine,Generic,150/30mg,Tablet - FDC,"Cipla, Goa, India",10945,30,1600,3200,2,0.07,5.12,2519,15252.7,TRUE,4/21/08,4/21/08,,
100-ZW-T01,Pre-PQ Process,SO-714,DN-709,Zimbabwe,PMO - US,From RDC,N/A - From RDC,Air,ARV,Adult,SCMS from RDC,"Lamivudine/Nevirapine/Stavudine 150/200/30mg, tablets, 60 Tabs",Lamivudine/Nevirapine/Stavudine,Generic,150/200/30mg,Tablet - FDC,"Cipla, Goa, India",10946,60,37240,275576,7.4,0.12,440.92,,,FALSE,4/21/08,4/21/08,,
109-TZ-T01,Pre-PQ Process,SO-2662,DN-758,Tanzania,PMO - US,From RDC,N/A - From RDC,Air,ARV,Adult,SCMS from RDC,"Lamivudine 150mg, tablets, 60 Tabs",Lamivudine,Generic,150mg,Tablet,"Aurobindo Unit III, India",10947,60,11181,32536.71,2.91,0.05,52.06,566,3594.6,TRUE,7/9/08,7/9/08,,
110-ZM-T01,Pre-PQ Process,SO-2547,DN-820,Zambia,PMO - US,From RDC,N/A - From RDC,Truck,ARV,Adult,SCMS from RDC,"Lamivudine/Stavudine 150/30mg, tablets, 30 Tabs",Lamivudine/Stavudine,Generic,150/30mg,Tablet - FDC,"Cipla, Goa, India",10948,30,12000,24000,2,0.07,38.4,700,954.13,TRUE,7/29/08,7/29/08,,
109-TZ-T01,Pre-PQ Process,SO-2000,DN-722,Tanzania,PMO - US,From RDC,N/A - From RDC,N/A,ARV,Adult,SCMS from RDC,"Lopinavir/Ritonavir 200/50mg [Aluvia], tablets, 120 Tabs",Lopinavir/Ritonavir,Aluvia,200/50mg,Tablet,ABBVIE Ludwigshafen Germany,10949,120,2580,106038,41.1,0.34,169.66,559,3562.4,TRUE,4/30/08,4/30/08,,
109-TZ-T01,Pre-PQ Process,SO-2560,DN-826,Tanzania,PMO - US,From RDC,N/A - From RDC,Air,ARV,Adult,SCMS from RDC,"Nevirapine 200mg, tablets, 60 Tabs",Nevirapine,Generic,200mg,Tablet,"Aurobindo Unit III, India",10950,60,50288,170979.2,3.4,0.06,273.57,,,FALSE,7/29/08,7/29/08,,
104-CI-T01,Pre-PQ Process,SO-2045,DN-761,Côte d'Ivoire,PMO - US,From RDC,N/A - From RDC,Air,ARV,Adult,SCMS from RDC,"Stavudine 20mg, capsules, 60 Caps",Stavudine,Generic,20mg,Capsule,"Aurobindo Unit III, India",10951,60,1080,1890,1.75,0.03,3.02,4668,8787.28,TRUE,6/2/08,6/2/08,,
112-NG-T01,Pre-PQ Process,SO-2726,DN-800,Nigeria,PMO - US,From RDC,N/A - From RDC,Air,ARV,Adult,SCMS from RDC,"Indinavir 400mg [Crixivan], capsules, 180 Caps",Indinavir,Crixivan,400mg,Capsule,"MSD, Haarlem, NL",10953,180,20,1000,50,0.28,1.6,1024,5226.6,TRUE,6/19/08,6/19/08,,
106-HT-T01,Pre-PQ Process,SO-2056,DN-743,Haiti,PMO - US,From RDC,N/A - From RDC,Air,ARV,Adult,SCMS from RDC,"Lamivudine 150mg, tablets, 60 Tabs",Lamivudine,Generic,150mg,Tablet,"Aurobindo Unit III, India",10954,60,7380,21475.8,2.91,0.05,34.36,,,FALSE,5/27/08,5/27/08,,
111-MZ-T01,Pre-PQ Process,SO-1039,DN-629,Mozambique,PMO - US,From RDC,N/A - From RDC,Air,ARV,Adult,SCMS from RDC,"Lamivudine/Nevirapine/Stavudine 150/200/30mg, tablets, 60 Tabs",Lamivudine/Nevirapine/Stavudine,Generic,150/200/30mg,Tablet - FDC,"Cipla, Goa, India",10955,60,73012,540288.8,7.4,0.12,864.46,14083,11053.53,TRUE,4/8/08,5/16/08,,
110-ZM-T01,Pre-PQ Process,SO-1806,DN-625,Zambia,PMO - US,From RDC,N/A - From RDC,N/A,ARV,Adult,SCMS from RDC,"Emtricitabine/Tenofovir Disoproxil Fumarate 200/300mg [Truvada], tablets, 30 Tabs",Emtricitabine/Tenofovir Disoproxil Fumarate,Truvada,300/200mg,Tablet - FDC,"Aspen-OSD, Port Elizabeth, SA",10956,30,27156,712845,26.25,0.88,1140.55,9344,35246.5,TRUE,3/28/08,3/28/08,,
110-ZM-T01,Pre-PQ Process,SO-1993,DN-677,Zambia,PMO - US,From RDC,N/A - From RDC,Air,ARV,Adult,SCMS from RDC,"Efavirenz 600mg, tablets, 30 Tabs",Efavirenz,Generic,600mg,Tablet,Mylan (formerly Matrix) Nashik,10957,30,4332,53803.44,12.42,0.41,86.09,338,1890.76,TRUE,3/28/08,3/28/08,,
110-ZM-T01,Pre-PQ Process,SO-1885,DN-711,Zambia,PMO - US,From RDC,N/A - From RDC,N/A,ARV,Adult,SCMS from RDC,"Lamivudine/Zidovudine 150/300mg, tablets, 60 Tabs",Lamivudine/Zidovudine,Generic,150/300mg,Tablet - FDC,"Aurobindo Unit III, India",10958,60,50000,472500,9.45,0.16,756,4657,2348.92,TRUE,5/9/08,5/9/08,,
100-ZW-T01,Pre-PQ Process,SO-716,DN-770,Zimbabwe,PMO - US,From RDC,N/A - From RDC,Air,ARV,Adult,SCMS from RDC,"Lamivudine/Stavudine 150/30mg, tablets, 30 Tabs",Lamivudine/Stavudine,Generic,150/30mg,Tablet - FDC,"Cipla, Goa, India",10959,30,1600,3200,2,0.07,5.12,422,3335.15,TRUE,6/9/08,6/9/08,,
109-TZ-T01,Pre-PQ Process,SO-1695,DN-663,Tanzania,PMO - US,From RDC,N/A - From RDC,N/A,ARV,Adult,SCMS from RDC,"Lamivudine/Zidovudine 150/300mg, tablets, 60 Tabs",Lamivudine/Zidovudine,Generic,150/300mg,Tablet - FDC,"Aurobindo Unit III, India",10960,60,51364,487958,9.5,0.16,780.73,5372,16430.72,TRUE,4/22/08,4/23/08,,
110-ZM-T01,Pre-PQ Process,SO-2550,DN-839,Zambia,PMO - US,From RDC,N/A - From RDC,Truck,ARV,Adult,SCMS from RDC,"Lamivudine/Nevirapine/Stavudine 150/200/30mg, tablets, 60 Tabs",Lamivudine/Nevirapine/Stavudine,Generic,150/200/30mg,Tablet - FDC,"Strides, Bangalore, India.",10961,60,40000,288000,7.2,0.12,460.8,7393,6051.02,TRUE,8/20/08,8/20/08,,
125-HT-T01,Pre-PQ Process,SO-1291,DN-686,Haiti,PMO - US,From RDC,N/A - From RDC,Air,HRDT,HIV test,SCMS from RDC,"HIV 1/2, Determine HIV Kit, without Lancets, 100 Tests","HIV 1/2, Determine HIV Kit, without Lancets",Determine,N/A,Test kit,Inverness Japan,10962,100,25,1800,72,0.72,2.88,,,FALSE,4/3/08,4/3/08,,
106-HT-T01,Pre-PQ Process,SO-2042,DN-682,Haiti,PMO - US,From RDC,N/A - From RDC,Air,ARV,Pediatric,SCMS from RDC,"Abacavir 20mg/ml, oral solution, Bottle, 240 ml",Abacavir,Generic,20mg/ml,Oral solution,"Aurobindo Unit III, India",10963,240,160,2640,16.5,0.07,4.22,938,11340.2,TRUE,3/21/08,3/21/08,,
114-UG-T01,Pre-PQ Process,SO-2791,DN-794,Uganda,PMO - US,From RDC,N/A - From RDC,Air,ARV,Pediatric,SCMS from RDC,"Zidovudine 10mg/ml, oral solution, Bottle, 240 ml",Zidovudine,Generic,10mg/ml,Oral solution,"Aurobindo Unit III, India",10964,240,4296,9021.6,2.1,0.01,14.43,1600,10314.28,TRUE,7/11/08,7/11/08,,
132-NG-T01,Pre-PQ Process,SO-2680,DN-787,Nigeria,PMO - US,From RDC,N/A - From RDC,Air,ARV,Adult,SCMS from RDC,"Emtricitabine/Tenofovir Disoproxil Fumarate 200/300mg [Truvada], tablets, 30 Tabs",Emtricitabine/Tenofovir Disoproxil Fumarate,Truvada,300/200mg,Tablet - FDC,"Aspen-OSD, Port Elizabeth, SA",10965,30,15000,393750,26.25,0.88,630,1365,9904.65,TRUE,7/4/08,7/4/08,,
114-UG-T01,Pre-PQ Process,SO-2674,DN-797,Uganda,PMO - US,From RDC,N/A - From RDC,Air,ARV,Adult,SCMS from RDC,"Nevirapine 200mg, tablets, 60 Tabs",Nevirapine,Generic,200mg,Tablet,"Aurobindo Unit III, India",10966,60,1061,3607.4,3.4,0.06,5.77,106,1054.52,TRUE,7/11/08,7/11/08,,
102-KE-T01,Pre-PQ Process,SO-1390,DN-667,Kenya,PMO - US,From RDC,N/A - From RDC,Truck,HRDT,HIV test - Ancillary,SCMS from RDC,"HIV, Lancet, Safety, for HIV Test kits, 100 Pcs","HIV, Lancet, Safety, for HIV Test kits, 100 Pcs",Generic,N/A,Test kit - Ancillary,Inverness Japan,10967,100,240,1200,5,0.05,1.92,751,190.06,TRUE,3/26/08,3/26/08,,
112-NG-T01,Pre-PQ Process,SO-2350,DN-718,Nigeria,PMO - US,From RDC,N/A - From RDC,Air,ARV,Adult,SCMS from RDC,"Lamivudine/Zidovudine 150/300mg, tablets, 60 Tabs",Lamivudine/Zidovudine,Generic,150/300mg,Tablet - FDC,"Aurobindo Unit III, India",10968,60,760,7182,9.45,0.16,11.49,199,1917.53,TRUE,4/21/08,4/21/08,,
112-NG-T01,Pre-PQ Process,SO-2350,DN-718,Nigeria,PMO - US,From RDC,N/A - From RDC,Air,ARV,Pediatric,SCMS from RDC,"Stavudine 1mg/ml, powder for oral solution, 200 ml",Stavudine,Generic,1mg/ml,Oral solution,"Aurobindo Unit III, India",10969,200,16,22.4,1.4,0.01,0.04,,,FALSE,4/21/08,4/21/08,,
111-MZ-T01,Pre-PQ Process,SO-1615,DN-698,Mozambique,PMO - US,From RDC,N/A - From RDC,Air,ARV,Adult,SCMS from RDC,"Indinavir 400mg [Crixivan], capsules, 180 Caps",Indinavir,Crixivan,400mg,Capsule,"MSD, Haarlem, NL",10970,180,1428,71400,50,0.28,114.24,2955,4551.52,TRUE,6/23/08,6/23/08,,
117-ET-T01,Pre-PQ Process,SO-1518,DN-634,Ethiopia,PMO - US,From RDC,N/A - From RDC,Air,ARV,Adult,SCMS from RDC,"Lamivudine/Zidovudine 150/300mg, tablets, 60 Tabs",Lamivudine/Zidovudine,Generic,150/300mg,Tablet - FDC,"Aurobindo Unit III, India",10972,60,65524,622478,9.5,0.16,995.96,14599,32146.52,TRUE,3/21/08,3/21/08,,
100-ZW-T01,Pre-PQ Process,SO-713,DN-687,Zimbabwe,PMO - US,From RDC,N/A - From RDC,Air,ARV,Adult,SCMS from RDC,"Lamivudine/Nevirapine/Stavudine 150/200/30mg, tablets, 60 Tabs",Lamivudine/Nevirapine/Stavudine,Generic,150/200/30mg,Tablet - FDC,"Cipla, Goa, India",10973,60,37240,275576,7.4,0.12,440.92,,,FALSE,3/30/08,3/30/08,,
105-GY-T01,Pre-PQ Process,SO-2464,DN-727,Guyana,PMO - US,From RDC,N/A - From RDC,Air,ARV,Adult,SCMS from RDC,"Lopinavir/Ritonavir 200/50mg [Aluvia], tablets, 120 Tabs",Lopinavir/Ritonavir,Aluvia,200/50mg,Tablet,ABBVIE Ludwigshafen Germany,10975,120,150,12330,82.2,0.68,19.73,34,1608.7,TRUE,5/9/08,5/9/08,,
106-HT-T01,Pre-PQ Process,SO-1565,DN-657,Haiti,PMO - US,From RDC,N/A - From RDC,Air,HRDT,HIV test,SCMS from RDC,"HIV 1/2, Determine HIV Kit, without Lancets, 100 Tests","HIV 1/2, Determine HIV Kit, without Lancets",Determine,N/A,Test kit,Inverness Japan,10976,100,30,2160,72,0.72,3.46,7,774.84,TRUE,3/19/08,3/19/08,,
110-ZM-T01,Pre-PQ Process,SO-1888,DN-701,Zambia,PMO - US,From RDC,N/A - From RDC,N/A,ARV,Adult,SCMS from RDC,"Emtricitabine/Tenofovir Disoproxil Fumarate 200/300mg [Truvada], tablets, 30 Tabs",Emtricitabine/Tenofovir Disoproxil Fumarate,Truvada,300/200mg,Tablet - FDC,"Aspen-OSD, Port Elizabeth, SA",10977,30,40000,1050000,26.25,0.88,1680,3512,1772.4,TRUE,5/9/08,5/9/08,,
113-ZW-T01,Pre-PQ Process,SO-2502,DN-813,Zimbabwe,PMO - US,From RDC,N/A - From RDC,Truck,ARV,Adult,SCMS from RDC,"Lamivudine/Nevirapine/Stavudine 150/200/30mg, tablets, 60 Tabs",Lamivudine/Nevirapine/Stavudine,Generic,150/200/30mg,Tablet - FDC,"Cipla, Goa, India",10979,60,66268,490383.2,7.4,0.12,784.61,6606,22666.98,TRUE,7/26/08,7/26/08,,
113-ZW-T01,Pre-PQ Process,SO-2502,DN-813,Zimbabwe,PMO - US,From RDC,N/A - From RDC,Truck,ARV,Adult,SCMS from RDC,"Lamivudine/Stavudine 150/30mg, tablets, 30 Tabs",Lamivudine/Stavudine,Generic,150/30mg,Tablet - FDC,"Cipla, Goa, India",10980,30,8000,16000,2,0.07,25.6,,,FALSE,7/26/08,7/26/08,,
111-MZ-T01,Pre-PQ Process,SO-1882,DN-817,Mozambique,PMO - US,From RDC,N/A - From RDC,Air,ARV,Adult,SCMS from RDC,"Lamivudine/Nevirapine/Stavudine 150/200/30mg, tablets, 60 Tabs",Lamivudine/Nevirapine/Stavudine,Generic,150/200/30mg,Tablet - FDC,"Strides, Bangalore, India.",10981,60,38975,280620,7.2,0.12,448.99,13123,9161.95,TRUE,8/7/08,8/7/08,,
109-TZ-T01,Pre-PQ Process,SO-1696,DN-763,Tanzania,PMO - US,From RDC,N/A - From RDC,Air,ARV,Pediatric,SCMS from RDC,"Didanosine 100mg, chewable/dispersible tablets, 60 Tabs",Didanosine,Generic,100mg,Chewable/dispersible tablet,"Aurobindo Unit III, India",10982,60,11640,90210,7.75,0.13,144.34,16778,9043.65,TRUE,7/9/08,7/9/08,,
106-HT-T01,Pre-PQ Process,SO-15960,DN-946,Haiti,PMO - US,From RDC,N/A - From RDC,Air,ARV,Adult,SCMS from RDC,"Nevirapine 200mg, tablets, 60 Tabs",Nevirapine,Generic,200mg,Tablet,"Aurobindo Unit III, India",10983,60,20186,64595.2,3.2,0.05,103.35,4218,43041.34,TRUE,10/20/08,10/20/08,,
111-MZ-T01,Pre-PQ Process,SO-15084,DN-1024,Mozambique,PMO - US,From RDC,N/A - From RDC,Air,ARV,Adult,SCMS from RDC,"Lamivudine/Zidovudine 150/300mg, tablets, 60 Tabs",Lamivudine/Zidovudine,Generic,150/300mg,Tablet - FDC,"Aurobindo Unit III, India",10984,60,15048,140698.8,9.35,0.16,275.77,1448,3613.31,TRUE,2/9/09,2/9/09,,
111-MZ-T01,Pre-PQ Process,SO-15085,DN-1025,Mozambique,PMO - US,From RDC,N/A - From RDC,Air,ARV,Adult,SCMS from RDC,"Lamivudine/Zidovudine 150/300mg, tablets, 60 Tabs",Lamivudine/Zidovudine,Generic,150/300mg,Tablet - FDC,"Aurobindo Unit III, India",10985,60,720,6732,9.35,0.16,13.19,66,772.04,TRUE,1/20/09,1/20/09,,
109-TZ-T01,Pre-PQ Process,SO-13190,DN-922,Tanzania,PMO - US,From RDC,N/A - From RDC,Air,ARV,Adult,SCMS from RDC,"Lamivudine/Nevirapine/Stavudine 150/200/30mg, tablets, 60 Tabs",Lamivudine/Nevirapine/Stavudine,Generic,150/200/30mg,Tablet - FDC,"Cipla, Goa, India",10986,60,90323,668390.2,7.4,0.12,1069.42,9635,52979.7,TRUE,10/21/08,10/21/08,,
102-KE-T01,Pre-PQ Process,SO-11430,DN-964,Kenya,PMO - US,From RDC,N/A - From RDC,Truck,HRDT,HIV test - Ancillary,SCMS from RDC,"HIV, Lancet, Safety, for HIV Test kits, 100 Pcs","HIV, Lancet, Safety, for HIV Test kits, 100 Pcs",Generic,N/A,Test kit - Ancillary,Inverness Japan,10987,100,5000,50,0.01,0,0.1,,,TRUE,10/21/08,10/21/08,,
110-ZM-T01,Pre-PQ Process,SO-2495,DN-1006,Zambia,PMO - US,From RDC,N/A - From RDC,Truck,ARV,Adult,SCMS from RDC,"Nevirapine 200mg, tablets, 60 Tabs",Nevirapine,Generic,200mg,Tablet,Hetero Unit III Hyderabad IN,10988,60,44432,151068.8,3.4,0.06,296.09,2503,3629.37,TRUE,12/1/08,12/1/08,,
126-NG-T01,Pre-PQ Process,SO-10780,DN-871,Nigeria,PMO - US,From RDC,N/A - From RDC,Air,ARV,Adult,SCMS from RDC,"Nevirapine 200mg, tablets, 60 Tabs",Nevirapine,Generic,200mg,Tablet,Hetero Unit III Hyderabad IN,10989,60,35400,120360,3.4,0.06,192.58,1987,14931.8,TRUE,8/25/08,8/25/08,,
131-NG-T01,Pre-PQ Process,SO-15050,DN-1014,Nigeria,PMO - US,From RDC,N/A - From RDC,Air,ARV,Adult,SCMS from RDC,"Emtricitabine/Tenofovir Disoproxil Fumarate 200/300mg [Truvada], tablets, 30 Tabs",Emtricitabine/Tenofovir Disoproxil Fumarate,Truvada,300/200mg,Tablet - FDC,"Aspen-OSD, Port Elizabeth, SA",10990,30,10000,262500,26.25,0.88,514.5,878,4401.4,TRUE,11/17/08,11/17/08,,
110-ZM-T01,Pre-PQ Process,SO-12090,DN-863,Zambia,PMO - US,From RDC,N/A - From RDC,Air,ARV,Adult,SCMS from RDC,"Lamivudine/Stavudine 150/30mg, tablets, 60 Tabs",Lamivudine/Stavudine,Generic,150/30mg,Tablet - FDC,Mylan (formerly Matrix) Nashik,10992,60,32017,124866.3,3.9,0.06,199.79,2353,3210.18,TRUE,8/27/08,8/27/08,,
110-ZM-T01,Pre-PQ Process,SO-15280,DN-952,Zambia,PMO - US,From RDC,N/A - From RDC,Air,ARV,Pediatric,SCMS from RDC,"Zidovudine 10mg/ml, oral solution, Bottle, 240 ml",Zidovudine,Generic,10mg/ml,Oral solution,"Aurobindo Unit III, India",10993,240,3200,6720,2.1,0.01,13.17,1120,8185.2,TRUE,10/20/08,10/20/08,,
104-CI-T01,Pre-PQ Process,SO-11830,DN-948,Côte d'Ivoire,PMO - US,From RDC,N/A - From RDC,Air,ARV,Adult,SCMS from RDC,"Nevirapine 200mg, tablets, 60 Tabs",Nevirapine,Generic,200mg,Tablet,"Aurobindo Unit III, India",10994,60,21225,72165,3.4,0.06,141.44,2521,14336.95,TRUE,12/3/08,12/3/08,,
114-UG-T01,Pre-PQ Process,SO-17720,DN-1043,Uganda,PMO - US,From RDC,N/A - From RDC,Air,ARV,Adult,SCMS from RDC,"Lamivudine/Nevirapine/Zidovudine 150/200/300mg, tablets, 60 Tabs",Lamivudine/Nevirapine/Zidovudine,Generic,150/300/200mg,Tablet - FDC,"Aurobindo Unit III, India",10995,60,20000,236000,11.8,0.2,462.56,2283,13586.1,TRUE,2/4/09,2/4/09,,
113-ZW-T01,Pre-PQ Process,SO-14000,DN-1044,Zimbabwe,PMO - US,From RDC,N/A - From RDC,Truck,ARV,Adult,SCMS from RDC,"Lamivudine/Nevirapine/Stavudine 150/200/30mg, tablets, 60 Tabs",Lamivudine/Nevirapine/Stavudine,Generic,150/200/30mg,Tablet - FDC,"Cipla, Goa, India",10996,60,76000,562400,7.4,0.12,1102.3,8912,35513.01,TRUE,2/16/09,2/16/09,,
110-ZM-T01,Pre-PQ Process,SO-1896,DN-856,Zambia,PMO - US,From RDC,N/A - From RDC,N/A,ARV,Adult,SCMS from RDC,"Efavirenz 600mg, tablets, 30 Tabs",Efavirenz,Generic,600mg,Tablet,Mylan (formerly Matrix) Nashik,10997,30,50000,600500,12.01,0.4,960.8,3880,3817.12,TRUE,8/20/08,8/20/08,,
111-MZ-T01,Pre-PQ Process,SO-2524,DN-858,Mozambique,PMO - US,From RDC,N/A - From RDC,Truck,ARV,Adult,SCMS from RDC,"Lamivudine/Nevirapine/Stavudine 150/200/30mg, tablets, 60 Tabs",Lamivudine/Nevirapine/Stavudine,Generic,150/200/30mg,Tablet - FDC,"Strides, Bangalore, India.",10998,60,80000,576000,7.2,0.12,921.6,11515,,TRUE,9/5/08,9/5/08,,
109-TZ-T01,Pre-PQ Process,SO-2566,DN-891,Tanzania,PMO - US,From RDC,N/A - From RDC,Truck,ARV,Adult,SCMS from RDC,"Lamivudine/Nevirapine/Stavudine 150/200/30mg, tablets, 60 Tabs",Lamivudine/Nevirapine/Stavudine,Generic,150/200/30mg,Tablet - FDC,"Cipla, Goa, India",10999,60,123317,912545.8,7.4,0.12,1460.07,13253,64506.78,TRUE,9/23/08,9/23/08,,
114-UG-T01,Pre-PQ Process,SO-17890,DN-1092,Uganda,PMO - US,From RDC,N/A - From RDC,Air,ARV,Adult,SCMS from RDC,"Lamivudine/Nevirapine/Zidovudine 150/200/300mg, tablets, 60 Tabs",Lamivudine/Nevirapine/Zidovudine,Generic,150/300/200mg,Tablet - FDC,"Aurobindo Unit III, India",11000,60,1893,22337.4,11.8,0.2,43.78,215,2408.91,TRUE,3/19/09,3/19/09,,
114-UG-T01,Pre-PQ Process,SO-17830,DN-990,Uganda,PMO - US,From RDC,N/A - From RDC,Air,ARV,Adult,SCMS from RDC,"Lopinavir/Ritonavir 200/50mg [Aluvia], tablets, 120 Tabs",Lopinavir/Ritonavir,Aluvia,200/50mg,Tablet,ABBVIE Ludwigshafen Germany,11001,120,42,1726.2,41.1,0.34,3.38,123,845.37,TRUE,12/9/08,12/9/08,,
104-CI-T01,Pre-PQ Process,SO-16220,DN-1069,Côte d'Ivoire,PMO - US,From RDC,N/A - From RDC,Air,ARV,Pediatric,SCMS from RDC,"Efavirenz 30mg/ml [Stocrin/Sustiva], oral solution, Bottle, 180 ml",Efavirenz,Stocrin/Sustiva,30mg/ml,Oral solution,"MSD, Haarlem, NL",11003,180,3271,55476.16,16.96,0.09,108.73,933,3409.91,TRUE,2/11/09,2/11/09,,
106-HT-T01,Pre-PQ Process,SO-23750,DN-1100,Haiti,PMO - US,From RDC,N/A - From RDC,Air,ARV,Pediatric,SCMS from RDC,"Efavirenz 30mg/ml [Stocrin/Sustiva], oral solution, Bottle, 180 ml",Efavirenz,Stocrin/Sustiva,30mg/ml,Oral solution,"MSD, Haarlem, NL",11005,180,325,5512,16.96,0.09,10.8,2085,23866.2,TRUE,3/3/09,3/3/09,,
106-HT-T01,Pre-PQ Process,SO-23750,DN-1100,Haiti,PMO - US,From RDC,N/A - From RDC,Air,ARV,Adult,SCMS from RDC,"Indinavir 400mg [Crixivan], capsules, 180 Caps",Indinavir,Crixivan,400mg,Capsule,"MSD, Haarlem, NL",11006,180,56,2800,50,0.28,5.49,,,FALSE,3/3/09,3/3/09,,
106-HT-T01,Pre-PQ Process,SO-23750,DN-1100,Haiti,PMO - US,From RDC,N/A - From RDC,Air,ARV,Pediatric,SCMS from RDC,"Nevirapine 10mg/ml, oral suspension, Bottle, 240 ml",Nevirapine,Generic,10mg/ml,Oral suspension,"Aurobindo Unit III, India",11007,240,5216,10014.72,1.92,0.01,19.63,,,FALSE,3/3/09,3/3/09,,
113-ZW-T01,Pre-PQ Process,SO-18100,DN-1115,Zimbabwe,PMO - US,From RDC,N/A - From RDC,Truck,ARV,Adult,SCMS from RDC,"Lamivudine/Nevirapine/Stavudine 150/200/30mg, tablets, 60 Tabs",Lamivudine/Nevirapine/Stavudine,Generic,150/200/30mg,Tablet - FDC,"Cipla, Goa, India",11008,60,76000,562400,7.4,0.12,1102.3,8848,37040.86,TRUE,4/6/09,4/6/09,,
111-MZ-T01,Pre-PQ Process,SO-26390,DN-1150,Mozambique,PMO - US,From RDC,N/A - From RDC,Air,ARV,Pediatric,SCMS from RDC,"Lopinavir/Ritonavir 80/20mg/ml [Kaletra], oral solution, cool, Bottle 5 x 60 ml",Lopinavir/Ritonavir,Kaletra,80/20mg/ml,Oral solution,ABBVIE (Abbott) Logis. UK,11009,300,40,1644,41.1,0.14,3.22,52,1287.77,TRUE,4/27/09,4/27/09,,
104-CI-T01,Pre-PQ Process,SO-21880,DN-1152,Côte d'Ivoire,PMO - US,From RDC,N/A - From RDC,Air,ARV,Adult,SCMS from RDC,"Lamivudine/Zidovudine 150/300mg, tablets, 60 Tabs",Lamivudine/Zidovudine,Generic,150/300mg,Tablet - FDC,"Aurobindo Unit III, India",11010,60,23524,206070.23,8.76,0.15,403.9,3155,9021.82,TRUE,4/30/09,4/30/09,,
112-NG-T01,Pre-PQ Process,SO-2728,DN-917,Nigeria,PMO - US,From RDC,N/A - From RDC,Air,ARV,Adult,SCMS from RDC,"Ritonavir 100mg [Norvir], capsules, cool, 4 x 84 Caps",Ritonavir,Norvir,100mg,Capsule,ABBVIE (Abbott) France,11011,336,2,76.72,38.36,0.11,0.12,,,FALSE,9/24/08,9/24/08,,
106-HT-T01,Pre-PQ Process,SO-15930,DN-944,Haiti,PMO - US,From RDC,N/A - From RDC,Air,ARV,Adult,SCMS from RDC,"Stavudine 15mg, capsules, 60 Caps",Stavudine,Generic,15mg,Capsule,"Aurobindo Unit III, India",11012,60,1000,1500,1.5,0.02,2.94,10435,121330.06,TRUE,11/4/08,11/4/08,,
110-ZM-T01,Pre-PQ Process,SO-2479,DN-861,Zambia,PMO - US,From RDC,N/A - From RDC,Truck,ARV,Adult,SCMS from RDC,"Efavirenz 600mg, tablets, 30 Tabs",Efavirenz,Generic,600mg,Tablet,Mylan (formerly Matrix) Nashik,11013,30,5000,60050,12.01,0.4,96.08,4247,8231.95,TRUE,8/20/08,8/20/08,,
106-HT-T01,Pre-PQ Process,SO-15930,DN-944,Haiti,PMO - US,From RDC,N/A - From RDC,Air,ARV,Pediatric,SCMS from RDC,"Efavirenz 200mg, capsule, 90 Caps",Efavirenz,Generic,200mg,Capsule,"Aurobindo Unit III, India",11014,90,1000,15260,15.26,0.17,29.91,,,FALSE,11/4/08,11/4/08,,
123-NG-T01,Pre-PQ Process,SO-19060,DN-1058,Nigeria,PMO - US,From RDC,N/A - From RDC,Air,ARV,Adult,SCMS from RDC,"Emtricitabine/Tenofovir Disoproxil Fumarate 200/300mg [Truvada], tablets, 30 Tabs",Emtricitabine/Tenofovir Disoproxil Fumarate,Truvada,300/200mg,Tablet - FDC,"Aspen-OSD, Port Elizabeth, SA",11015,30,12304,322980,26.25,0.88,633.04,5197,21895.01,TRUE,1/19/09,1/19/09,,
112-NG-T01,Pre-PQ Process,SO-20950,DN-1059,Nigeria,PMO - US,From RDC,N/A - From RDC,Air,ARV,Adult,SCMS from RDC,"Emtricitabine/Tenofovir Disoproxil Fumarate 200/300mg [Truvada], tablets, 30 Tabs",Emtricitabine/Tenofovir Disoproxil Fumarate,Truvada,300/200mg,Tablet - FDC,"Aspen-OSD, Port Elizabeth, SA",11016,30,139,3648.75,26.25,0.88,7.15,192,13538.35,TRUE,1/19/09,1/19/09,,
114-UG-T01,Pre-PQ Process,SO-17780,DN-995,Uganda,PMO - US,From RDC,N/A - From RDC,Air,ARV,Adult,SCMS from RDC,"Lamivudine 150mg, tablets, 60 Tabs",Lamivudine,Generic,150mg,Tablet,"Aurobindo Unit III, India",11017,60,500,1450,2.9,0.05,2.84,26,1096.71,TRUE,12/2/08,12/2/08,,
106-HT-T01,Pre-PQ Process,SO-15950,DN-945,Haiti,PMO - US,From RDC,N/A - From RDC,Air,ARV,Adult,SCMS from RDC,"Efavirenz 600mg, tablets, 30 Tabs",Efavirenz,Generic,600mg,Tablet,Mylan (formerly Matrix) Nashik,11018,30,8192,90112,11,0.37,144.18,9516,101348.75,TRUE,10/27/08,10/27/08,,
117-ET-T01,Pre-PQ Process,SO-22010,DN-1061,Ethiopia,PMO - US,From RDC,N/A - From RDC,Air,ARV,Adult,SCMS from RDC,"Tenofovir Disoproxil Fumarate 300mg [Viread], tablets, 30 Tabs",Tenofovir Disoproxil Fumarate,Viread,300mg,Tablet,"Aspen-OSD, Port Elizabeth, SA",11019,30,3068,52156,17,0.57,102.23,2002,10460.94,TRUE,1/29/09,1/29/09,,
106-HT-T01,Pre-PQ Process,SO-2602,DN-1018,Haiti,PMO - US,From RDC,N/A - From RDC,Air,ARV,Adult,SCMS from RDC,"Lamivudine 150mg, tablets, 60 Tabs",Lamivudine,Generic,150mg,Tablet,"Aurobindo Unit III, India",11020,60,8100,23571,2.91,0.05,46.2,404,5866.29,TRUE,12/10/08,12/10/08,,
110-ZM-T01,Pre-PQ Process,SO-2481,DN-924,Zambia,PMO - US,From RDC,N/A - From RDC,Truck,ARV,Adult,SCMS from RDC,"Efavirenz 600mg, tablets, 30 Tabs",Efavirenz,Generic,600mg,Tablet,Mylan (formerly Matrix) Nashik,11021,30,50000,600500,12.01,0.4,960.8,3842,15281.81,TRUE,9/29/08,9/29/08,,
104-CI-T01,Pre-PQ Process,SO-11850,DN-988,Côte d'Ivoire,PMO - US,From RDC,N/A - From RDC,Air,ARV,Adult,SCMS from RDC,"Lamivudine/Zidovudine 150/300mg, tablets, 60 Tabs",Lamivudine/Zidovudine,Generic,150/300mg,Tablet - FDC,"Aurobindo Unit III, India",11022,60,32256,301593.6,9.35,0.16,591.12,5589,22758.49,TRUE,12/1/08,12/1/08,,
151-NG-T01,Pre-PQ Process,SO-21780,DN-1129,Nigeria,PMO - US,From RDC,N/A - From RDC,Air,ARV,Adult,SCMS from RDC,"Emtricitabine/Tenofovir Disoproxil Fumarate 200/300mg [Truvada], tablets, 30 Tabs",Emtricitabine/Tenofovir Disoproxil Fumarate,Truvada,300/200mg,Tablet - FDC,"Aspen-OSD, Port Elizabeth, SA",11023,30,2871,75363.75,26.25,0.88,147.71,249,6443.61,TRUE,3/24/09,3/24/09,,
151-NG-T01,Pre-PQ Process,SO-21803,DN-1137,Nigeria,PMO - US,From RDC,N/A - From RDC,Air Charter,ARV,Adult,SCMS from RDC,"Lamivudine/Nevirapine/Zidovudine 150/200/300mg, tablets, 60 Tabs",Lamivudine/Nevirapine/Zidovudine,Generic,150/300/200mg,Tablet - FDC,"Aurobindo Unit III, India",11024,60,5426,61856.4,11.4,0.19,121.24,610,,TRUE,3/19/09,3/19/09,,
151-NG-T01,Pre-PQ Process,SO-21805,DN-1139,Nigeria,PMO - US,From RDC,N/A - From RDC,Air Charter,ARV,Adult,SCMS from RDC,"Lamivudine/Nevirapine/Zidovudine 150/200/300mg, tablets, 60 Tabs",Lamivudine/Nevirapine/Zidovudine,Generic,150/300/200mg,Tablet - FDC,"Aurobindo Unit III, India",11025,60,49385,562989,11.4,0.19,1103.46,5553,11492.86,TRUE,3/19/09,3/19/09,,
104-CI-T01,Pre-PQ Process,SO-21851,DN-1128,Côte d'Ivoire,PMO - US,From RDC,N/A - From RDC,Air,ARV,Adult,SCMS from RDC,"Lopinavir/Ritonavir 200/50mg [Aluvia], tablets, 120 Tabs",Lopinavir/Ritonavir,Aluvia,200/50mg,Tablet,ABBVIE Ludwigshafen Germany,11026,120,12480,512928,41.1,0.34,1005.34,2803,8669.38,TRUE,4/28/09,4/28/09,,
104-CI-T01,Pre-PQ Process,SO-1409,DN-1159,Côte d'Ivoire,PMO - US,From RDC,N/A - From RDC,Air,ARV,Adult,SCMS from RDC,"Ritonavir 100mg [Norvir], capsules, cool, 4 x 84 Caps",Ritonavir,Norvir,100mg,Capsule,ABBVIE (Abbott) France,11027,336,4660,31361.8,6.73,0.02,61.47,,,TRUE,3/20/09,3/20/09,,
106-HT-T01,Pre-PQ Process,SO-2603,DN-866,Haiti,PMO - US,From RDC,N/A - From RDC,Air,ARV,Pediatric,SCMS from RDC,"Efavirenz 200mg, capsule, 90 Caps",Efavirenz,Generic,200mg,Capsule,"Aurobindo Unit III, India",11028,90,210,3360,16,0.18,5.38,26,997.46,TRUE,8/11/08,8/11/08,,
104-CI-T01,Pre-PQ Process,SO-970,DN-1163,Côte d'Ivoire,PMO - US,From RDC,N/A - From RDC,Air,ARV,Pediatric,SCMS from RDC,"Lopinavir/Ritonavir 80/20mg/ml [Kaletra], oral solution, cool, Bottle 5 x 60 ml",Lopinavir/Ritonavir,Kaletra,80/20mg/ml,Oral solution,ABBVIE (Abbott) Logis. UK,11030,300,365,15001.5,41.1,0.14,29.4,,,TRUE,3/23/09,3/23/09,,
113-ZW-T01,Pre-PQ Process,SO-18110,DN-1168,Zimbabwe,PMO - US,From RDC,N/A - From RDC,Truck,ARV,Adult,SCMS from RDC,"Efavirenz 600mg, tablets, 30 Tabs",Efavirenz,Generic,600mg,Tablet,"Aurobindo Unit III, India",11031,30,4000,48040,12.01,0.4,94.16,8523,35673.58,TRUE,4/27/09,4/27/09,,
107-RW-T01,Pre-PQ Process,SO-27300,DN-1169,Rwanda,PMO - US,From RDC,N/A - From RDC,Air,ARV,Adult,SCMS from RDC,"Nevirapine 200mg, tablets, 60 Tabs",Nevirapine,Generic,200mg,Tablet,Hetero Unit III Hyderabad IN,11032,60,7350,22050,3,0.05,43.22,404,3366.98,TRUE,4/27/09,4/27/09,,
109-TZ-T01,Pre-PQ Process,SO-18740,DN-1180,Tanzania,PMO - US,From RDC,N/A - From RDC,Truck,ARV,Adult,SCMS from RDC,"Emtricitabine/Tenofovir Disoproxil Fumarate 200/300mg [Truvada], tablets, 30 Tabs",Emtricitabine/Tenofovir Disoproxil Fumarate,Truvada,300/200mg,Tablet - FDC,"Aspen-OSD, Port Elizabeth, SA",11033,30,37440,982800,26.25,0.88,1926.29,5712,5873,TRUE,5/11/09,5/11/09,,
102-KE-T01,Pre-PQ Process,SO-18001,DN-1189,Kenya,PMO - US,From RDC,N/A - From RDC,Truck,HRDT,HIV test,SCMS from RDC,"HIV 1/2, Determine Complete HIV Kit, 100 Tests","HIV 1/2, Determine Complete HIV Kit",Determine,N/A,Test kit,Inverness Japan,11037,100,15000,1200000,80,0.8,2352,,,FALSE,4/27/09,4/27/09,,
151-NG-T01,Pre-PQ Process,SO-22524,DN-1199,Nigeria,PMO - US,From RDC,N/A - From RDC,Air Charter,ARV,Adult,SCMS from RDC,"Lamivudine/Nevirapine/Zidovudine 150/200/300mg, tablets, 60 Tabs",Lamivudine/Nevirapine/Zidovudine,Generic,150/300/200mg,Tablet - FDC,"Aurobindo Unit III, India",11039,60,69491,792197.4,11.4,0.19,1552.71,7798,15128.37,TRUE,5/8/09,5/8/09,,
105-GY-T01,Pre-PQ Process,SO-25160,DN-1213,Guyana,PMO - US,From RDC,N/A - From RDC,Air,ARV,Adult,SCMS from RDC,"Zidovudine 300mg, tablets, 60 Tabs",Zidovudine,Generic,300mg,Tablet,"Aurobindo Unit III, India",11040,60,489,3770.19,7.71,0.13,7.39,28,1047.24,TRUE,5/12/09,5/12/09,,
114-UG-T01,Pre-PQ Process,SO-26150,DN-1223,Uganda,PMO - US,From RDC,N/A - From RDC,Air,ARV,Adult,SCMS from RDC,"Emtricitabine/Tenofovir Disoproxil Fumarate 200/300mg [Truvada], tablets, 30 Tabs",Emtricitabine/Tenofovir Disoproxil Fumarate,Truvada,300/200mg,Tablet - FDC,"Aspen-OSD, Port Elizabeth, SA",11041,30,260,6825,26.25,0.88,13.38,28,1180.71,TRUE,6/1/09,6/1/09,,
114-UG-T01,Pre-PQ Process,SO-26151,DN-1224,Uganda,PMO - US,From RDC,N/A - From RDC,Air,ARV,Adult,SCMS from RDC,"Lamivudine 150mg, tablets, 60 Tabs",Lamivudine,Generic,150mg,Tablet,"Aurobindo Unit III, India",11042,60,90,219.6,2.44,0.04,0.43,5,537.32,TRUE,5/22/09,5/22/09,,
114-UG-T01,Pre-PQ Process,SO-30060,DN-1227,Uganda,PMO - US,From RDC,N/A - From RDC,Air,ARV,Adult,SCMS from RDC,"Lopinavir/Ritonavir 200/50mg [Aluvia], tablets, 120 Tabs",Lopinavir/Ritonavir,Aluvia,200/50mg,Tablet,ABBVIE Ludwigshafen Germany,11043,120,100,4110,41.1,0.34,8.06,23,1152.63,TRUE,6/1/09,6/1/09,,
111-MZ-T01,Pre-PQ Process,SO-30440,DN-1231,Mozambique,PMO - US,From RDC,N/A - From RDC,Truck,ARV,Adult,SCMS from RDC,"Lamivudine 150mg, tablets, 60 Tabs",Lamivudine,Generic,150mg,Tablet,"Aurobindo Unit III, India",11044,60,2106,5138.64,2.44,0.04,10.07,3545,3599.76,TRUE,6/28/09,6/28/09,,
100-GH-T01,Pre-PQ Process,SO-30700,DN-1235,Ghana,PMO - US,From RDC,N/A - From RDC,Truck,ARV,Adult,SCMS from RDC,"Stavudine 15mg, capsules, 60 Caps",Stavudine,Generic,15mg,Capsule,"Aurobindo Unit III, India",11045,60,150,1.5,0.01,0,0,,,FALSE,8/12/09,8/12/09,,
100-SZ-T01,Pre-PQ Process,SO-30790,DN-1238,Swaziland,PMO - US,From RDC,N/A - From RDC,Air,ARV,Adult,SCMS from RDC,"Tenofovir Disoproxil Fumarate 300mg, tablets, 30 Tabs",Tenofovir Disoproxil Fumarate,Generic,300mg,Tablet,Mylan (formerly Matrix) Nashik,11046,30,1250,11250,9,0.3,22.05,1787,12798.04,TRUE,5/21/09,5/21/09,,
110-ZM-T01,Pre-PQ Process,SO-17620,DN-1239,Zambia,PMO - US,From RDC,N/A - From RDC,Truck,ARV,Adult,SCMS from RDC,"Efavirenz 600mg, tablets, 30 Tabs",Efavirenz,Generic,600mg,Tablet,Hetero Unit III Hyderabad IN,11047,30,100000,1100000,11,0.37,2156,7735,15922.67,TRUE,6/8/09,6/8/09,,
112-NG-T01,Pre-PQ Process,SO-21050,DN-1244,Nigeria,PMO - US,From RDC,N/A - From RDC,Air Charter,ARV,Adult,SCMS from RDC,"Lamivudine/Nevirapine/Stavudine 150/200/30mg, tablets, 60 Tabs",Lamivudine/Nevirapine/Stavudine,Generic,150/200/30mg,Tablet - FDC,"Cipla, Goa, India",11048,60,5512,39245.44,7.12,0.12,76.92,1165,7329.83,TRUE,6/16/09,6/16/09,,
153-NG-T01,Pre-PQ Process,SO-31171,DN-1260,Nigeria,PMO - US,From RDC,N/A - From RDC,Air,ARV,Adult,SCMS from RDC,"Lamivudine/Zidovudine 150/300mg, tablets, 60 Tabs",Lamivudine/Zidovudine,Generic,150/300mg,Tablet - FDC,Mylan (formerly Matrix) Nashik,11051,60,264,2312.64,8.76,0.15,4.53,27,1012.18,TRUE,6/5/09,6/5/09,,
114-UG-T01,Pre-PQ Process,SO-31140,DN-1262,Uganda,PMO - US,From RDC,N/A - From RDC,Air,ARV,Adult,SCMS from RDC,"Zidovudine 300mg, tablets, 60 Tabs",Zidovudine,Generic,300mg,Tablet,"Aurobindo Unit III, India",11052,60,105,809.55,7.71,0.13,1.59,6,1053.86,TRUE,6/1/09,6/1/09,,
123-NG-T01,Pre-PQ Process,SO-24482,DN-1263,Nigeria,PMO - US,From RDC,N/A - From RDC,Air Charter,ARV,Adult,SCMS from RDC,"Lamivudine/Nevirapine/Stavudine 150/200/30mg, tablets, 60 Tabs",Lamivudine/Nevirapine/Stavudine,Generic,150/200/30mg,Tablet - FDC,"Strides, Bangalore, India.",11053,60,21765,154966.8,7.12,0.12,303.73,1984,7329.83,TRUE,6/16/09,6/16/09,,
114-UG-T01,Pre-PQ Process,SO-31360,DN-1287,Uganda,PMO - US,From RDC,N/A - From RDC,Air,ARV,Adult,SCMS from RDC,"Lamivudine/Nevirapine/Zidovudine 150/200/300mg, tablets, 60 Tabs",Lamivudine/Nevirapine/Zidovudine,Generic,150/300/200mg,Tablet - FDC,"Aurobindo Unit III, India",11055,60,11216,127301.6,11.35,0.19,249.51,1894,13293.41,TRUE,6/22/09,6/22/09,,
151-NG-T01,Pre-PQ Process,SO-30023,DN-1292,Nigeria,PMO - US,From RDC,N/A - From RDC,Air Charter,ARV,Adult,SCMS from RDC,"Lamivudine/Nevirapine/Zidovudine 150/200/300mg, tablets, 60 Tabs",Lamivudine/Nevirapine/Zidovudine,Generic,150/300/200mg,Tablet - FDC,"Aurobindo Unit III, India",11056,60,3994,45531.6,11.4,0.19,89.24,452,7329.83,TRUE,6/16/09,6/16/09,,
123-NG-T01,Pre-PQ Process,SO-24481,DN-1296,Nigeria,PMO - US,From RDC,N/A - From RDC,Air Charter,ARV,Pediatric,SCMS from RDC,"Efavirenz 200mg, capsule, 90 Caps",Efavirenz,Generic,200mg,Capsule,"Aurobindo Unit III, India",11057,90,3000,45780,15.26,0.17,89.73,,,FALSE,6/16/09,6/16/09,,
105-GY-T01,Pre-PQ Process,SO-25161,DN-1302,Guyana,PMO - US,From RDC,N/A - From RDC,Air,ARV,Adult,SCMS from RDC,"Zidovudine 300mg, tablets, 60 Tabs",Zidovudine,Generic,300mg,Tablet,"Aurobindo Unit III, India",11058,60,810,6245.1,7.71,0.13,12.24,47,1000.51,TRUE,6/18/09,6/18/09,,
104-CI-T01,Pre-PQ Process,SO-27530,DN-1313,Côte d'Ivoire,PMO - US,From RDC,N/A - From RDC,Air,ARV,Adult,SCMS from RDC,"Lamivudine/Stavudine 150/30mg, tablets, 60 Tabs",Lamivudine/Stavudine,Generic,150/30mg,Tablet - FDC,"Cipla, Goa, India",11060,60,10480,39824,3.8,0.06,78.06,786,11032.42,TRUE,8/19/09,8/19/09,,
110-ZM-T01,Pre-PQ Process,SO-30311,DN-1319,Zambia,PMO - US,From RDC,N/A - From RDC,Truck,ARV,Adult,SCMS from RDC,"Efavirenz 600mg, tablets, 30 Tabs",Efavirenz,Generic,600mg,Tablet,Hetero Unit III Hyderabad IN,11061,30,37059,407649,11,0.37,798.99,2876,4506.18,TRUE,9/4/09,9/4/09,,
106-HT-T01,Pre-PQ Process,SO-32760,DN-1373,Haiti,PMO - US,From RDC,N/A - From RDC,Air,ARV,Pediatric,SCMS from RDC,"Efavirenz 50mg, capsule, 30 Caps",Efavirenz,Generic,50mg,Capsule,"Aurobindo Unit III, India",11062,30,1092,2446.08,2.24,0.07,4.79,1585,6811.39,TRUE,7/31/09,7/31/09,,
106-HT-T01,Pre-PQ Process,SO-32760,DN-1373,Haiti,PMO - US,From RDC,N/A - From RDC,Air,ARV,Pediatric,SCMS from RDC,"Nevirapine 10mg/ml, oral suspension, Bottle, 240 ml",Nevirapine,Generic,10mg/ml,Oral suspension,"Aurobindo Unit III, India",11063,240,2304,4423.68,1.92,0.01,8.67,,,FALSE,7/31/09,7/31/09,,
104-CI-T01,Pre-PQ Process,SO-32210,DN-1401,Côte d'Ivoire,PMO - US,From RDC,N/A - From RDC,Air,ARV,Adult,SCMS from RDC,"Stavudine 20mg, capsules, 60 Caps",Stavudine,Generic,20mg,Capsule,"Aurobindo Unit III, India",11066,60,2052,3591,1.75,0.03,7.04,,,FALSE,9/8/09,9/8/09,,
114-UG-T01,Pre-PQ Process,SO-32960,DN-1414,Uganda,PMO - US,From RDC,N/A - From RDC,Air,ARV,Adult,SCMS from RDC,"Zidovudine 300mg, tablets, 60 Tabs",Zidovudine,Generic,300mg,Tablet,"Aurobindo Unit III, India",11067,60,192,1445.76,7.53,0.13,2.83,11,1112.31,TRUE,9/14/09,9/14/09,,
114-UG-T01,Pre-PQ Process,SO-30150,DN-1426,Uganda,PMO - US,From RDC,N/A - From RDC,Air,ARV,Adult,SCMS from RDC,"Efavirenz 600mg, tablets, 30 Tabs",Efavirenz,Generic,600mg,Tablet,"Aurobindo Unit III, India",11068,30,3740,26441.8,7.07,0.24,51.83,322,3054.1,TRUE,10/8/09,10/8/09,,
104-CI-T01,Pre-PQ Process,SO-33240,DN-1424,Côte d'Ivoire,PMO - US,From RDC,N/A - From RDC,Air,ARV,Adult,SCMS from RDC,"Nevirapine 200mg, tablets, 60 Tabs",Nevirapine,Generic,200mg,Tablet,Hetero Unit III Hyderabad IN,11069,60,8732,25322.8,2.9,0.05,49.63,485,7302.48,TRUE,9/28/09,9/28/09,,
151-NG-T01,Pre-PQ Process,SO-27824,DN-1443,Nigeria,PMO - US,From RDC,N/A - From RDC,Air Charter,ARV,Adult,SCMS from RDC,"Emtricitabine/Tenofovir Disoproxil Fumarate 200/300mg, tablets, 30 Tabs",Emtricitabine/Tenofovir Disoproxil Fumarate,Generic,200/300mg,Tablet - FDC,Mylan (formerly Matrix) Nashik,11070,30,441,5181.75,11.75,0.39,10.16,36,9341.49,TRUE,10/20/09,10/20/09,,
104-CI-T01,Pre-PQ Process,SO-33231,DN-1460,Côte d'Ivoire,PMO - US,From RDC,N/A - From RDC,Air,ARV,Adult,SCMS from RDC,"Emtricitabine/Tenofovir Disoproxil Fumarate 200/300mg, tablets, 30 Tabs",Emtricitabine/Tenofovir Disoproxil Fumarate,Generic,200/300mg,Tablet - FDC,Mylan (formerly Matrix) Nashik,11071,30,576,6768,11.75,0.39,13.27,47,1234.91,TRUE,10/7/09,10/7/09,,
100-LB-T01,Pre-PQ Process,SO-33890,DN-1486,Lebanon,PMO - US,From RDC,N/A - From RDC,Air,ARV,Adult,SCMS from RDC,"Saquinavir 200mg [Invirase], capsules, 270 Caps",Saquinavir,Invirase,200mg,Capsule,Roche Basel,11072,270,200,2,0.01,0,0,,,TRUE,11/18/09,11/18/09,,
100-LB-T01,Pre-PQ Process,SO-33900,DN-1487,Lebanon,PMO - US,From RDC,N/A - From RDC,Air,ARV,Adult,SCMS from RDC,"Abacavir 300mg, tablets, 60 Tabs",Abacavir,Generic,300mg,Tablet,Mylan (formerly Matrix) Nashik,11073,60,100,1,0.01,0,0,,,TRUE,11/18/09,11/18/09,,
100-LB-T01,Pre-PQ Process,SO-33910,DN-1488,Lebanon,PMO - US,From RDC,N/A - From RDC,Air,ARV,Adult,SCMS from RDC,"Lamivudine/Zidovudine 150/300mg, tablets, 60 Tabs",Lamivudine/Zidovudine,Generic,150/300mg,Tablet - FDC,"Aurobindo Unit III, India",11074,60,42,0.42,0.01,0,0,,,TRUE,11/24/09,11/24/09,,
110-ZM-T01,Pre-PQ Process,SO-29031,DN-1498,Zambia,PMO - US,From RDC,N/A - From RDC,Truck,ARV,Adult,SCMS from RDC,"Efavirenz 600mg, tablets, 30 Tabs",Efavirenz,Generic,600mg,Tablet,"Aurobindo Unit III, India",11075,30,34036,196728.08,5.78,0.19,424.15,2901,4897.42,TRUE,10/29/09,10/29/09,,
111-MZ-T01,Pre-PQ Process,SO-32571,DN-1532,Mozambique,PMO - US,From RDC,N/A - From RDC,Air,ARV,Adult,SCMS from RDC,"Lamivudine/Stavudine 150/30mg, tablets, 60 Tabs",Lamivudine/Stavudine,Generic,150/30mg,Tablet - FDC,"Cipla, Goa, India",11076,60,2510,9789,3.9,0.06,21.11,190,1317.4,TRUE,12/11/09,12/11/09,,
151-NG-T30,Pre-PQ Process,SO-35150,DN-1594,Nigeria,PMO - US,From RDC,N/A - From RDC,Air Charter,ARV,Adult,SCMS from RDC,"Lamivudine/Nevirapine/Zidovudine 150/200/300mg, tablets, 60 Tabs",Lamivudine/Nevirapine/Zidovudine,Generic,150/300/200mg,Tablet - FDC,"Aurobindo Unit III, India",11077,60,3,34.2,11.4,0.19,0.07,1,,TRUE,12/18/09,12/18/09,,
111-MZ-T01,Pre-PQ Process,SO-33430,DN-1529,Mozambique,PMO - US,From RDC,N/A - From RDC,Air,ARV,Adult,SCMS from RDC,"Nevirapine 200mg, tablets, 60 Tabs",Nevirapine,Generic,200mg,Tablet,"Cipla, Goa, India",11078,60,1788,5721.6,3.2,0.05,12.34,205,1380.45,TRUE,2/23/10,2/23/10,,
151-NG-T30,Pre-PQ Process,SO-35330,DN-1615,Nigeria,PMO - US,From RDC,N/A - From RDC,Air,ARV,Adult,SCMS from RDC,"Emtricitabine/Tenofovir Disoproxil Fumarate 200/300mg, tablets, 30 Tabs",Emtricitabine/Tenofovir Disoproxil Fumarate,Generic,200/300mg,Tablet - FDC,Mylan (formerly Matrix) Nashik,11079,30,5,58.75,11.75,0.39,0.13,1,19480.97,TRUE,2/19/10,1/22/10,,
100-CI-T01,Pre-PQ Process,SO-283,DN-16,Côte d'Ivoire,PMO - US,From RDC,N/A - From RDC,N/A,ARV,Adult,SCMS from RDC,"Efavirenz 600mg, tablets, 30 Tabs",Efavirenz,Generic,600mg,Tablet,"Aurobindo Unit III, India",11086,30,4350,70687.5,16.25,0.54,,,,FALSE,2/22/07,2/22/07,,
100-CI-T01,Pre-PQ Process,SO-283,DN-26,Côte d'Ivoire,PMO - US,From RDC,N/A - From RDC,N/A,ARV,Adult,SCMS from RDC,"Efavirenz 600mg, tablets, 30 Tabs",Efavirenz,Generic,600mg,Tablet,"Aurobindo Unit III, India",11088,30,3024,49140,16.25,0.54,,275,1448,TRUE,2/22/07,3/8/07,,
111-MZ-T01,Pre-PQ Process,SO-324,DN-17,Mozambique,PMO - US,From RDC,N/A - From RDC,Air,ARV,Adult,SCMS from RDC,"Lamivudine/Zidovudine+Abacavir 150/300+300mg, tablets, co-blister, 60+60 Tabs",Lamivudine/Zidovudine+Abacavir,Generic,150/300+300mg,Tablet - FDC + co-blister,"Aurobindo Unit III, India",11089,120,1217,69429.85,57.05,0.48,,,,FALSE,1/9/07,1/9/07,,
111-MZ-T01,Pre-PQ Process,SO-324,DN-17,Mozambique,PMO - US,From RDC,N/A - From RDC,Air,ARV,Adult,SCMS from RDC,"Lamivudine/Zidovudine 150/300mg, tablets, 60 Tabs",Lamivudine/Zidovudine,Generic,150/300mg,Tablet - FDC,"Aurobindo Unit III, India",11090,60,6156,68577.84,11.14,0.19,,,,FALSE,1/9/07,1/9/07,,
100-CI-T01,Pre-PQ Process,SO-373,DN-30,Côte d'Ivoire,PMO - US,From RDC,N/A - From RDC,N/A,ARV,Adult,SCMS from RDC,"Tenofovir Disoproxil Fumarate 300mg [Viread], tablets, 30 Tabs",Tenofovir Disoproxil Fumarate,Viread,300mg,Tablet,Gilead(Nycomed) Oranienburg DE,11091,30,528,8976,17,0.57,,368,1619,TRUE,3/15/07,3/15/07,,
100-CI-T01,Pre-PQ Process,SO-373,DN-30,Côte d'Ivoire,PMO - US,From RDC,N/A - From RDC,N/A,ARV,Adult,SCMS from RDC,"Saquinavir 200mg [Invirase], capsules, 270 Caps",Saquinavir,Invirase,200mg,Capsule,Roche Basel,11092,270,482,37596,78,0.29,,,,FALSE,3/15/07,3/15/07,,
107-RW-T01,Pre-PQ Process,SO-239,DN-70,Rwanda,PMO - US,From RDC,N/A - From RDC,Air,HRDT,HIV test,SCMS from RDC,"HIV 1/2, Capillus HIV Kit, 100 Tests","HIV 1/2, Capillus HIV Kit",Capillus,N/A,Test kit,"Trinity Biotech, Plc",11095,100,60,8340,139,1.39,,353,3684.6,TRUE,4/10/07,4/10/07,,
100-BW-T01,Pre-PQ Process,SO-425,DN-91,Botswana,PMO - US,From RDC,N/A - From RDC,N/A,HRDT,HIV test,SCMS from RDC,"HIV 1/2, Determine Complete HIV Kit, 100 Tests","HIV 1/2, Determine Complete HIV Kit",Determine,N/A,Test kit,ABBVIE GmbH & Co.KG Wiesbaden,11096,100,100,8000,80,0.8,,32,695.23,TRUE,4/27/07,4/27/07,,
112-NG-T01,Pre-PQ Process,SO-340,DN-72,Nigeria,PMO - US,From RDC,N/A - From RDC,N/A,ARV,Adult,SCMS from RDC,"Stavudine 30mg, capsules, 60 Caps",Stavudine,Generic,30mg,Capsule,"Aurobindo Unit III, India",11097,60,1260,2016,1.6,0.03,,988,4251,TRUE,4/17/07,4/17/07,,
113-ZW-T01,Pre-PQ Process,SO-337,DN-115,Zimbabwe,PMO - US,From RDC,N/A - From RDC,N/A,ARV,Adult,SCMS from RDC,"Lopinavir/Ritonavir 200/50mg [Aluvia], tablets, 120 Tabs",Lopinavir/Ritonavir,Aluvia,200/50mg,Tablet,ABBVIE Ludwigshafen Germany,11099,120,400,16440,41.1,0.34,,87,907.41,TRUE,4/26/07,4/26/07,,
110-ZM-T01,Pre-PQ Process,SO-310,DN-122,Zambia,PMO - US,From RDC,N/A - From RDC,N/A,ARV,Adult,SCMS from RDC,"Abacavir 300mg, tablets, 60 Tabs",Abacavir,Generic,300mg,Tablet,"Aurobindo Unit III, India",11100,60,1000,35800,35.8,0.6,,4436,18375.7,TRUE,5/4/07,5/4/07,,
110-ZM-T01,Pre-PQ Process,SO-310,DN-122,Zambia,PMO - US,From RDC,N/A - From RDC,N/A,ARV,Adult,SCMS from RDC,"Efavirenz 600mg, tablets, 30 Tabs",Efavirenz,Generic,600mg,Tablet,"Aurobindo Unit III, India",11101,30,50112,814821.1,16.26,0.54,,,,FALSE,5/4/07,5/4/07,,
100-CI-T01,Pre-PQ Process,SO-392,DN-53,Côte d'Ivoire,PMO - US,From RDC,N/A - From RDC,N/A,ARV,Adult,SCMS from RDC,"Efavirenz 600mg, tablets, 30 Tabs",Efavirenz,Generic,600mg,Tablet,"Aurobindo Unit III, India",11102,30,10000,162500,16.25,0.54,,901,3006,TRUE,5/4/07,5/4/07,,
112-NG-T01,Pre-PQ Process,SO-329,DN-132,Nigeria,PMO - US,From RDC,N/A - From RDC,N/A,ARV,Adult,SCMS from RDC,"Lamivudine/Zidovudine+Nevirapine 150/300+200mg, tablets, co-blister, 60+60 Tabs",Lamivudine/Zidovudine+Nevirapine,Generic,150/300+200mg,Tablet - FDC + co-blister,"Aspen-OSD, Port Elizabeth, SA",11105,120,5709,117034.5,20.5,0.17,,1238,6433.28,TRUE,5/23/07,5/23/07,,
111-MZ-T01,Pre-PQ Process,SO-545,DN-137,Mozambique,PMO - US,From RDC,N/A - From RDC,Air,ARV,Adult,SCMS from RDC,"Efavirenz 600mg, tablets, 30 Tabs",Efavirenz,Generic,600mg,Tablet,"Aurobindo Unit III, India",11107,30,25003,418800.25,16.75,0.56,,2177,2912.01,TRUE,6/1/07,6/1/07,,
111-MZ-T01,Pre-PQ Process,SO-293,DN-44,Mozambique,PMO - US,From RDC,N/A - From RDC,Air,ARV,Pediatric,SCMS from RDC,"Abacavir 20mg/ml, oral solution, Bottle, 240 ml",Abacavir,Generic,20mg/ml,Oral solution,"Aurobindo Unit III, India",11109,240,460,9683,21.05,0.09,,,,FALSE,4/17/07,4/17/07,,
100-BW-T01,Pre-PQ Process,SO-426,DN-84,Botswana,PMO - US,From RDC,N/A - From RDC,N/A,HRDT,HIV test,SCMS from RDC,"HIV 1/2, OraQuick Advance HIV Rapid Antibody Kit, 100 Tests","HIV 1/2, OraQuick Advance HIV Rapid Antibody Kit",OraQuick,N/A,Test kit,"Pacific Biotech, Thailand",11112,100,30,12000,400,4,,72,947.05,TRUE,4/27/07,4/27/07,,
100-CI-T01,Pre-PQ Process,SO-394,DN-61,Côte d'Ivoire,PMO - US,From RDC,N/A - From RDC,N/A,ARV,Adult,SCMS from RDC,"Lamivudine/Zidovudine 150/300mg, tablets, 60 Tabs",Lamivudine/Zidovudine,Generic,150/300mg,Tablet - FDC,"Aurobindo Unit III, India",11113,60,10000,102500,10.25,0.17,,980,3179,TRUE,5/4/07,5/4/07,,
110-ZM-T01,Pre-PQ Process,SO-211,DN-104,Zambia,PMO - US,From RDC,N/A - From RDC,N/A,ARV,Adult,SCMS from RDC,"Lamivudine/Zidovudine 150/300mg, tablets, 60 Tabs",Lamivudine/Zidovudine,Generic,150/300mg,Tablet - FDC,"Aurobindo Unit III, India",11114,60,50549,518127.25,10.25,0.17,,4680,19288.91,TRUE,5/3/07,5/3/07,,
111-MZ-T01,Pre-PQ Process,SO-500,DN-152,Mozambique,PMO - US,From RDC,N/A - From RDC,Air,ARV,Adult,SCMS from RDC,"Abacavir 300mg, tablets, 60 Tabs",Abacavir,Generic,300mg,Tablet,"Aurobindo Unit III, India",11115,60,4444,159095.2,35.8,0.6,,633,,TRUE,6/8/07,6/8/07,,
104-CI-T01,Pre-PQ Process,SO-586,DN-194,Côte d'Ivoire,PMO - US,From RDC,N/A - From RDC,N/A,ARV,Adult,SCMS from RDC,"Lopinavir/Ritonavir 200/50mg [Aluvia], tablets, 120 Tabs",Lopinavir/Ritonavir,Aluvia,200/50mg,Tablet,ABBVIE Ludwigshafen Germany,11117,120,4000,164400,41.1,0.34,263.04,1015,3256,TRUE,6/28/07,6/28/07,,
104-CI-T01,Pre-PQ Process,SO-586,DN-194,Côte d'Ivoire,PMO - US,From RDC,N/A - From RDC,N/A,ARV,Adult,SCMS from RDC,"Abacavir 300mg, tablets, 60 Tabs",Abacavir,Generic,300mg,Tablet,"Aurobindo Unit III, India",11118,60,2000,71600,35.8,0.6,114.56,,,FALSE,6/28/07,6/28/07,,
104-CI-T01,Pre-PQ Process,SO-625,DN-166,Côte d'Ivoire,PMO - US,From RDC,N/A - From RDC,N/A,ARV,Adult,SCMS from RDC,"Indinavir 400mg [Crixivan], capsules, 180 Caps",Indinavir,Crixivan,400mg,Capsule,MSD Elkton USA,11119,180,4402,220100,50,0.28,,994,3501,TRUE,6/21/07,6/21/07,,
104-CI-T01,Pre-PQ Process,SO-687,DN-206,Côte d'Ivoire,PMO - US,From RDC,N/A - From RDC,Air,ARV,Pediatric,SCMS from RDC,"Efavirenz 50mg, capsule, 30 Caps",Efavirenz,Generic,50mg,Capsule,"Aurobindo Unit III, India",11122,30,4515,10113.6,2.24,0.07,16.18,259,1574,TRUE,7/10/07,7/10/07,,
110-ZM-T01,Pre-PQ Process,SO-209,DN-205,Zambia,PMO - US,From RDC,N/A - From RDC,N/A,ARV,Adult,SCMS from RDC,"Lamivudine/Zidovudine 150/300mg, tablets, 60 Tabs",Lamivudine/Zidovudine,Generic,150/300mg,Tablet - FDC,"Aurobindo Unit III, India",11128,60,66370,680292.5,10.25,0.17,1088.47,6243,25729.7,TRUE,6/20/07,6/20/07,,
104-CI-T01,Pre-PQ Process,SO-560,DN-146,Côte d'Ivoire,PMO - US,From RDC,N/A - From RDC,N/A,ARV,Adult,SCMS from RDC,"Abacavir 300mg, tablets, 60 Tabs",Abacavir,Generic,300mg,Tablet,"Aurobindo Unit III, India",11130,60,1200,42960,35.8,0.6,,,,FALSE,5/16/07,5/16/07,,
112-NG-T01,Pre-PQ Process,SO-663,DN-190,Nigeria,PMO - US,From RDC,N/A - From RDC,N/A,ARV,Adult,SCMS from RDC,"Stavudine 30mg, capsules, 60 Caps",Stavudine,Generic,30mg,Capsule,"Strides, Bangalore, India.",11133,60,700,1064,1.52,0.03,1.7,,,FALSE,6/26/07,6/26/07,,
111-MZ-T01,Pre-PQ Process,SO-580,DN-208,Mozambique,PMO - US,From RDC,N/A - From RDC,Air,ARV,Pediatric,SCMS from RDC,"Abacavir 20mg/ml, oral solution, Bottle, 240 ml",Abacavir,Generic,20mg/ml,Oral solution,"Aurobindo Unit III, India",11135,240,397,8356.85,21.05,0.09,13.37,141,411.07,TRUE,7/12/07,7/12/07,,
112-NG-T01,Pre-PQ Process,SO-563,DN-209,Nigeria,PMO - US,From RDC,N/A - From RDC,N/A,ARV,Adult,SCMS from RDC,"Lamivudine/Nevirapine/Stavudine 150/200/30mg, tablets, 60 Tabs",Lamivudine/Nevirapine/Stavudine,Generic,150/200/30mg,Tablet - FDC,"Cipla, Goa, India",11136,60,1319,9892.5,7.5,0.12,15.83,1656,8331.36,TRUE,7/3/07,7/3/07,,
112-NG-T01,Pre-PQ Process,SO-563,DN-209,Nigeria,PMO - US,From RDC,N/A - From RDC,N/A,ARV,Adult,SCMS from RDC,"Lamivudine/Nevirapine/Stavudine 150/200/40mg, tablets, 60 Tabs",Lamivudine/Nevirapine/Stavudine,Generic,150/200/40mg,Tablet - FDC,"Cipla, Goa, India",11137,60,1018,7838.6,7.7,0.13,12.54,,,FALSE,7/3/07,7/3/07,,
109-TZ-T01,Pre-PQ Process,SO-441,DN-246,Tanzania,PMO - US,From RDC,N/A - From RDC,Air,ARV,Adult,SCMS from RDC,"Lopinavir/Ritonavir 200/50mg [Aluvia], tablets, 120 Tabs",Lopinavir/Ritonavir,Aluvia,200/50mg,Tablet,ABBVIE Ludwigshafen Germany,11138,120,3000,123300,41.1,0.34,197.28,1422,4198,TRUE,8/13/07,8/13/07,,
109-TZ-T01,Pre-PQ Process,SO-496,DN-247,Tanzania,PMO - US,From RDC,N/A - From RDC,Air,ARV,Adult,SCMS from RDC,"Ritonavir 100mg [Norvir], capsules, cool, 4 x 84 Caps",Ritonavir,Norvir,100mg,Capsule,ABBVIE (Abbott) Logis. UK,11139,336,157,6022.52,38.36,0.11,9.64,547,2094,TRUE,7/30/07,7/30/07,,
104-CI-T01,Pre-PQ Process,SO-701,DN-271,Côte d'Ivoire,PMO - US,From RDC,N/A - From RDC,N/A,ARV,Adult,SCMS from RDC,"Lamivudine/Stavudine 150/30mg, tablets, 30 Tabs",Lamivudine/Stavudine,Generic,150/30mg,Tablet - FDC,"Cipla, Goa, India",11140,30,86821,173642,2,0.07,277.83,5697,14893,TRUE,8/14/07,8/14/07,,
104-CI-T01,Pre-PQ Process,SO-817,DN-274,Côte d'Ivoire,PMO - US,From RDC,N/A - From RDC,N/A,ARV,Adult,SCMS from RDC,"Lamivudine/Nevirapine/Stavudine 150/200/30mg, tablets, 60 Tabs",Lamivudine/Nevirapine/Stavudine,Generic,150/200/30mg,Tablet - FDC,"Cipla, Goa, India",11141,60,32436,243270,7.5,0.12,389.23,3203,8258,TRUE,8/14/07,8/14/07,,
100-HT-T01,Pre-PQ Process,SO-831,DN-278,Haiti,PMO - US,From RDC,N/A - From RDC,Air,HRDT,HIV test,SCMS from RDC,"HIV 1/2, Capillus HIV Kit, 100 Tests","HIV 1/2, Capillus HIV Kit",Capillus,N/A,Test kit,"Trinity Biotech, Plc",11142,100,75,10425,139,1.39,16.68,50,791.84,TRUE,8/7/07,8/7/07,,
111-MZ-T01,Pre-PQ Process,SO-502,DN-282,Mozambique,PMO - US,From RDC,N/A - From RDC,Air,ARV,Pediatric,SCMS from RDC,"Efavirenz 200mg, capsule, 90 Caps",Efavirenz,Generic,200mg,Capsule,"Aurobindo Unit III, India",11144,90,400,6780,16.95,0.19,10.85,3340,3438.84,TRUE,10/10/07,10/10/07,,
107-RW-T01,Pre-PQ Process,SO-756,DN-238,Rwanda,PMO - US,From RDC,N/A - From RDC,Air,HRDT,HIV test,SCMS from RDC,"HIV 1/2, Capillus HIV Kit, 100 Tests","HIV 1/2, Capillus HIV Kit",Capillus,N/A,Test kit,"Trinity Biotech, Plc",11146,100,150,20850,139,1.39,33.36,130,1676.91,TRUE,7/16/07,7/16/07,,
104-CI-T01,Pre-PQ Process,SO-529,DN-250,Côte d'Ivoire,PMO - US,From RDC,N/A - From RDC,N/A,HRDT,HIV test,SCMS from RDC,"HIV 2, New LAV Blot 2 HIV Kit, 18 Tests","HIV 2, New LAV Blot 2 HIV Kit",LAV,N/A,Test kit,Bio-Rad Laboratories,11147,18,12,3698.04,308.17,17.12,5.92,46,1607,TRUE,7/27/07,7/27/07,,
104-CI-T01,Pre-PQ Process,SO-922,DN-318,Côte d'Ivoire,PMO - US,From RDC,N/A - From RDC,N/A,ARV,Adult,SCMS from RDC,"Efavirenz 600mg, tablets, 30 Tabs",Efavirenz,Generic,600mg,Tablet,"Aurobindo Unit III, India",11151,30,25037,407101.62,16.26,0.54,651.36,2213,18101.32,TRUE,9/10/07,9/10/07,,
109-TZ-T01,Pre-PQ Process,SO-456,DN-291,Tanzania,PMO - US,From RDC,N/A - From RDC,Air,ARV,Adult,SCMS from RDC,"Efavirenz 600mg, tablets, 30 Tabs",Efavirenz,Generic,600mg,Tablet,"Aurobindo Unit III, India",11153,30,23814,387215.62,16.26,0.54,619.55,2102,5834,TRUE,8/29/07,8/29/07,,
111-MZ-T01,Pre-PQ Process,SO-298,DN-304,Mozambique,PMO - US,From RDC,N/A - From RDC,Air,ARV,Pediatric,SCMS from RDC,"Efavirenz 200mg, capsule, 90 Caps",Efavirenz,Generic,200mg,Capsule,"Aurobindo Unit III, India",11154,90,271,4593.45,16.95,0.19,7.35,,,FALSE,9/21/07,9/21/07,,
114-UG-T01,Pre-PQ Process,SO-896,DN-297,Uganda,PMO - US,From RDC,N/A - From RDC,N/A,ARV,Adult,SCMS from RDC,"Stavudine 30mg, capsules, 60 Caps",Stavudine,Generic,30mg,Capsule,"Strides, Bangalore, India.",11156,60,294,446.88,1.52,0.03,0.72,14,632.6,TRUE,10/17/07,10/17/07,,
114-UG-T01,Pre-PQ Process,SO-1080,DN-362,Uganda,PMO - US,From RDC,N/A - From RDC,Air,ARV,Adult,SCMS from RDC,"Efavirenz 600mg, tablets, 30 Tabs",Efavirenz,Generic,600mg,Tablet,"Strides, Bangalore, India.",11160,30,1717,21325.14,12.42,0.41,34.12,,,FALSE,11/5/07,11/5/07,,
110-ZM-T01,Pre-PQ Process,SO-940,DN-366,Zambia,PMO - US,From RDC,N/A - From RDC,N/A,ARV,Adult,SCMS from RDC,"Nevirapine 200mg, tablets, 60 Tabs",Nevirapine,Generic,200mg,Tablet,"Aurobindo Unit III, India",11161,60,85000,289000,3.4,0.06,462.4,14311,63886.29,TRUE,9/27/07,9/27/07,,
110-ZM-T01,Pre-PQ Process,SO-940,DN-366,Zambia,PMO - US,From RDC,N/A - From RDC,N/A,ARV,Adult,SCMS from RDC,"Efavirenz 600mg, tablets, 30 Tabs",Efavirenz,Generic,600mg,Tablet,"Cipla, Goa, India",11162,30,69783,1360768.5,19.5,0.65,2177.23,,,FALSE,9/27/07,9/27/07,,
111-MZ-T01,Pre-PQ Process,SO-924,DN-344,Mozambique,PMO - US,From RDC,N/A - From RDC,Air,ARV,Adult,SCMS from RDC,"Lamivudine 150mg, tablets, 60 Tabs",Lamivudine,Generic,150mg,Tablet,"Aurobindo Unit III, India",11173,60,200,608,3.04,0.05,0.97,4241,25442,TRUE,10/5/07,10/5/07,,
117-ET-T01,Pre-PQ Process,SO-914,DN-332,Ethiopia,PMO - US,From RDC,N/A - From RDC,N/A,ARV,Adult,SCMS from RDC,"Lamivudine 150mg, tablets, 60 Tabs",Lamivudine,Generic,150mg,Tablet,"Ranbaxy, Paonta Shahib, India",11174,60,60029,182488.16,3.04,0.05,291.98,,,FALSE,9/4/07,9/4/07,,
104-CI-T01,Pre-PQ Process,SO-972,DN-327,Côte d'Ivoire,PMO - US,From RDC,N/A - From RDC,N/A,ARV,Pediatric,SCMS from RDC,"Zidovudine 10mg/ml, oral solution, Bottle, 240 ml",Zidovudine,Generic,10mg/ml,Oral solution,"Aurobindo Unit III, India",11175,240,4286,9214.9,2.15,0.01,14.74,,,FALSE,9/10/07,9/10/07,,
110-ZM-T01,Pre-PQ Process,SO-753,DN-395,Zambia,PMO - US,From RDC,N/A - From RDC,N/A,ARV,Pediatric,SCMS from RDC,"Efavirenz 200mg, capsule, 90 Caps",Efavirenz,Generic,200mg,Capsule,"Aurobindo Unit III, India",11177,90,2324,37184,16,0.18,59.49,,,FALSE,11/2/07,11/2/07,,
104-CI-T01,Pre-PQ Process,SO-1113,DN-385,Côte d'Ivoire,PMO - US,From RDC,N/A - From RDC,Air,HRDT,HIV test,SCMS from RDC,"HIV 1/2, Determine HIV Kit, without Lancets, 100 Tests","HIV 1/2, Determine HIV Kit, without Lancets",Determine,N/A,Test kit,Inverness Japan,11186,100,595,42834.05,71.99,0.72,68.53,200,1642,TRUE,10/22/07,10/22/07,,
110-ZM-T01,Pre-PQ Process,SO-317,DN-387,Zambia,PMO - US,From RDC,N/A - From RDC,N/A,ARV,Adult,SCMS from RDC,"Lamivudine/Zidovudine 150/300mg, tablets, 60 Tabs",Lamivudine/Zidovudine,Generic,150/300mg,Tablet - FDC,"Aurobindo Unit III, India",11187,60,40761,435327.47,10.68,0.18,696.52,4221,17549.81,TRUE,10/29/07,10/29/07,,
110-ZM-T01,Pre-PQ Process,SO-572,DN-388,Zambia,PMO - US,From RDC,N/A - From RDC,N/A,ARV,Adult,SCMS from RDC,"Nevirapine 200mg, tablets, 60 Tabs",Nevirapine,Generic,200mg,Tablet,"Aurobindo Unit III, India",11188,60,52864,188724.48,3.57,0.06,301.96,5989,19590.04,TRUE,11/9/07,11/9/07,,
113-ZW-T01,Pre-PQ Process,SO-281,DN-392,Zimbabwe,PMO - US,From RDC,N/A - From RDC,N/A,ARV,Adult,SCMS from RDC,"Nevirapine 200mg, tablets, 60 Tabs",Nevirapine,Generic,200mg,Tablet,"Aurobindo Unit III, India",11189,60,500,1835,3.67,0.06,2.94,47,707.4,TRUE,10/22/07,10/22/07,,
112-NG-T01,Pre-PQ Process,SO-1224,DN-410,Nigeria,PMO - US,From RDC,N/A - From RDC,Air,ARV,Pediatric,SCMS from RDC,"Efavirenz 200mg, capsule, 90 Caps",Efavirenz,Generic,200mg,Capsule,"Aurobindo Unit III, India",11191,90,400,6400,16,0.18,10.24,38,1161.13,TRUE,12/4/07,12/4/07,,
111-MZ-T01,Pre-PQ Process,SO-992,DN-427,Mozambique,PMO - US,From RDC,N/A - From RDC,Air,ARV,Adult,SCMS from RDC,"Lamivudine/Stavudine 150/30mg, tablets, 30 Tabs",Lamivudine/Stavudine,Generic,150/30mg,Tablet - FDC,"Cipla, Goa, India",11192,30,24140,48280,2,0.07,77.25,1434,3682.34,TRUE,11/22/07,11/22/07,,
104-CI-T01,Pre-PQ Process,SO-1245,DN-423,Côte d'Ivoire,PMO - US,From RDC,N/A - From RDC,Air,ARV,Adult,SCMS from RDC,"Abacavir/Lamivudine/Zidovudine 300/150/300mg [Trizivir], tablets, 60 Tabs",Abacavir/Lamivudine/Zidovudine,Trizivir,300/150/300mg,Tablet - FDC,GSK Ware (UK),11194,60,3300,146850,44.5,0.74,234.96,2143,10137.04,TRUE,11/13/07,11/13/07,,
110-ZM-T01,Pre-PQ Process,SO-1317,DN-605,Zambia,PMO - US,From RDC,N/A - From RDC,Truck,ARV,Adult,SCMS from RDC,"Nevirapine 200mg, tablets, 60 Tabs",Nevirapine,Generic,200mg,Tablet,"Aurobindo Unit III, India",11195,60,9943,33806.2,3.4,0.06,54.09,,,FALSE,2/21/08,2/21/08,,
110-ZM-T01,Pre-PQ Process,SO-1419,DN-606,Zambia,PMO - US,From RDC,N/A - From RDC,Air,ARV,Pediatric,SCMS from RDC,"Efavirenz 200mg, capsule, 90 Caps",Efavirenz,Generic,200mg,Capsule,"Aurobindo Unit III, India",11196,90,900,14400,16,0.18,23.04,109,919.66,TRUE,2/20/08,2/20/08,,
111-MZ-T01,Pre-PQ Process,SO-1039,DN-603,Mozambique,PMO - US,From RDC,N/A - From RDC,Air,ARV,Adult,SCMS from RDC,"Lamivudine/Stavudine 150/30mg, tablets, 30 Tabs",Lamivudine/Stavudine,Generic,150/30mg,Tablet - FDC,"Cipla, Goa, India",11197,30,50000,100000,2,0.07,160,3584,8405.91,TRUE,4/8/08,4/8/08,,
114-UG-T01,Pre-PQ Process,SO-1300,DN-435,Uganda,PMO - US,From RDC,N/A - From RDC,Air,ARV,Adult,SCMS from RDC,"Lamivudine/Nevirapine/Zidovudine 150/200/300mg, tablets, 60 Tabs",Lamivudine/Nevirapine/Zidovudine,Generic,150/300/200mg,Tablet - FDC,"Aurobindo Unit III, India",11198,60,3930,80565,20.5,0.34,128.9,,,FALSE,12/10/07,12/10/07,,
104-CI-T01,Pre-PQ Process,SO-1145,DN-440,Côte d'Ivoire,PMO - US,From RDC,N/A - From RDC,Air,ARV,Adult,SCMS from RDC,"Stavudine 30mg, capsules, 60 Caps",Stavudine,Generic,30mg,Capsule,"Strides, Bangalore, India.",11200,60,14000,24500,1.75,0.03,39.2,989,3452,TRUE,11/29/07,11/29/07,,
104-CI-T01,Pre-PQ Process,SO-1145,DN-440,Côte d'Ivoire,PMO - US,From RDC,N/A - From RDC,Air,ARV,Adult,SCMS from RDC,"Stavudine 30mg, capsules, 60 Caps",Stavudine,Generic,30mg,Capsule,"Aurobindo Unit III, India",11201,60,3996,6993,1.75,0.03,11.19,,,FALSE,11/29/07,11/29/07,,
104-CI-T01,Pre-PQ Process,SO-1103,DN-442,Côte d'Ivoire,PMO - US,From RDC,N/A - From RDC,Air,ARV,Pediatric,SCMS from RDC,"Efavirenz 30mg/ml [Stocrin/Sustiva], oral solution, Bottle, 180 ml",Efavirenz,Stocrin/Sustiva,30mg/ml,Oral solution,"MSD, Haarlem, NL",11202,180,4077,69186.69,16.97,0.09,110.7,1554,4963,TRUE,11/22/07,11/22/07,,
106-HT-T01,Pre-PQ Process,SO-1288,DN-445,Haiti,PMO - US,From RDC,N/A - From RDC,Air,ARV,Pediatric,SCMS from RDC,"Efavirenz 50mg, capsule, 30 Caps",Efavirenz,Generic,50mg,Capsule,"Aurobindo Unit III, India",11203,30,100,224,2.24,0.07,0.36,,,FALSE,1/22/08,1/22/08,,
104-CI-T01,Pre-PQ Process,SO-604,DN-446,Côte d'Ivoire,PMO - US,From RDC,N/A - From RDC,Air,ARV,Adult,SCMS from RDC,"Abacavir/Lamivudine/Zidovudine 300/150/300mg [Trizivir], tablets, 60 Tabs",Abacavir/Lamivudine/Zidovudine,Trizivir,300/150/300mg,Tablet - FDC,GSK Ware (UK),11204,60,995,69650,70,1.17,111.44,219,1392,TRUE,11/30/07,11/30/07,,
104-CI-T01,Pre-PQ Process,SO-1298,DN-451,Côte d'Ivoire,PMO - US,From RDC,N/A - From RDC,Air,ARV,Adult,SCMS from RDC,"Lopinavir/Ritonavir 200/50mg [Aluvia], tablets, 120 Tabs",Lopinavir/Ritonavir,Aluvia,200/50mg,Tablet,ABBVIE (Abbott) Logis. UK,11205,120,993,40812.3,41.1,0.34,65.3,217,3499.1,TRUE,1/17/08,1/17/08,,
110-ZM-T01,Pre-PQ Process,SO-1084,DN-453,Zambia,PMO - US,From RDC,N/A - From RDC,N/A,ARV,Adult,SCMS from RDC,"Efavirenz 600mg, tablets, 30 Tabs",Efavirenz,Generic,600mg,Tablet,"Cipla, Goa, India",11206,30,96,1872,19.5,0.65,3,5,636.52,TRUE,12/6/07,12/6/07,,
110-ZM-T01,Pre-PQ Process,SO-1429,DN-470,Zambia,PMO - US,From RDC,N/A - From RDC,Air,ARV,Adult,SCMS from RDC,"Efavirenz 600mg, tablets, 30 Tabs",Efavirenz,Generic,600mg,Tablet,"Aurobindo Unit III, India",11207,30,84,1043.28,12.42,0.41,1.67,,,TRUE,11/26/07,11/26/07,,
112-NG-T01,Pre-PQ Process,SO-567,DN-475,Nigeria,PMO - US,From RDC,N/A - From RDC,Air,ARV,Adult,SCMS from RDC,"Lamivudine/Zidovudine 150/300mg, tablets, 60 Tabs",Lamivudine/Zidovudine,Generic,150/300mg,Tablet - FDC,"Aurobindo Unit III, India",11208,60,215,2296.2,10.68,0.18,3.67,,,FALSE,12/3/07,12/3/07,,
112-NG-T01,Pre-PQ Process,SO-567,DN-475,Nigeria,PMO - US,From RDC,N/A - From RDC,Air,ARV,Pediatric,SCMS from RDC,"Nevirapine 10mg/ml, oral suspension, Bottle, 240 ml",Nevirapine,Generic,10mg/ml,Oral suspension,"Aurobindo Unit III, India",11209,240,965,5983,6.2,0.03,9.57,,,FALSE,12/3/07,12/3/07,,
110-ZM-T01,Pre-PQ Process,SO-1362,DN-494,Zambia,PMO - US,From RDC,N/A - From RDC,N/A,ARV,Pediatric,SCMS from RDC,"Lopinavir/Ritonavir 80/20mg/ml [Kaletra], oral solution, cool, Bottle 5 x 60 ml",Lopinavir/Ritonavir,Kaletra,80/20mg/ml,Oral solution,ABBVIE (Abbott) Logis. UK,11210,300,630,25893,41.1,0.14,41.43,83,4522.03,TRUE,12/28/07,12/28/07,,
107-RW-T01,Pre-PQ Process,SO-1448,DN-500,Rwanda,PMO - US,From RDC,N/A - From RDC,Air,HRDT,HIV test,SCMS from RDC,"HIV 1/2, Determine HIV Kit, without Lancets, 100 Tests","HIV 1/2, Determine HIV Kit, without Lancets",Determine,N/A,Test kit,Inverness Japan,11213,100,405,29155.95,71.99,0.72,46.65,130,3187.18,TRUE,12/5/07,12/5/07,,
117-ET-T01,Pre-PQ Process,SO-1542,DN-529,Ethiopia,PMO - US,From RDC,N/A - From RDC,Air,ARV,Adult,SCMS from RDC,"Lamivudine/Zidovudine 150/300mg, tablets, 60 Tabs",Lamivudine/Zidovudine,Generic,150/300mg,Tablet - FDC,"Aurobindo Unit III, India",11217,60,9692,92074,9.5,0.16,147.32,1215,6346.22,TRUE,12/20/07,12/20/07,,
106-HT-T01,Pre-PQ Process,SO-1287,DN-614,Haiti,PMO - US,From RDC,N/A - From RDC,Air,ARV,Pediatric,SCMS from RDC,"Zidovudine 10mg/ml, oral solution, Bottle, 240 ml",Zidovudine,Generic,10mg/ml,Oral solution,"Aurobindo Unit III, India",11219,240,3000,6450,2.15,0.01,10.32,2584,26877.3,TRUE,3/4/08,2/21/08,,
112-NG-T01,Pre-PQ Process,SO-1570,DN-535,Nigeria,PMO - US,From RDC,N/A - From RDC,Air,ARV,Adult,SCMS from RDC,"Lamivudine/Nevirapine/Stavudine 150/200/30mg, tablets, 60 Tabs",Lamivudine/Nevirapine/Stavudine,Generic,150/200/30mg,Tablet - FDC,"Cipla, Goa, India",11222,60,2925,21645,7.4,0.12,34.63,,,FALSE,1/9/08,1/9/08,,
106-HT-T01,Pre-PQ Process,SO-1287,DN-614,Haiti,PMO - US,From RDC,N/A - From RDC,Air,ARV,Adult,SCMS from RDC,"Stavudine 15mg, capsules, 60 Caps",Stavudine,Generic,15mg,Capsule,"Aurobindo Unit III, India",11223,60,120,180,1.5,0.02,0.29,,,FALSE,3/4/08,2/21/08,,
104-CI-T01,Pre-PQ Process,SO-1104,DN-569,Côte d'Ivoire,PMO - US,From RDC,N/A - From RDC,Air,ARV,Adult,SCMS from RDC,"Lamivudine/Zidovudine 150/300mg, tablets, 60 Tabs",Lamivudine/Zidovudine,Generic,150/300mg,Tablet - FDC,"Aurobindo Unit III, India",11224,60,29593,281133.5,9.5,0.16,449.81,10877,30167,TRUE,1/29/08,1/29/08,,
107-RW-T01,Pre-PQ Process,SO-1682,DN-580,Rwanda,PMO - US,From RDC,N/A - From RDC,Air,ARV,Adult,SCMS from RDC,"Stavudine 30mg, capsules, 60 Caps",Stavudine,Generic,30mg,Capsule,"Aurobindo Unit III, India",11225,60,392,842.8,2.15,0.04,1.35,29,1372.38,TRUE,1/28/08,1/28/08,,
109-TZ-T01,Pre-PQ Process,SO-1647,DN-556,Tanzania,PMO - US,From RDC,N/A - From RDC,Air,ARV,Adult,SCMS from RDC,"Abacavir 300mg, tablets, 60 Tabs",Abacavir,Generic,300mg,Tablet,"Aurobindo Unit III, India",11226,60,1128,31053.84,27.53,0.46,49.69,,,FALSE,2/6/08,2/6/08,,
104-CI-T01,Pre-PQ Process,SO-793,DN-560,Côte d'Ivoire,PMO - US,From RDC,N/A - From RDC,N/A,HRDT,HIV test,SCMS from RDC,"#108853** HIV, Genie II HIV-1/HIV-2 Kit, 40 Tests","HIV, Genie II HIV-1/HIV-2 Kit",Genie,N/A,Test kit,Bio-Rad Laboratories,11227,40,710,53960,76,1.9,86.34,771,3256,TRUE,1/21/08,1/21/08,,
104-CI-T01,Pre-PQ Process,SO-1111,DN-565,Côte d'Ivoire,PMO - US,From RDC,N/A - From RDC,Air,ARV,Adult,SCMS from RDC,"Lopinavir/Ritonavir 200/50mg [Aluvia], tablets, 120 Tabs",Lopinavir/Ritonavir,Aluvia,200/50mg,Tablet,ABBVIE Ludwigshafen Germany,11228,120,12107,497597.7,41.1,0.34,796.16,2647,9307,TRUE,1/29/08,1/29/08,,
110-ZM-T01,Pre-PQ Process,SO-1189,DN-483,Zambia,PMO - US,From RDC,N/A - From RDC,Air,ARV,Adult,SCMS from RDC,"Efavirenz 600mg, tablets, 30 Tabs",Efavirenz,Generic,600mg,Tablet,Mylan (formerly Matrix) Nashik,11230,30,66667,828004.1,12.42,0.41,1324.81,5253,18856.33,TRUE,2/12/08,2/12/08,,
114-UG-T01,Pre-PQ Process,SO-1082,DN-589,Uganda,PMO - US,From RDC,N/A - From RDC,N/A,ARV,Adult,SCMS from RDC,"Lamivudine/Zidovudine 150/300mg, tablets, 60 Tabs",Lamivudine/Zidovudine,Generic,150/300mg,Tablet - FDC,"Aurobindo Unit III, India",11231,60,2883,27388.5,9.5,0.16,43.82,,,FALSE,2/28/08,2/28/08,,
113-ZW-T01,Pre-PQ Process,SO-1051,DN-708,Zimbabwe,PMO - US,From RDC,N/A - From RDC,Truck,HRDT,HIV test,SCMS from RDC,"HIV 1/2, Bioline 3.0 Kit, Lancets, Capillary pipets, Alcohol swabs included, 25 Tests","HIV 1/2, Bioline 3.0 Kit, Lancets, Capillary pipets, Alcohol swabs included",Bioline,N/A,Test kit,"Standard Diagnostics, Korea",11232,25,5693,113860,20,0.8,182.18,1740,8008.65,TRUE,4/21/08,4/21/08,,
106-HT-T01,Pre-PQ Process,SO-2058,DN-692,Haiti,PMO - US,From RDC,N/A - From RDC,Air,ARV,Adult,SCMS from RDC,"Lamivudine/Zidovudine 150/300mg, tablets, 60 Tabs",Lamivudine/Zidovudine,Generic,150/300mg,Tablet - FDC,"Aurobindo Unit III, India",11233,60,7558,71423.1,9.45,0.16,114.28,2166,20578.2,TRUE,4/3/08,4/3/08,,
106-HT-T01,Pre-PQ Process,SO-2046,DN-685,Haiti,PMO - US,From RDC,N/A - From RDC,Air,ARV,Adult,SCMS from RDC,"Efavirenz 600mg, tablets, 30 Tabs",Efavirenz,Generic,600mg,Tablet,"Aurobindo Unit III, India",11234,30,19740,237077.4,12.01,0.4,379.32,2941,31051.3,TRUE,3/31/08,3/31/08,,
109-TZ-T01,Pre-PQ Process,SO-2560,DN-826,Tanzania,PMO - US,From RDC,N/A - From RDC,Air,ARV,Adult,SCMS from RDC,"Lamivudine/Zidovudine 150/300mg, tablets, 60 Tabs",Lamivudine/Zidovudine,Generic,150/300mg,Tablet - FDC,"Aurobindo Unit III, India",11235,60,5809,54895.05,9.45,0.16,87.83,,,FALSE,7/29/08,7/29/08,,
102-GY-T01,Pre-PQ Process,SO-1004,DN-617,Guyana,PMO - US,From RDC,N/A - From RDC,N/A,HRDT,HIV test - Ancillary,SCMS from RDC,"HIV, Lancet, Safety, for HIV Test kits, 100 Pcs","HIV, Lancet, Safety, for HIV Test kits, 100 Pcs",Generic,N/A,Test kit - Ancillary,Inverness Japan,11236,100,152,1.52,0.01,0,0,45,798.59,TRUE,2/21/08,2/21/08,,
111-MZ-T01,Pre-PQ Process,SO-1310,DN-688,Mozambique,PMO - US,From RDC,N/A - From RDC,Air,ARV,Adult,SCMS from RDC,"Lamivudine/Nevirapine/Stavudine 150/200/30mg, tablets, 60 Tabs",Lamivudine/Nevirapine/Stavudine,Generic,150/200/30mg,Tablet - FDC,"Cipla, Goa, India",11238,60,90955,673067,7.4,0.12,1076.91,16579,8654.7,TRUE,6/30/08,6/30/08,,
112-NG-T01,Pre-PQ Process,SO-2726,DN-800,Nigeria,PMO - US,From RDC,N/A - From RDC,Air,ARV,Adult,SCMS from RDC,"Lopinavir/Ritonavir 200/50mg [Aluvia], tablets, 120 Tabs",Lopinavir/Ritonavir,Aluvia,200/50mg,Tablet,ABBVIE Ludwigshafen Germany,11239,120,84,3452.4,41.1,0.34,5.52,,,FALSE,6/19/08,6/19/08,,
112-NG-T01,Pre-PQ Process,SO-2726,DN-800,Nigeria,PMO - US,From RDC,N/A - From RDC,Air,ARV,Adult,SCMS from RDC,"Abacavir 300mg, tablets, 60 Tabs",Abacavir,Generic,300mg,Tablet,Mylan (formerly Matrix) Nashik,11240,60,4,105.2,26.3,0.44,0.17,,,FALSE,6/19/08,6/19/08,,
106-HT-T01,Pre-PQ Process,SO-2053,DN-744,Haiti,PMO - US,From RDC,N/A - From RDC,Air,ARV,Pediatric,SCMS from RDC,"Nevirapine 10mg/ml, oral suspension, Bottle, 240 ml",Nevirapine,Generic,10mg/ml,Oral suspension,"Aurobindo Unit III, India",11241,240,2112,4055.04,1.92,0.01,6.49,,,FALSE,6/2/08,6/2/08,,
110-ZM-T01,Pre-PQ Process,SO-1891,DN-676,Zambia,PMO - US,From RDC,N/A - From RDC,N/A,ARV,Adult,SCMS from RDC,"Nevirapine 200mg, tablets, 60 Tabs",Nevirapine,Generic,200mg,Tablet,"Ranbaxy, Paonta Shahib, India",11242,60,32358,110017.2,3.4,0.06,176.03,3146,13332,TRUE,4/1/08,4/1/08,,
112-NG-T01,Pre-PQ Process,SO-11220,DN-833,Nigeria,PMO - US,From RDC,N/A - From RDC,Air,ARV,Adult,SCMS from RDC,"Lamivudine 150mg, tablets, 60 Tabs",Lamivudine,Generic,150mg,Tablet,"Aurobindo Unit III, India",11243,60,2100,6090,2.9,0.05,9.74,153,1280.91,TRUE,7/16/08,7/16/08,,
123-NG-T01,Pre-PQ Process,SO-2553,DN-836,Nigeria,PMO - US,From RDC,N/A - From RDC,Air,ARV,Adult,SCMS from RDC,"Lamivudine/Zidovudine 150/300mg, tablets, 60 Tabs",Lamivudine/Zidovudine,Generic,150/300mg,Tablet - FDC,"Aurobindo Unit III, India",11244,60,14277,134917.66,9.45,0.16,215.87,2033,15307.62,TRUE,7/31/08,7/31/08,,
110-ZM-T01,Pre-PQ Process,SO-1880,DN-639,Zambia,PMO - US,From RDC,N/A - From RDC,Truck,ARV,Adult,SCMS from RDC,"Nevirapine 200mg, tablets, 60 Tabs",Nevirapine,Generic,200mg,Tablet,Hetero Unit III Hyderabad IN,11245,60,27662,94050.8,3.4,0.06,150.48,4128,6539.8,TRUE,3/14/08,3/14/08,,
125-HT-T01,Pre-PQ Process,SO-1291,DN-686,Haiti,PMO - US,From RDC,N/A - From RDC,Air,HRDT,HIV test,SCMS from RDC,"HIV 1/2, Determine HIV Kit, without Lancets, 100 Tests","HIV 1/2, Determine HIV Kit, without Lancets",Determine,N/A,Test kit,Inverness Japan,11246,100,10,720,72,0.72,1.15,,,FALSE,4/3/08,4/3/08,,
102-KE-T01,Pre-PQ Process,SO-1975,DN-675,Kenya,PMO - US,From RDC,N/A - From RDC,Truck,HRDT,HIV test,SCMS from RDC,"HIV 1/2, Determine HIV Kit, without Lancets, 100 Tests","HIV 1/2, Determine HIV Kit, without Lancets",Determine,N/A,Test kit,Inverness Japan,11247,100,1550,123984.5,79.99,0.8,198.38,,,TRUE,3/5/08,3/5/08,,
110-ZM-T01,Pre-PQ Process,SO-1893,DN-777,Zambia,PMO - US,From RDC,N/A - From RDC,Truck,ARV,Adult,SCMS from RDC,"Efavirenz 600mg, tablets, 30 Tabs",Efavirenz,Generic,600mg,Tablet,Mylan (formerly Matrix) Nashik,11248,30,50000,600500,12.01,0.4,960.8,3422,5936.99,TRUE,6/19/08,6/19/08,,
117-ET-T01,Pre-PQ Process,SO-1964,DN-659,Ethiopia,PMO - US,From RDC,N/A - From RDC,Air,ARV,Adult,SCMS from RDC,"Lamivudine 150mg, tablets, 60 Tabs",Lamivudine,Generic,150mg,Tablet,"Ranbaxy, Paonta Shahib, India",11249,60,14044,42693.76,3.04,0.05,68.31,732,2963.8,TRUE,3/12/08,3/12/08,,
104-CI-T01,Pre-PQ Process,SO-2705,DN-786,Côte d'Ivoire,PMO - US,From RDC,N/A - From RDC,Air,ARV,Pediatric,SCMS from RDC,"Efavirenz 200mg, capsule, 90 Caps",Efavirenz,Generic,200mg,Capsule,"Aurobindo Unit III, India",11250,90,3885,62160,16,0.18,99.46,467,6299.56,TRUE,6/27/08,6/27/08,,
102-KE-T01,Pre-PQ Process,SO-1390,DN-667,Kenya,PMO - US,From RDC,N/A - From RDC,Truck,HRDT,HIV test,SCMS from RDC,"HIV 1/2, Uni-Gold HIV Kit, 20 Tests","HIV 1/2, Uni-Gold HIV Kit",Uni-Gold,N/A,Test kit,"Trinity Biotech, Plc",11252,20,1200,38400,32,1.6,61.44,,,FALSE,3/26/08,3/26/08,,
111-MZ-T01,Pre-PQ Process,SO-2423,DN-810,Mozambique,PMO - US,From RDC,N/A - From RDC,Truck,ARV,Adult,SCMS from RDC,"Lamivudine/Nevirapine/Zidovudine 150/200/300mg, tablets, 60 Tabs",Lamivudine/Nevirapine/Zidovudine,Generic,150/300/200mg,Tablet - FDC,"Cipla, Goa, India",11257,60,16610,224235,13.5,0.22,358.78,2298,3733.57,TRUE,8/7/08,8/7/08,,
111-MZ-T01,Pre-PQ Process,SO-1615,DN-698,Mozambique,PMO - US,From RDC,N/A - From RDC,Air,ARV,Adult,SCMS from RDC,"Zidovudine 300mg, tablets, 60 Tabs",Zidovudine,Generic,300mg,Tablet,"Aurobindo Unit III, India",11258,60,3060,24939,8.15,0.14,39.9,,,FALSE,6/23/08,6/23/08,,
100-ZW-T01,Pre-PQ Process,SO-713,DN-687,Zimbabwe,PMO - US,From RDC,N/A - From RDC,Air,ARV,Adult,SCMS from RDC,"Efavirenz 600mg, tablets, 30 Tabs",Efavirenz,Generic,600mg,Tablet,Mylan (formerly Matrix) Nashik,11259,30,1233,15313.86,12.42,0.41,24.5,,,FALSE,3/30/08,3/30/08,,
130-NG-T01,Pre-PQ Process,SO-2501,DN-730,Nigeria,PMO - US,From RDC,N/A - From RDC,Air,ARV,Adult,SCMS from RDC,"Lamivudine/Zidovudine 150/300mg, tablets, 60 Tabs",Lamivudine/Zidovudine,Generic,150/300mg,Tablet - FDC,"Aurobindo Unit III, India",11260,60,1887,17832.15,9.45,0.16,28.53,273,2446.58,TRUE,5/26/08,5/26/08,,
130-NG-T01,Pre-PQ Process,SO-2501,DN-730,Nigeria,PMO - US,From RDC,N/A - From RDC,Air,ARV,Adult,SCMS from RDC,"Lamivudine/Stavudine 150/30mg, tablets, 30 Tabs",Lamivudine/Stavudine,Generic,150/30mg,Tablet - FDC,"Cipla, Goa, India",11261,30,1566,3132,2,0.07,5.01,,,FALSE,5/26/08,5/26/08,,
117-ET-T01,Pre-PQ Process,SO-1974,DN-703,Ethiopia,PMO - US,From RDC,N/A - From RDC,Air,ARV,Pediatric,SCMS from RDC,"Zidovudine 10mg/ml, oral solution, Bottle, 240 ml",Zidovudine,Generic,10mg/ml,Oral solution,"Aurobindo Unit III, India",11263,240,1846,3968.9,2.15,0.01,6.35,773,3472.55,TRUE,4/21/08,4/21/08,,
106-HT-T01,Pre-PQ Process,SO-2055,DN-690,Haiti,PMO - US,From RDC,N/A - From RDC,Air,ARV,Pediatric,SCMS from RDC,"Lamivudine 10mg/ml, oral solution, Bottle, 240 ml",Lamivudine,Generic,10mg/ml,Oral solution,"Aurobindo Unit III, India",11265,240,4338,8545.86,1.97,0.01,13.67,,,FALSE,4/14/08,4/14/08,,
113-ZW-T01,Pre-PQ Process,SO-1873,DN-773,Zimbabwe,PMO - US,From RDC,N/A - From RDC,Air,HRDT,HIV test,SCMS from RDC,"HIV 1/2, Determine HIV Kit, without Lancets, 100 Tests","HIV 1/2, Determine HIV Kit, without Lancets",Determine,N/A,Test kit,Inverness Japan,11267,100,550,39594.5,71.99,0.72,63.35,161,939.12,TRUE,6/17/08,6/17/08,,
113-ZW-T01,Pre-PQ Process,SO-1053,DN-774,Zimbabwe,PMO - US,From RDC,N/A - From RDC,Truck,HRDT,HIV test - Ancillary,SCMS from RDC,"HIV, Lancet, Safety, for HIV Test kits, 100 Pcs","HIV, Lancet, Safety, for HIV Test kits, 100 Pcs",Generic,N/A,Test kit - Ancillary,Inverness Japan,11268,100,1800,18,0.01,0,0.03,526,2185.82,TRUE,6/17/08,6/17/08,,
114-UG-T01,Pre-PQ Process,SO-2343,DN-816,Uganda,PMO - US,From RDC,N/A - From RDC,Air,ARV,Adult,SCMS from RDC,"Lamivudine/Nevirapine/Stavudine 150/200/30mg, tablets, 60 Tabs",Lamivudine/Nevirapine/Stavudine,Generic,150/200/30mg,Tablet - FDC,"Strides, Bangalore, India.",11269,60,2700,19980,7.4,0.12,31.97,199,1476.8,TRUE,8/21/08,8/21/08,,
114-UG-T01,Pre-PQ Process,SO-2344,DN-818,Uganda,PMO - US,From RDC,N/A - From RDC,Air,ARV,Adult,SCMS from RDC,"Lamivudine/Zidovudine 150/300mg, tablets, 60 Tabs",Lamivudine/Zidovudine,Generic,150/300mg,Tablet - FDC,"Aurobindo Unit III, India",11270,60,1350,12757.5,9.45,0.16,20.41,239,1277.22,TRUE,8/21/08,8/21/08,,
110-ZM-T01,Pre-PQ Process,SO-2549,DN-823,Zambia,PMO - US,From RDC,N/A - From RDC,Truck,ARV,Adult,SCMS from RDC,"Lamivudine/Nevirapine/Stavudine 150/200/30mg, tablets, 60 Tabs",Lamivudine/Nevirapine/Stavudine,Generic,150/200/30mg,Tablet - FDC,"Strides, Bangalore, India.",11271,60,60000,432000,7.2,0.12,691.2,12606,7053.51,TRUE,7/23/08,7/23/08,,
109-TZ-T01,Pre-PQ Process,SO-13300,DN-903,Tanzania,PMO - US,From RDC,N/A - From RDC,Truck,ARV,Adult,SCMS from RDC,"Lopinavir/Ritonavir 200/50mg [Aluvia], tablets, 120 Tabs",Lopinavir/Ritonavir,Aluvia,200/50mg,Tablet,ABBVIE Ludwigshafen Germany,11273,120,2580,106038,41.1,0.34,169.66,587,1146.27,TRUE,9/26/08,9/26/08,,
110-ZM-T01,Pre-PQ Process,SO-19410,DN-1028,Zambia,PMO - US,From RDC,N/A - From RDC,Truck,ARV,Adult,SCMS from RDC,"Zidovudine 300mg, tablets, 60 Tabs",Zidovudine,Generic,300mg,Tablet,"Aurobindo Unit III, India",11274,60,1294,10546.1,8.15,0.14,20.67,76,1062.5,TRUE,12/8/08,12/8/08,,
104-CI-T01,Pre-PQ Process,SO-19320,DN-1030,Côte d'Ivoire,PMO - US,From RDC,N/A - From RDC,Air,ARV,Adult,SCMS from RDC,"Lamivudine/Zidovudine 150/300mg, tablets, 60 Tabs",Lamivudine/Zidovudine,Generic,150/300mg,Tablet - FDC,"Aurobindo Unit III, India",11275,60,6786,63449.1,9.35,0.16,124.36,620,2739.3,TRUE,12/19/08,12/19/08,,
106-HT-T01,Pre-PQ Process,SO-15940,DN-997,Haiti,PMO - US,From RDC,N/A - From RDC,Air,ARV,Pediatric,SCMS from RDC,"Zidovudine 10mg/ml, oral solution, Bottle, 240 ml",Zidovudine,Generic,10mg/ml,Oral solution,"Aurobindo Unit III, India",11276,240,10000,21000,2.1,0.01,41.16,3720,43704.8,TRUE,11/17/08,11/17/08,,
104-CI-T01,Pre-PQ Process,SO-11851,DN-1007,Côte d'Ivoire,PMO - US,From RDC,N/A - From RDC,Air,ARV,Adult,SCMS from RDC,"Efavirenz 600mg, tablets, 30 Tabs",Efavirenz,Generic,600mg,Tablet,Mylan (formerly Matrix) Nashik,11277,30,2410,28245.2,11.72,0.39,55.36,182,1409.26,TRUE,11/21/08,11/21/08,,
123-NG-T01,Pre-PQ Process,SO-17680,DN-1010,Nigeria,PMO - US,From RDC,N/A - From RDC,Air,ARV,Adult,SCMS from RDC,"Lamivudine/Zidovudine 150/300mg, tablets, 60 Tabs",Lamivudine/Zidovudine,Generic,150/300mg,Tablet - FDC,"Aurobindo Unit III, India",11278,60,11569,109327.05,9.45,0.16,214.28,1072,8504.72,TRUE,11/26/08,11/26/08,,
100-PK-T01,Pre-PQ Process,SO-14930,DN-1004,Pakistan,PMO - US,From RDC,N/A - From RDC,Air,HRDT,HIV test,SCMS from RDC,"HIV 1/2, Uni-Gold HIV Kit, 20 Tests","HIV 1/2, Uni-Gold HIV Kit",Uni-Gold,N/A,Test kit,"Trinity Biotech, Plc",11280,20,25,800,32,1.6,1.57,19,851.24,TRUE,11/17/08,11/17/08,,
110-ZM-T01,Pre-PQ Process,SO-17621,DN-1111,Zambia,PMO - US,From RDC,N/A - From RDC,Air,ARV,Adult,SCMS from RDC,"Zidovudine 300mg, tablets, 60 Tabs",Zidovudine,Generic,300mg,Tablet,"Aurobindo Unit III, India",11281,60,10000,79000,7.9,0.13,154.84,581,3238,TRUE,3/2/09,3/2/09,,
112-NG-T01,Pre-PQ Process,SO-19430,DN-1063,Nigeria,PMO - US,From RDC,N/A - From RDC,Air,ARV,Adult,SCMS from RDC,"Abacavir 300mg, tablets, 60 Tabs",Abacavir,Generic,300mg,Tablet,"Aurobindo Unit III, India",11282,60,4,105.2,26.3,0.44,0.21,1,165,TRUE,2/9/09,2/9/09,,
131-NG-T01,Pre-PQ Process,SO-10820,DN-897,Nigeria,PMO - US,From RDC,N/A - From RDC,Air,ARV,Adult,SCMS from RDC,"Efavirenz 600mg, tablets, 30 Tabs",Efavirenz,Generic,600mg,Tablet,"Aurobindo Unit III, India",11283,30,12000,140640,11.72,0.39,225.02,,,FALSE,9/10/08,9/10/08,,
113-ZW-T01,Pre-PQ Process,SO-2503,DN-900,Zimbabwe,PMO - US,From RDC,N/A - From RDC,Truck,ARV,Adult,SCMS from RDC,"Efavirenz 600mg, tablets, 30 Tabs",Efavirenz,Generic,600mg,Tablet,"Aurobindo Unit III, India",11284,30,4000,48040,12.01,0.4,76.86,8481,30585.17,TRUE,9/12/08,9/12/08,,
113-ZW-T01,Pre-PQ Process,SO-11210,DN-857,Zimbabwe,PMO - US,From RDC,N/A - From RDC,Truck,ARV,Adult,SCMS from RDC,"Efavirenz 600mg, tablets, 30 Tabs",Efavirenz,Generic,600mg,Tablet,"Aurobindo Unit III, India",11286,30,4000,48040,12.01,0.4,76.86,342,1648.64,TRUE,7/26/08,7/26/08,,
114-UG-T01,Pre-PQ Process,SO-17430,DN-968,Uganda,PMO - US,From RDC,N/A - From RDC,Air,ARV,Adult,SCMS from RDC,"Lopinavir/Ritonavir 200/50mg [Aluvia], tablets, 120 Tabs",Lopinavir/Ritonavir,Aluvia,200/50mg,Tablet,ABBVIE Ludwigshafen Germany,11289,120,60,2466,41.1,0.34,4.83,547,2437.63,TRUE,12/9/08,12/9/08,,
104-CI-T01,Pre-PQ Process,SO-1690,DN-928,Côte d'Ivoire,PMO - US,From RDC,N/A - From RDC,Air,ARV,Adult,SCMS from RDC,"Tenofovir Disoproxil Fumarate 300mg, tablets, 30 Tabs",Tenofovir Disoproxil Fumarate,Generic,300mg,Tablet,Mylan (formerly Matrix) Nashik,11290,30,5547,94299,17,0.57,150.88,333,1793.11,TRUE,10/7/08,10/7/08,,
114-UG-T01,Pre-PQ Process,SO-17830,DN-990,Uganda,PMO - US,From RDC,N/A - From RDC,Air,ARV,Adult,SCMS from RDC,"Lamivudine/Zidovudine 150/300mg, tablets, 60 Tabs",Lamivudine/Zidovudine,Generic,150/300mg,Tablet - FDC,"Aurobindo Unit III, India",11291,60,1144,10696.4,9.35,0.16,20.96,,,FALSE,12/9/08,12/9/08,,
117-ET-T01,Pre-PQ Process,SO-22020,DN-1052,Ethiopia,PMO - US,From RDC,N/A - From RDC,Air,ARV,Adult,SCMS from RDC,"Lamivudine/Stavudine 150/30mg, tablets, 60 Tabs",Lamivudine/Stavudine,Generic,150/30mg,Tablet - FDC,Mylan (formerly Matrix) Nashik,11292,60,1044,3967.2,3.8,0.06,7.78,,,FALSE,3/3/09,3/3/09,,
109-TZ-T01,Pre-PQ Process,SO-18710,DN-1073,Tanzania,PMO - US,From RDC,N/A - From RDC,Truck,ARV,Pediatric,SCMS from RDC,"Abacavir 20mg/ml, oral solution, Bottle, 240 ml",Abacavir,Generic,20mg/ml,Oral solution,"Aurobindo Unit III, India",11293,240,4439,71689.85,16.15,0.07,140.51,1592,6708.25,TRUE,3/6/09,3/6/09,,
106-HT-T01,Pre-PQ Process,SO-23750,DN-1100,Haiti,PMO - US,From RDC,N/A - From RDC,Air,ARV,Pediatric,SCMS from RDC,"Efavirenz 200mg, capsule, 90 Caps",Efavirenz,Generic,200mg,Capsule,"Aurobindo Unit III, India",11294,90,210,3204.6,15.26,0.17,6.28,,,FALSE,3/3/09,3/3/09,,
114-UG-T01,Pre-PQ Process,SO-17753,DN-1084,Uganda,PMO - US,From RDC,N/A - From RDC,Air,ARV,Adult,SCMS from RDC,"Emtricitabine/Tenofovir Disoproxil Fumarate 200/300mg [Truvada], tablets, 30 Tabs",Emtricitabine/Tenofovir Disoproxil Fumarate,Truvada,300/200mg,Tablet - FDC,"Aspen-OSD, Port Elizabeth, SA",11295,30,382,10027.5,26.25,0.88,19.65,177,2151.27,TRUE,3/5/09,3/5/09,,
114-UG-T01,Pre-PQ Process,SO-17754,DN-1125,Uganda,PMO - US,From RDC,N/A - From RDC,Air,ARV,Adult,SCMS from RDC,"Emtricitabine/Tenofovir Disoproxil Fumarate 200/300mg [Truvada], tablets, 30 Tabs",Emtricitabine/Tenofovir Disoproxil Fumarate,Truvada,300/200mg,Tablet - FDC,"Aspen-OSD, Port Elizabeth, SA",11298,30,3014,79117.5,26.25,0.88,155.07,291,1755,TRUE,4/8/09,4/8/09,,
106-HT-T01,Pre-PQ Process,SO-15930,DN-944,Haiti,PMO - US,From RDC,N/A - From RDC,Air,ARV,Pediatric,SCMS from RDC,"Lamivudine 10mg/ml, oral solution, Bottle, 240 ml",Lamivudine,Generic,10mg/ml,Oral solution,"Aurobindo Unit III, India",11299,240,14405,27369.5,1.9,0.01,53.64,,,FALSE,11/4/08,11/4/08,,
123-NG-T01,Pre-PQ Process,SO-19060,DN-1058,Nigeria,PMO - US,From RDC,N/A - From RDC,Air,ARV,Adult,SCMS from RDC,"Lamivudine/Zidovudine 150/300mg, tablets, 60 Tabs",Lamivudine/Zidovudine,Generic,150/300mg,Tablet - FDC,"Aurobindo Unit III, India",11300,60,45000,420750,9.35,0.16,824.67,,,FALSE,1/19/09,1/19/09,,
102-KE-T01,Pre-PQ Process,SO-18000,DN-1103,Kenya,PMO - US,From RDC,N/A - From RDC,Truck,HRDT,HIV test,SCMS from RDC,"HIV 1/2, Uni-Gold HIV Kit, 20 Tests","HIV 1/2, Uni-Gold HIV Kit",Uni-Gold,N/A,Test kit,"Trinity Biotech, Plc",11301,20,750,24000,32,1.6,47.04,241,188,TRUE,2/11/09,2/11/09,,
114-UG-T01,Pre-PQ Process,SO-17710,DN-996,Uganda,PMO - US,From RDC,N/A - From RDC,Air,ARV,Adult,SCMS from RDC,"Lamivudine/Zidovudine 150/300mg, tablets, 60 Tabs",Lamivudine/Zidovudine,Generic,150/300mg,Tablet - FDC,"Aurobindo Unit III, India",11302,60,5377,50274.95,9.35,0.16,98.54,501,3266.38,TRUE,11/27/08,11/27/08,,
117-ET-T01,Pre-PQ Process,SO-22050,DN-1105,Ethiopia,PMO - US,From RDC,N/A - From RDC,Air,ARV,Adult,SCMS from RDC,"Lamivudine/Nevirapine/Zidovudine 150/200/300mg, tablets, 60 Tabs",Lamivudine/Nevirapine/Zidovudine,Generic,150/300/200mg,Tablet - FDC,Mylan (formerly Matrix) Nashik,11303,60,11188,132018.4,11.8,0.2,258.76,1435,9138,TRUE,3/20/09,3/20/09,,
111-MZ-T01,Pre-PQ Process,SO-11070,DN-931,Mozambique,PMO - US,From RDC,N/A - From RDC,Truck,ARV,Adult,SCMS from RDC,"Lamivudine/Nevirapine/Stavudine 150/200/30mg, tablets, 60 Tabs",Lamivudine/Nevirapine/Stavudine,Generic,150/200/30mg,Tablet - FDC,"Strides, Bangalore, India.",11304,60,125009,900064.8,7.2,0.12,1440.1,7910,1012.43,TRUE,11/14/08,11/14/08,,
130-NG-T01,Pre-PQ Process,SO-10600,DN-918,Nigeria,PMO - US,From RDC,N/A - From RDC,Air,ARV,Adult,SCMS from RDC,"Lamivudine/Stavudine 150/30mg, tablets, 60 Tabs",Lamivudine/Stavudine,Generic,150/30mg,Tablet - FDC,Mylan (formerly Matrix) Nashik,11305,60,969,3779.1,3.9,0.06,6.05,71,1181.41,TRUE,10/2/08,10/2/08,,
112-NG-T01,Pre-PQ Process,SO-13470,DN-1079,Nigeria,PMO - US,From RDC,N/A - From RDC,Air,ARV,Adult,SCMS from RDC,"Efavirenz 600mg, tablets, 30 Tabs",Efavirenz,Generic,600mg,Tablet,"Aurobindo Unit III, India",11306,30,2063,24178.36,11.72,0.39,47.39,176,3680.33,TRUE,2/16/09,2/16/09,,
104-CI-T01,Pre-PQ Process,SO-16181,DN-1019,Côte d'Ivoire,PMO - US,From RDC,N/A - From RDC,Air,ARV,Pediatric,SCMS from RDC,"Zidovudine 10mg/ml, oral solution, Bottle, 240 ml",Zidovudine,Generic,10mg/ml,Oral solution,"Aurobindo Unit III, India",11307,240,5800,12180,2.1,0.01,23.87,2177,5127.91,TRUE,11/27/08,11/27/08,,
114-UG-T01,Pre-PQ Process,SO-2676,DN-915,Uganda,PMO - US,From RDC,N/A - From RDC,Air,ARV,Adult,SCMS from RDC,"Lopinavir/Ritonavir 200/50mg [Aluvia], tablets, 120 Tabs",Lopinavir/Ritonavir,Aluvia,200/50mg,Tablet,ABBVIE Ludwigshafen Germany,11309,120,80,3288,41.1,0.34,5.26,18,418.75,TRUE,10/8/08,10/8/08,,
107-RW-T01,Pre-PQ Process,SO-27280,DN-1167,Rwanda,PMO - US,From RDC,N/A - From RDC,Air,ARV,Adult,SCMS from RDC,"Lamivudine 150mg, tablets, 60 Tabs",Lamivudine,Generic,150mg,Tablet,"Aurobindo Unit III, India",11310,60,6385,15579.4,2.44,0.04,30.54,327,1762.5,TRUE,4/9/09,4/9/09,,
127-KE-T01,Pre-PQ Process,SO-29010,DN-1193,Kenya,PMO - US,From RDC,N/A - From RDC,Truck,ARV,Pediatric,SCMS from RDC,"Efavirenz 30mg/ml [Stocrin/Sustiva], oral solution, Bottle, 180 ml",Efavirenz,Stocrin/Sustiva,30mg/ml,Oral solution,"MSD, Haarlem, NL",11312,180,3930,39.3,0.01,0,0.08,,,TRUE,4/23/09,4/23/09,,
151-NG-T01,Pre-PQ Process,SO-22526,DN-1201,Nigeria,PMO - US,From RDC,N/A - From RDC,Air Charter,ARV,Adult,SCMS from RDC,"Lamivudine/Nevirapine/Zidovudine 150/200/300mg, tablets, 60 Tabs",Lamivudine/Nevirapine/Zidovudine,Generic,150/300/200mg,Tablet - FDC,"Aurobindo Unit III, India",11313,60,53671,611849.4,11.4,0.19,1199.22,6024,15128.37,TRUE,5/8/09,5/8/09,,
106-HT-T01,Pre-PQ Process,SO-24830,DN-1205,Haiti,PMO - US,From RDC,N/A - From RDC,Air,ARV,Pediatric,SCMS from RDC,"Efavirenz 200mg, capsule, 90 Caps",Efavirenz,Generic,200mg,Capsule,"Aurobindo Unit III, India",11314,90,420,6409.2,15.26,0.17,12.56,199,3133.23,TRUE,5/19/09,5/19/09,,
151-NG-T01,Pre-PQ Process,SO-22528,DN-1210,Nigeria,PMO - US,From RDC,N/A - From RDC,Air,ARV,Adult,SCMS from RDC,"Lamivudine/Nevirapine/Zidovudine 150/200/300mg, tablets, 60 Tabs",Lamivudine/Nevirapine/Zidovudine,Generic,150/300/200mg,Tablet - FDC,"Aurobindo Unit III, India",11315,60,16698,190357.2,11.4,0.19,373.1,1901,18638.84,TRUE,5/14/09,5/14/09,,
151-NG-T01,Pre-PQ Process,SO-22529,DN-1211,Nigeria,PMO - US,From RDC,N/A - From RDC,Air,ARV,Adult,SCMS from RDC,"Lamivudine/Nevirapine/Zidovudine 150/200/300mg, tablets, 60 Tabs",Lamivudine/Nevirapine/Zidovudine,Generic,150/300/200mg,Tablet - FDC,"Aurobindo Unit III, India",11316,60,9483,108106.2,11.4,0.19,211.89,1079,10823.52,TRUE,5/14/09,5/14/09,,
114-UG-T01,Pre-PQ Process,SO-26140,DN-1222,Uganda,PMO - US,From RDC,N/A - From RDC,Air,ARV,Adult,SCMS from RDC,"Efavirenz 600mg, tablets, 30 Tabs",Efavirenz,Generic,600mg,Tablet,Mylan (formerly Matrix) Nashik,11317,30,867,8427.24,9.72,0.32,16.52,76,1954.23,TRUE,6/24/09,6/24/09,,
111-MZ-T01,Pre-PQ Process,SO-30440,DN-1231,Mozambique,PMO - US,From RDC,N/A - From RDC,Truck,ARV,Adult,SCMS from RDC,"Efavirenz 600mg, tablets, 30 Tabs",Efavirenz,Generic,600mg,Tablet,Mylan (formerly Matrix) Nashik,11318,30,19400,188568,9.72,0.32,369.59,,,FALSE,6/28/09,6/28/09,,
114-UG-T01,Pre-PQ Process,SO-30100,DN-1232,Uganda,PMO - US,From RDC,N/A - From RDC,Air,ARV,Adult,SCMS from RDC,"Emtricitabine/Tenofovir Disoproxil Fumarate 200/300mg [Truvada], tablets, 30 Tabs",Emtricitabine/Tenofovir Disoproxil Fumarate,Truvada,300/200mg,Tablet - FDC,"Aspen-OSD, Port Elizabeth, SA",11319,30,90,2362.5,26.25,0.88,4.63,,,FALSE,6/1/09,6/1/09,,
111-MZ-T01,Pre-PQ Process,SO-30140,DN-1233,Mozambique,PMO - US,From RDC,N/A - From RDC,Air,ARV,Adult,SCMS from RDC,"Lamivudine/Nevirapine/Zidovudine 150/200/300mg, tablets, 60 Tabs",Lamivudine/Nevirapine/Zidovudine,Generic,150/300/200mg,Tablet - FDC,Mylan (formerly Matrix) Nashik,11320,60,7044,83119.2,11.8,0.2,162.91,,,TRUE,6/16/09,6/16/09,,
100-GH-T01,Pre-PQ Process,SO-30700,DN-1235,Ghana,PMO - US,From RDC,N/A - From RDC,Truck,ARV,Pediatric,SCMS from RDC,"Didanosine 100mg, chewable/dispersible tablets, 60 Tabs",Didanosine,Generic,100mg,Chewable/dispersible tablet,"Aurobindo Unit III, India",11321,60,888,8.88,0.01,0,0.02,,,FALSE,8/12/09,8/12/09,,
110-ZM-T01,Pre-PQ Process,SO-30920,DN-1241,Zambia,PMO - US,From RDC,N/A - From RDC,Truck,ARV,Adult,SCMS from RDC,"Efavirenz 600mg, tablets, 30 Tabs",Efavirenz,Generic,600mg,Tablet,Mylan (formerly Matrix) Nashik,11322,30,107180,857440,8,0.27,1680.58,7995,,TRUE,6/10/09,6/10/09,,
110-ZM-T01,Pre-PQ Process,SO-30300,DN-1250,Zambia,PMO - US,From RDC,N/A - From RDC,Truck,ARV,Adult,SCMS from RDC,"Abacavir 300mg, tablets, 60 Tabs",Abacavir,Generic,300mg,Tablet,Mylan (formerly Matrix) Nashik,11326,60,4594,116917.3,25.45,0.42,229.16,,,FALSE,6/15/09,6/15/09,,
110-ZM-T01,Pre-PQ Process,SO-30300,DN-1250,Zambia,PMO - US,From RDC,N/A - From RDC,Truck,ARV,Adult,SCMS from RDC,"Lamivudine/Nevirapine/Stavudine 150/200/30mg, tablets, 60 Tabs",Lamivudine/Nevirapine/Stavudine,Generic,150/200/30mg,Tablet - FDC,"Cipla, Goa, India",11327,60,95000,676400,7.12,0.12,1325.74,,,FALSE,6/15/09,6/15/09,,
126-NG-T01,Pre-PQ Process,SO-26270,DN-1277,Nigeria,PMO - US,From RDC,N/A - From RDC,Air Charter,ARV,Adult,SCMS from RDC,"Lamivudine/Tenofovir Disoproxil Fumarate 300/300mg, tablets, 30 Tabs",Lamivudine/Tenofovir Disoproxil Fumarate,Generic,300/300mg,Tablet - FDC,Mylan (formerly Matrix) Nashik,11331,30,11000,126500,11.5,0.38,247.94,966,7329.83,TRUE,6/16/09,6/16/09,,
113-ZW-T01,Pre-PQ Process,SO-21010,DN-1289,Zimbabwe,PMO - US,From RDC,N/A - From RDC,Truck,ARV,Adult,SCMS from RDC,"Lamivudine/Nevirapine/Stavudine 150/200/30mg, tablets, 60 Tabs",Lamivudine/Nevirapine/Stavudine,Generic,150/200/30mg,Tablet - FDC,"Cipla, Goa, India",11332,60,76000,541120,7.12,0.12,1060.6,8955,14958.2,TRUE,6/22/09,6/22/09,,
123-NG-T01,Pre-PQ Process,SO-24483,DN-1295,Nigeria,PMO - US,From RDC,N/A - From RDC,Air Charter,ARV,Adult,SCMS from RDC,"Lamivudine/Nevirapine/Stavudine 150/200/30mg, tablets, 60 Tabs",Lamivudine/Nevirapine/Stavudine,Generic,150/200/30mg,Tablet - FDC,"Strides, Bangalore, India.",11333,60,40000,284800,7.12,0.12,558.21,2970,7329.83,TRUE,6/16/09,6/16/09,,
104-CI-T01,Pre-PQ Process,SO-27540,DN-1315,Côte d'Ivoire,PMO - US,From RDC,N/A - From RDC,Air,ARV,Adult,SCMS from RDC,"Tenofovir Disoproxil Fumarate 300mg, tablets, 30 Tabs",Tenofovir Disoproxil Fumarate,Generic,300mg,Tablet,Mylan (formerly Matrix) Nashik,11336,30,6000,79680,13.28,0.44,156.17,,,FALSE,7/14/09,7/14/09,,
119-NA-T01,Pre-PQ Process,SO-30450,DN-1316,Namibia,PMO - US,From RDC,N/A - From RDC,Truck,ARV,Adult,SCMS from RDC,"Lamivudine/Tenofovir Disoproxil Fumarate 300/300mg, tablets, 30 Tabs",Lamivudine/Tenofovir Disoproxil Fumarate,Generic,300/300mg,Tablet - FDC,Mylan (formerly Matrix) Nashik,11337,30,25000,250000,10,0.33,490,2068,8502.12,TRUE,7/16/09,7/16/09,,
104-CI-T01,Pre-PQ Process,SO-32250,DN-1335,Côte d'Ivoire,PMO - US,From RDC,N/A - From RDC,Air,ARV,Adult,SCMS from RDC,"Lamivudine/Stavudine 150/30mg, tablets, 60 Tabs",Lamivudine/Stavudine,Generic,150/30mg,Tablet - FDC,Mylan (formerly Matrix) Nashik,11338,60,9560,36328,3.8,0.06,71.2,722,2787.55,TRUE,7/16/09,7/16/09,,
104-CI-T01,Pre-PQ Process,SO-32250,DN-1335,Côte d'Ivoire,PMO - US,From RDC,N/A - From RDC,Air,ARV,Adult,SCMS from RDC,"Stavudine 15mg, capsules, 60 Caps",Stavudine,Generic,15mg,Capsule,"Aurobindo Unit III, India",11339,60,296,444,1.5,0.02,0.87,,,FALSE,7/16/09,7/16/09,,
151-NG-T01,Pre-PQ Process,SO-32641,DN-1343,Nigeria,PMO - US,From RDC,N/A - From RDC,Air Charter,ARV,Adult,SCMS from RDC,"Lamivudine/Nevirapine/Zidovudine 150/200/300mg, tablets, 60 Tabs",Lamivudine/Nevirapine/Zidovudine,Generic,150/300/200mg,Tablet - FDC,"Aurobindo Unit III, India",11340,60,26550,302670,11.4,0.19,593.23,2991,7445.8,TRUE,8/4/09,8/4/09,,
151-NG-T01,Pre-PQ Process,SO-32643,DN-1345,Nigeria,PMO - US,From RDC,N/A - From RDC,Air Charter,ARV,Adult,SCMS from RDC,"Lamivudine/Nevirapine/Zidovudine 150/200/300mg, tablets, 60 Tabs",Lamivudine/Nevirapine/Zidovudine,Generic,150/300/200mg,Tablet - FDC,"Aurobindo Unit III, India",11341,60,41948,478207.2,11.4,0.19,937.29,4724,7445.8,TRUE,8/4/09,8/4/09,,
151-NG-T01,Pre-PQ Process,SO-27812,DN-1347,Nigeria,PMO - US,From RDC,N/A - From RDC,Air Charter,ARV,Adult,SCMS from RDC,"Emtricitabine/Tenofovir Disoproxil Fumarate 200/300mg [Truvada], tablets, 30 Tabs",Emtricitabine/Tenofovir Disoproxil Fumarate,Truvada,300/200mg,Tablet - FDC,"Aspen-OSD, Port Elizabeth, SA",11342,30,240,6300,26.25,0.88,12.35,21,7445.8,TRUE,8/4/09,8/4/09,,
151-NG-T01,Pre-PQ Process,SO-27813,DN-1348,Nigeria,PMO - US,From RDC,N/A - From RDC,Air Charter,ARV,Adult,SCMS from RDC,"Emtricitabine/Tenofovir Disoproxil Fumarate 200/300mg [Truvada], tablets, 30 Tabs",Emtricitabine/Tenofovir Disoproxil Fumarate,Truvada,300/200mg,Tablet - FDC,"Aspen-OSD, Port Elizabeth, SA",11343,30,662,17377.5,26.25,0.88,34.06,58,7445.8,TRUE,8/4/09,8/4/09,,
104-CI-T01,Pre-PQ Process,SO-27532,DN-1354,Côte d'Ivoire,PMO - US,From RDC,N/A - From RDC,Air,ARV,Adult,SCMS from RDC,"Efavirenz 600mg, tablets, 30 Tabs",Efavirenz,Generic,600mg,Tablet,"Aurobindo Unit III, India",11344,30,5010,48697.2,9.72,0.32,95.45,434,1854.88,TRUE,8/11/09,8/11/09,,
104-CI-T01,Pre-PQ Process,SO-32230,DN-1359,Côte d'Ivoire,PMO - US,From RDC,N/A - From RDC,Air,ARV,Adult,SCMS from RDC,"Zidovudine 300mg, tablets, 60 Tabs",Zidovudine,Generic,300mg,Tablet,Hetero Unit III Hyderabad IN,11345,60,8000,60240,7.53,0.13,118.07,452,,TRUE,9/8/09,9/8/09,,
151-NG-T01,Pre-PQ Process,SO-27817,DN-1367,Nigeria,PMO - US,From RDC,N/A - From RDC,Air Charter,ARV,Adult,SCMS from RDC,"Emtricitabine/Tenofovir Disoproxil Fumarate 200/300mg [Truvada], tablets, 30 Tabs",Emtricitabine/Tenofovir Disoproxil Fumarate,Truvada,300/200mg,Tablet - FDC,"Aspen-OSD, Port Elizabeth, SA",11346,30,8462,222127.5,26.25,0.88,435.37,1225,7445.71,TRUE,8/4/09,8/4/09,,
111-MZ-T01,Pre-PQ Process,SO-26423,DN-1379,Mozambique,PMO - US,From RDC,N/A - From RDC,Truck,ARV,Adult,SCMS from RDC,"Lamivudine 150mg, tablets, 60 Tabs",Lamivudine,Generic,150mg,Tablet,"Aurobindo Unit III, India",11348,60,374,912.56,2.44,0.04,1.79,18,1799.88,TRUE,8/27/09,9/17/09,,
111-MZ-T01,Pre-PQ Process,SO-32560,DN-1395,Mozambique,PMO - US,From RDC,N/A - From RDC,Truck,ARV,Adult,SCMS from RDC,"Efavirenz 600mg, tablets, 30 Tabs",Efavirenz,Generic,600mg,Tablet,"Aurobindo Unit III, India",11350,30,8438,82017.36,9.72,0.32,160.75,1404,1588.05,TRUE,10/7/09,10/7/09,,
111-MZ-T01,Pre-PQ Process,SO-32560,DN-1395,Mozambique,PMO - US,From RDC,N/A - From RDC,Truck,ARV,Adult,SCMS from RDC,"Efavirenz 600mg, tablets, 30 Tabs",Efavirenz,Generic,600mg,Tablet,Mylan (formerly Matrix) Nashik,11351,30,8662,84194.64,9.72,0.32,165.02,,,FALSE,10/7/09,10/7/09,,
113-ZW-T01,Pre-PQ Process,SO-21020,DN-1411,Zimbabwe,PMO - US,From RDC,N/A - From RDC,Truck,ARV,Adult,SCMS from RDC,"Efavirenz 600mg, tablets, 30 Tabs",Efavirenz,Generic,600mg,Tablet,"Aurobindo Unit III, India",11352,30,4000,42480,10.62,0.35,83.26,9020,14958.2,TRUE,9/22/09,9/22/09,,
151-NG-T01,Pre-PQ Process,SO-33334,DN-1438,Nigeria,PMO - US,From RDC,N/A - From RDC,Air Charter,ARV,Adult,SCMS from RDC,"Lamivudine/Nevirapine/Zidovudine 150/200/300mg, tablets, 60 Tabs",Lamivudine/Nevirapine/Zidovudine,Generic,150/300/200mg,Tablet - FDC,"Aurobindo Unit III, India",11353,60,60930,694602,11.4,0.19,1361.42,6862,9341.49,TRUE,10/20/09,10/20/09,,
151-NG-T01,Pre-PQ Process,SO-27822,DN-1441,Nigeria,PMO - US,From RDC,N/A - From RDC,Air Charter,ARV,Adult,SCMS from RDC,"Emtricitabine/Tenofovir Disoproxil Fumarate 200/300mg, tablets, 30 Tabs",Emtricitabine/Tenofovir Disoproxil Fumarate,Generic,200/300mg,Tablet - FDC,Mylan (formerly Matrix) Nashik,11354,30,25000,293750,11.75,0.39,575.75,2023,9341.49,TRUE,10/20/09,10/20/09,,
110-ZM-T01,Pre-PQ Process,SO-33022,DN-1463,Zambia,PMO - US,From RDC,N/A - From RDC,Truck,ARV,Adult,SCMS from RDC,"Lamivudine/Zidovudine 150/300mg, tablets, 60 Tabs",Lamivudine/Zidovudine,Generic,150/300mg,Tablet - FDC,"Aurobindo Unit III, India",11356,60,40000,350400,8.76,0.15,686.78,3626,4997.47,TRUE,10/13/09,10/13/09,,
106-HT-T01,Pre-PQ Process,SO-32720,DN-1466,Haiti,PMO - US,From RDC,N/A - From RDC,Air,ARV,Adult,SCMS from RDC,"Lamivudine/Zidovudine 150/300mg, tablets, 60 Tabs",Lamivudine/Zidovudine,Generic,150/300mg,Tablet - FDC,"Aurobindo Unit III, India",11357,60,59952,525179.5,8.76,0.15,1029.35,6967,75688.58,TRUE,10/21/09,10/21/09,,
100-GH-T01,Pre-PQ Process,SO-33650,DN-1473,Ghana,PMO - US,From RDC,N/A - From RDC,Truck,ARV,Pediatric,SCMS from RDC,"Lopinavir/Ritonavir 80/20mg/ml [Kaletra], oral solution, cool, Bottle 5 x 60 ml",Lopinavir/Ritonavir,Kaletra,80/20mg/ml,Oral solution,ABBVIE (Abbott) Logis. UK,11358,300,129,1.29,0.01,0,0,,,TRUE,9/30/09,8/12/09,,
109-TZ-T01,Pre-PQ Process,SO-31284,DN-1565,Tanzania,PMO - US,From RDC,N/A - From RDC,Truck,ARV,Adult,SCMS from RDC,"Abacavir 300mg, tablets, 60 Tabs",Abacavir,Generic,300mg,Tablet,"Aurobindo Unit III, India",11361,60,6376,136573.92,21.42,0.36,294.45,640,2751,TRUE,1/14/10,1/14/10,,
107-RW-T01,Pre-PQ Process,SO-308,DN-25,Rwanda,PMO - US,From RDC,N/A - From RDC,Air,ARV,Adult,SCMS from RDC,"Tenofovir Disoproxil Fumarate 300mg [Viread], tablets, 30 Tabs",Tenofovir Disoproxil Fumarate,Viread,300mg,Tablet,Gilead(Nycomed) Oranienburg DE,11367,30,4000,68000,17,0.57,,256,12205.4,TRUE,3/17/07,3/17/07,,
100-CI-T01,Pre-PQ Process,SO-373,DN-30,Côte d'Ivoire,PMO - US,From RDC,N/A - From RDC,N/A,ARV,Adult,SCMS from RDC,"Indinavir 400mg [Crixivan], capsules, 180 Caps",Indinavir,Crixivan,400mg,Capsule,MSD Elkton USA,11368,180,370,18248.4,49.32,0.27,,,,FALSE,3/15/07,3/15/07,,
100-CI-T01,Pre-PQ Process,SO-373,DN-30,Côte d'Ivoire,PMO - US,From RDC,N/A - From RDC,N/A,ARV,Adult,SCMS from RDC,"Abacavir 300mg, tablets, 60 Tabs",Abacavir,Generic,300mg,Tablet,"Aurobindo Unit III, India",11369,60,33,1453.65,44.05,0.73,,,,FALSE,3/15/07,3/15/07,,
110-ZM-T01,Pre-PQ Process,SO-233,DN-40,Zambia,PMO - US,From RDC,N/A - From RDC,N/A,HRDT,HIV test,SCMS from RDC,"HIV 1/2, Bioline 3.0 Kit, Lancets, Capillary pipets, Alcohol swabs included, 25 Tests","HIV 1/2, Bioline 3.0 Kit, Lancets, Capillary pipets, Alcohol swabs included",Bioline,N/A,Test kit,"Standard Diagnostics, Korea",11370,25,561,11220,20,0.8,,191,1200.12,TRUE,4/2/07,4/2/07,,
112-NG-T01,Pre-PQ Process,SO-341,DN-93,Nigeria,PMO - US,From RDC,N/A - From RDC,N/A,ARV,Adult,SCMS from RDC,"Lamivudine/Zidovudine+Nevirapine 150/300+200mg, tablets, co-blister, 60+60 Tabs",Lamivudine/Zidovudine+Nevirapine,Generic,150/300+200mg,Tablet - FDC + co-blister,"Aspen-OSD, Port Elizabeth, SA",11372,120,2703,55411.5,20.5,0.17,,,,FALSE,4/17/07,4/17/07,,
100-CI-T01,Pre-PQ Process,SO-397,DN-54,Côte d'Ivoire,PMO - US,From RDC,N/A - From RDC,N/A,ARV,Adult,SCMS from RDC,"Efavirenz 600mg, tablets, 30 Tabs",Efavirenz,Generic,600mg,Tablet,"Aurobindo Unit III, India",11373,30,4500,73125,16.25,0.54,,410,1931,TRUE,5/4/07,5/4/07,,
100-CI-T01,Pre-PQ Process,SO-286,DN-71,Côte d'Ivoire,PMO - US,From RDC,N/A - From RDC,N/A,ARV,Adult,SCMS from RDC,"Indinavir 400mg [Crixivan], capsules, 180 Caps",Indinavir,Crixivan,400mg,Capsule,MSD Elkton USA,11374,180,740,36496.8,49.32,0.27,,206,1583,TRUE,4/30/07,4/30/07,,
109-TZ-T01,Pre-PQ Process,SO-422,DN-127,Tanzania,PMO - US,From RDC,N/A - From RDC,Air,ARV,Adult,SCMS from RDC,"Lamivudine/Zidovudine 150/300mg, tablets, 60 Tabs",Lamivudine/Zidovudine,Generic,150/300mg,Tablet - FDC,"Aurobindo Unit III, India",11376,60,28512,304508.16,10.68,0.18,,2630,13820.4,TRUE,6/6/07,6/6/07,,
113-ZW-T01,Pre-PQ Process,SO-223,DN-92,Zimbabwe,PMO - US,From RDC,N/A - From RDC,N/A,ARV,Adult,SCMS from RDC,"Zidovudine 300mg, tablets, 60 Tabs",Zidovudine,Generic,300mg,Tablet,"Ranbaxy, Paonta Shahib, India",11377,60,421,4113.17,9.77,0.16,,25,516.84,TRUE,4/18/07,4/18/07,,
112-NG-T01,Pre-PQ Process,SO-329,DN-132,Nigeria,PMO - US,From RDC,N/A - From RDC,N/A,ARV,Pediatric,SCMS from RDC,"Nevirapine 10mg/ml, oral suspension, Bottle, 240 ml",Nevirapine,Generic,10mg/ml,Oral suspension,"Aurobindo Unit III, India",11378,240,1181,4133.5,3.5,0.01,,,,FALSE,5/23/07,5/23/07,,
110-ZM-T01,Pre-PQ Process,SO-536,DN-136,Zambia,PMO - US,From RDC,N/A - From RDC,Air,HRDT,HIV test,SCMS from RDC,"HIV 1/2, Bioline 3.0 Kit, Lancets, Capillary pipets, Alcohol swabs included, 25 Tests","HIV 1/2, Bioline 3.0 Kit, Lancets, Capillary pipets, Alcohol swabs included",Bioline,N/A,Test kit,"Standard Diagnostics, Korea",11379,25,452,9040,20,0.8,,,1250.72,TRUE,5/21/07,5/21/07,,
107-RW-T01,Pre-PQ Process,SO-396,DN-43,Rwanda,PMO - US,From RDC,N/A - From RDC,Air,ARV,Adult,SCMS from RDC,"Tenofovir Disoproxil Fumarate 300mg [Viread], tablets, 30 Tabs",Tenofovir Disoproxil Fumarate,Viread,300mg,Tablet,Gilead(Nycomed) Oranienburg DE,11381,30,4000,68000,17,0.57,,265,11931,TRUE,3/17/07,3/17/07,,
110-ZM-T01,Pre-PQ Process,SO-206,DN-69,Zambia,PMO - US,From RDC,N/A - From RDC,N/A,ARV,Adult,SCMS from RDC,"Abacavir 300mg, tablets, 60 Tabs",Abacavir,Generic,300mg,Tablet,"Aurobindo Unit III, India",11383,60,5000,177500,35.5,0.59,,239,1684.15,TRUE,4/20/07,4/20/07,,
107-RW-T01,Pre-PQ Process,SO-481,DN-100,Rwanda,PMO - US,From RDC,N/A - From RDC,Air,ARV,Adult,SCMS from RDC,"Stavudine 30mg, capsules, 60 Caps",Stavudine,Generic,30mg,Capsule,"Strides, Bangalore, India.",11384,60,117,188.37,1.61,0.03,,,,FALSE,5/14/07,5/14/07,,
107-RW-T01,Pre-PQ Process,SO-481,DN-100,Rwanda,PMO - US,From RDC,N/A - From RDC,Air,ARV,Adult,SCMS from RDC,"Stavudine 40mg, capsules, 60 Caps",Stavudine,Generic,40mg,Capsule,"Strides, Bangalore, India.",11385,60,306,651.78,2.13,0.04,,,,FALSE,5/14/07,5/14/07,,
100-CI-T01,Pre-PQ Process,SO-438,DN-80,Côte d'Ivoire,PMO - US,From RDC,N/A - From RDC,N/A,ARV,Adult,SCMS from RDC,"Lamivudine/Nevirapine/Stavudine 150/200/30mg, tablets, 60 Tabs",Lamivudine/Nevirapine/Stavudine,Generic,150/200/30mg,Tablet - FDC,"Cipla, Goa, India",11386,60,9000,67500,7.5,0.12,,974,3166,TRUE,4/30/07,4/30/07,,
104-CI-T01,Pre-PQ Process,SO-585,DN-193,Côte d'Ivoire,PMO - US,From RDC,N/A - From RDC,N/A,ARV,Adult,SCMS from RDC,"Stavudine 15mg, capsules, 60 Caps",Stavudine,Generic,15mg,Capsule,"Aurobindo Unit III, India",11387,60,401,862.15,2.15,0.04,1.38,235,1619,TRUE,6/28/07,6/28/07,,
104-CI-T01,Pre-PQ Process,SO-594,DN-198,Côte d'Ivoire,PMO - US,From RDC,N/A - From RDC,N/A,ARV,Adult,SCMS from RDC,"Abacavir 300mg, tablets, 60 Tabs",Abacavir,Generic,300mg,Tablet,"Aurobindo Unit III, India",11390,60,957,34260.6,35.8,0.6,54.82,95,1448,TRUE,6/25/07,6/25/07,,
104-CI-T01,Pre-PQ Process,SO-519,DN-199,Côte d'Ivoire,PMO - US,From RDC,N/A - From RDC,N/A,ARV,Pediatric,SCMS from RDC,"Zidovudine 10mg/ml, oral solution, Bottle, 240 ml",Zidovudine,Generic,10mg/ml,Oral solution,"Aurobindo Unit III, India",11391,240,4316,17048.2,3.95,0.02,27.28,6634,15561,TRUE,7/5/07,7/5/07,,
110-ZM-T01,Pre-PQ Process,SO-498,DN-182,Zambia,PMO - US,From RDC,N/A - From RDC,N/A,ARV,Adult,SCMS from RDC,"Efavirenz 600mg, tablets, 30 Tabs",Efavirenz,Generic,600mg,Tablet,"Aurobindo Unit III, India",11393,30,25874,420711.25,16.26,0.54,,,,FALSE,6/14/07,6/14/07,,
110-ZM-T01,Pre-PQ Process,SO-479,DN-186,Zambia,PMO - US,From RDC,N/A - From RDC,N/A,ARV,Pediatric,SCMS from RDC,"Efavirenz 50mg [Stocrin/Sustiva], capsule, 30 Caps",Efavirenz,Stocrin/Sustiva,50mg,Capsule,"MSD Manati, Puerto Rico, (USA)",11394,30,570,1977.9,3.47,0.12,,26,505.17,TRUE,6/12/07,6/12/07,,
110-ZM-T01,Pre-PQ Process,SO-623,DN-204,Zambia,PMO - US,From RDC,N/A - From RDC,N/A,ARV,Adult,SCMS from RDC,"Lopinavir/Ritonavir 200/50mg [Aluvia], tablets, 120 Tabs",Lopinavir/Ritonavir,Aluvia,200/50mg,Tablet,ABBVIE Ludwigshafen Germany,11395,120,2820,115902,41.1,0.34,185.44,614,2880.35,TRUE,6/20/07,6/20/07,,
104-CI-T01,Pre-PQ Process,SO-517,DN-160,Côte d'Ivoire,PMO - US,From RDC,N/A - From RDC,N/A,ARV,Adult,SCMS from RDC,"Lamivudine/Nevirapine/Stavudine 150/200/30mg, tablets, 60 Tabs",Lamivudine/Nevirapine/Stavudine,Generic,150/200/30mg,Tablet - FDC,"Cipla, Goa, India",11397,60,8347,62602.5,7.5,0.12,,1313,3908,TRUE,6/15/07,6/15/07,,
104-CI-T01,Pre-PQ Process,SO-517,DN-160,Côte d'Ivoire,PMO - US,From RDC,N/A - From RDC,N/A,ARV,Adult,SCMS from RDC,"Saquinavir 200mg [Invirase], capsules, 270 Caps",Saquinavir,Invirase,200mg,Capsule,Roche Basel,11398,270,638,50172.32,78.64,0.29,,,,FALSE,6/15/07,6/15/07,,
107-RW-T01,Pre-PQ Process,SO-240,DN-150,Rwanda,PMO - US,From RDC,N/A - From RDC,Air,HRDT,HIV test,SCMS from RDC,"HIV 1/2/O, First Response HIV 1-2.0, v.3.0 Cards Kit, 30 Tests","HIV 1/2/O, First Response HIV 1-2.0, v.3.0 Cards Kit",First Response,N/A,Test kit,Premier Med. Corp Ltd. India,11401,30,2000,42000,21,0.7,,,2805.51,TRUE,5/22/07,5/22/07,,
107-RW-T01,Pre-PQ Process,SO-240,DN-150,Rwanda,PMO - US,From RDC,N/A - From RDC,Air,HRDT,HIV test,SCMS from RDC,"HIV 1/2, Capillus HIV Kit, 100 Tests","HIV 1/2, Capillus HIV Kit",Capillus,N/A,Test kit,"Trinity Biotech, Plc",11402,100,60,8340,139,1.39,,,,FALSE,5/22/07,5/22/07,,
117-ET-T01,Pre-PQ Process,SO-582,DN-157,Ethiopia,PMO - US,From RDC,N/A - From RDC,N/A,HRDT,HIV test,SCMS from RDC,"HIV 1/2, Capillus HIV Kit, 100 Tests","HIV 1/2, Capillus HIV Kit",Capillus,N/A,Test kit,"Trinity Biotech, Plc",11403,100,200,27800,139,1.39,,213,2129.46,TRUE,5/24/07,5/24/07,,
110-ZM-T01,Pre-PQ Process,SO-230,DN-165,Zambia,PMO - US,From RDC,N/A - From RDC,N/A,ARV,Adult,SCMS from RDC,"Nevirapine 200mg, tablets, 60 Tabs",Nevirapine,Generic,200mg,Tablet,"Aurobindo Unit III, India",11404,60,33333,122332.11,3.67,0.06,,3118,,TRUE,6/5/07,6/5/07,,
104-CI-T01,Pre-PQ Process,SO-652,DN-244,Côte d'Ivoire,PMO - US,From RDC,N/A - From RDC,N/A,ARV,Adult,SCMS from RDC,"Lopinavir/Ritonavir 200/50mg [Aluvia], tablets, 120 Tabs",Lopinavir/Ritonavir,Aluvia,200/50mg,Tablet,ABBVIE Ludwigshafen Germany,11407,120,1110,45621,41.1,0.34,72.99,222,1603,TRUE,7/20/07,7/20/07,,
107-RW-T01,Pre-PQ Process,SO-827,DN-277,Rwanda,PMO - US,From RDC,N/A - From RDC,Air,HRDT,HIV test,SCMS from RDC,"HIV 1/2, Determine Complete HIV Kit, 100 Tests","HIV 1/2, Determine Complete HIV Kit",Determine,N/A,Test kit,ABBVIE GmbH & Co.KG Wiesbaden,11408,100,850,68000,80,0.8,108.8,195,4613.67,TRUE,8/6/07,8/6/07,,
111-MZ-T01,Pre-PQ Process,SO-577,DN-279,Mozambique,PMO - US,From RDC,N/A - From RDC,Air,ARV,Pediatric,SCMS from RDC,"Efavirenz 50mg, capsule, 30 Caps",Efavirenz,Generic,50mg,Capsule,"Aurobindo Unit III, India",11409,30,570,1949.4,3.42,0.11,3.12,35,364.51,TRUE,9/21/07,9/21/07,,
104-CI-T01,Pre-PQ Process,SO-788,DN-255,Côte d'Ivoire,PMO - US,From RDC,N/A - From RDC,N/A,HRDT,HIV test,SCMS from RDC,"HIV 1/2, Determine Complete HIV Kit, 100 Tests","HIV 1/2, Determine Complete HIV Kit",Determine,N/A,Test kit,ABBVIE GmbH & Co.KG Wiesbaden,11411,100,79,6320,80,0.8,10.11,27,286.76,TRUE,7/31/07,7/31/07,,
111-MZ-T01,Pre-PQ Process,SO-502,DN-282,Mozambique,PMO - US,From RDC,N/A - From RDC,Air,ARV,Adult,SCMS from RDC,"Ritonavir 100mg [Norvir], capsules, cool, 4 x 84 Caps",Ritonavir,Norvir,100mg,Capsule,ABBVIE (Abbott) Logis. UK,11412,336,140,5370.4,38.36,0.11,8.59,,,FALSE,10/10/07,10/10/07,,
109-TZ-T01,Pre-PQ Process,SO-645,DN-216,Tanzania,PMO - US,From RDC,N/A - From RDC,N/A,HRDT,HIV test,SCMS from RDC,"HIV 1/2, Bioline 3.0 Kit, Lancets, Capillary pipets, Alcohol swabs included, 25 Tests","HIV 1/2, Bioline 3.0 Kit, Lancets, Capillary pipets, Alcohol swabs included",Bioline,N/A,Test kit,"Standard Diagnostics, Korea",11417,25,6452,129040,20,0.8,206.46,2334,9343.18,TRUE,7/18/07,7/18/07,,
111-MZ-T01,Pre-PQ Process,SO-695,DN-214,Mozambique,PMO - US,From RDC,N/A - From RDC,Air,ARV,Adult,SCMS from RDC,"Lopinavir/Ritonavir 200/50mg [Aluvia], tablets, 120 Tabs",Lopinavir/Ritonavir,Aluvia,200/50mg,Tablet,ABBVIE Ludwigshafen Germany,11418,120,4000,164400,41.1,0.34,263.04,870,1149.57,TRUE,7/18/07,7/18/07,,
104-CI-T01,Pre-PQ Process,SO-590,DN-220,Côte d'Ivoire,PMO - US,From RDC,N/A - From RDC,N/A,ARV,Adult,SCMS from RDC,"Lamivudine/Nevirapine/Stavudine 150/200/30mg, tablets, 60 Tabs",Lamivudine/Nevirapine/Stavudine,Generic,150/200/30mg,Tablet - FDC,"Cipla, Goa, India",11419,60,209,1567.5,7.5,0.12,2.51,,,FALSE,7/18/07,7/18/07,,
104-CI-T01,Pre-PQ Process,SO-522,DN-240,Côte d'Ivoire,PMO - US,From RDC,N/A - From RDC,N/A,ARV,Adult,SCMS from RDC,"Saquinavir 200mg [Invirase], capsules, 270 Caps",Saquinavir,Invirase,200mg,Capsule,Roche Basel,11420,270,575,45218,78.64,0.29,72.35,,,FALSE,7/16/07,7/16/07,,
113-ZW-T01,Pre-PQ Process,SO-416,DN-252,Zimbabwe,PMO - US,From RDC,N/A - From RDC,N/A,ARV,Adult,SCMS from RDC,"Efavirenz 600mg, tablets, 30 Tabs",Efavirenz,Generic,600mg,Tablet,"Aurobindo Unit III, India",11424,30,3200,52032,16.26,0.54,83.25,280,1300.45,TRUE,7/30/07,7/30/07,,
111-MZ-T01,Pre-PQ Process,SO-499,DN-258,Mozambique,PMO - US,From RDC,N/A - From RDC,Air,ARV,Pediatric,SCMS from RDC,"Efavirenz 200mg, capsule, 90 Caps",Efavirenz,Generic,200mg,Capsule,"Aurobindo Unit III, India",11425,90,422,7152.9,16.95,0.19,11.44,514,740.43,TRUE,8/15/07,8/15/07,,
104-CI-T01,Pre-PQ Process,SO-523,DN-260,Côte d'Ivoire,PMO - US,From RDC,N/A - From RDC,N/A,ARV,Adult,SCMS from RDC,"Abacavir/Lamivudine/Zidovudine 300/150/300mg [Trizivir], tablets, 60 Tabs",Abacavir/Lamivudine/Zidovudine,Trizivir,300/150/300mg,Tablet - FDC,GSK Ware (UK),11426,60,400,28000,70,1.17,44.8,2270,6889,TRUE,8/3/07,8/3/07,,
114-UG-T01,Pre-PQ Process,SO-895,DN-298,Uganda,PMO - US,From RDC,N/A - From RDC,Air,ARV,Adult,SCMS from RDC,"Stavudine 30mg, capsules, 60 Caps",Stavudine,Generic,30mg,Capsule,"Strides, Bangalore, India.",11430,60,1000,1520,1.52,0.03,2.43,,,FALSE,8/27/07,8/27/07,,
104-CI-T01,Pre-PQ Process,SO-631,DN-306,Côte d'Ivoire,PMO - US,From RDC,N/A - From RDC,N/A,ARV,Adult,SCMS from RDC,"Ritonavir 100mg [Norvir], capsules, cool, 4 x 84 Caps",Ritonavir,Norvir,100mg,Capsule,ABBVIE (Abbott) France,11431,336,1025,39319,38.36,0.11,62.91,1436,5911.5,TRUE,8/17/07,8/17/07,,
111-MZ-T01,Pre-PQ Process,SO-925,DN-307,Mozambique,PMO - US,From RDC,N/A - From RDC,Air,ARV,Adult,SCMS from RDC,"Lamivudine/Zidovudine 150/300mg, tablets, 60 Tabs",Lamivudine/Zidovudine,Generic,150/300mg,Tablet - FDC,"Aurobindo Unit III, India",11432,60,10800,102600,9.5,0.16,164.16,1020,1998.5,TRUE,9/4/07,9/4/07,,
111-MZ-T01,Pre-PQ Process,SO-927,DN-308,Mozambique,PMO - US,From RDC,N/A - From RDC,Air,ARV,Adult,SCMS from RDC,"Stavudine 30mg, capsules, 60 Caps",Stavudine,Generic,30mg,Capsule,"Aurobindo Unit III, India",11433,60,630,957.6,1.52,0.03,1.53,36,1998.5,TRUE,9/4/07,9/4/07,,
110-ZM-T01,Pre-PQ Process,SO-942,DN-309,Zambia,PMO - US,From RDC,N/A - From RDC,Air,ARV,Pediatric,SCMS from RDC,"Nevirapine 10mg/ml, oral suspension, Bottle, 240 ml",Nevirapine,Generic,10mg/ml,Oral suspension,"Aurobindo Unit III, India",11434,240,10624,65868.8,6.2,0.03,105.39,3785,13116,TRUE,8/21/07,8/21/07,,
104-CI-T01,Pre-PQ Process,SO-959,DN-320,Côte d'Ivoire,PMO - US,From RDC,N/A - From RDC,N/A,ARV,Adult,SCMS from RDC,"Indinavir 400mg [Crixivan], capsules, 180 Caps",Indinavir,Crixivan,400mg,Capsule,MSD Elkton USA,11435,180,7839,391950,50,0.28,627.12,,,FALSE,8/30/07,8/30/07,,
104-CI-T01,Pre-PQ Process,SO-959,DN-320,Côte d'Ivoire,PMO - US,From RDC,N/A - From RDC,N/A,ARV,Adult,SCMS from RDC,"Lopinavir/Ritonavir 200/50mg [Aluvia], tablets, 120 Tabs",Lopinavir/Ritonavir,Aluvia,200/50mg,Tablet,ABBVIE Ludwigshafen Germany,11436,120,726,29838.6,41.1,0.34,47.74,,,FALSE,8/30/07,8/30/07,,
110-ZM-T01,Pre-PQ Process,SO-627,DN-340,Zambia,PMO - US,From RDC,N/A - From RDC,N/A,ARV,Pediatric,SCMS from RDC,"Lopinavir/Ritonavir 80/20mg/ml [Kaletra], oral solution, cool, Bottle 5 x 60 ml",Lopinavir/Ritonavir,Kaletra,80/20mg/ml,Oral solution,ABBVIE (Abbott) Logis. UK,11450,300,665,27331.5,41.1,0.14,43.73,603,2839.2,TRUE,9/14/07,9/14/07,,
111-MZ-T01,Pre-PQ Process,SO-924,DN-344,Mozambique,PMO - US,From RDC,N/A - From RDC,Air,ARV,Adult,SCMS from RDC,"Lamivudine/Stavudine 150/30mg, tablets, 30 Tabs",Lamivudine/Stavudine,Generic,150/30mg,Tablet - FDC,"Cipla, Goa, India",11452,30,70000,140000,2,0.07,224,,,FALSE,10/5/07,10/5/07,,
117-ET-T01,Pre-PQ Process,SO-914,DN-332,Ethiopia,PMO - US,From RDC,N/A - From RDC,N/A,ARV,Adult,SCMS from RDC,"Lamivudine 150mg, tablets, 60 Tabs",Lamivudine,Generic,150mg,Tablet,"Aurobindo Unit III, India",11454,60,15960,48518.4,3.04,0.05,77.63,,,FALSE,9/4/07,9/4/07,,
110-ZM-T01,Pre-PQ Process,SO-1072,DN-353,Zambia,PMO - US,From RDC,N/A - From RDC,N/A,ARV,Pediatric,SCMS from RDC,"Stavudine 1mg/ml, powder for oral solution, 200 ml",Stavudine,Generic,1mg/ml,Oral solution,"Aurobindo Unit III, India",11456,200,9050,13122.5,1.45,0.01,21,1084,5181,TRUE,9/14/07,9/14/07,,
110-ZM-T01,Pre-PQ Process,SO-978,DN-397,Zambia,PMO - US,From RDC,N/A - From RDC,N/A,ARV,Adult,SCMS from RDC,"Efavirenz 600mg, tablets, 30 Tabs",Efavirenz,Generic,600mg,Tablet,"Aurobindo Unit III, India",11458,30,44135,548156.7,12.42,0.41,877.05,4082,13484.72,TRUE,11/26/07,11/26/07,,
112-NG-T01,Pre-PQ Process,SO-565,DN-373,Nigeria,PMO - US,From RDC,N/A - From RDC,Air,ARV,Adult,SCMS from RDC,"Lamivudine/Zidovudine 150/300mg, tablets, 60 Tabs",Lamivudine/Zidovudine,Generic,150/300mg,Tablet - FDC,"Aurobindo Unit III, India",11462,60,229,2445.72,10.68,0.18,3.91,,,FALSE,9/20/07,9/20/07,,
111-MZ-T01,Pre-PQ Process,SO-1110,DN-375,Mozambique,PMO - US,From RDC,N/A - From RDC,Air,HRDT,HIV test,SCMS from RDC,"HIV 1/2, Determine Complete HIV Kit, 100 Tests","HIV 1/2, Determine Complete HIV Kit",Determine,N/A,Test kit,ABBVIE GmbH & Co.KG Wiesbaden,11464,100,4000,288000,72,0.72,460.8,2526,1871.05,TRUE,10/31/07,10/31/07,,
110-ZM-T01,Pre-PQ Process,SO-1073,DN-371,Zambia,PMO - US,From RDC,N/A - From RDC,N/A,ARV,Pediatric,SCMS from RDC,"Stavudine 1mg/ml, powder for oral solution, 200 ml",Stavudine,Generic,1mg/ml,Oral solution,"Aurobindo Unit III, India",11472,200,2950,4277.5,1.45,0.01,6.84,267,3094,TRUE,9/21/07,9/21/07,,
104-CI-T01,Pre-PQ Process,SO-1113,DN-385,Côte d'Ivoire,PMO - US,From RDC,N/A - From RDC,Air,HRDT,HIV test - Ancillary,SCMS from RDC,"HIV, Lancet, Safety, for HIV Test kits, 100 Pcs","HIV, Lancet, Safety, for HIV Test kits, 100 Pcs",Generic,N/A,Test kit - Ancillary,Inverness Japan,11473,100,595,5.95,0.01,0,0.01,,,FALSE,10/22/07,10/22/07,,
100-ZW-T01,Pre-PQ Process,SO-706,DN-401,Zimbabwe,PMO - US,From RDC,N/A - From RDC,Air,ARV,Adult,SCMS from RDC,"Efavirenz 600mg, tablets, 30 Tabs",Efavirenz,Generic,600mg,Tablet,"Cipla, Goa, India",11474,30,1860,23101.2,12.42,0.41,36.96,4256,5145.86,TRUE,11/25/07,11/25/07,,
100-ZW-T01,Pre-PQ Process,SO-706,DN-401,Zimbabwe,PMO - US,From RDC,N/A - From RDC,Air,ARV,Adult,SCMS from RDC,"Lamivudine/Nevirapine/Stavudine 150/200/30mg, tablets, 60 Tabs",Lamivudine/Nevirapine/Stavudine,Generic,150/200/30mg,Tablet - FDC,"Cipla, Goa, India",11475,60,15000,111000,7.4,0.12,177.6,,,FALSE,11/25/07,11/25/07,,
112-NG-T01,Pre-PQ Process,SO-1225,DN-411,Nigeria,PMO - US,From RDC,N/A - From RDC,Air,ARV,Adult,SCMS from RDC,"Lamivudine/Zidovudine 150/300mg, tablets, 60 Tabs",Lamivudine/Zidovudine,Generic,150/300mg,Tablet - FDC,"Aurobindo Unit III, India",11476,60,1200,23400,19.5,0.32,37.44,,,FALSE,11/1/07,11/1/07,,
111-MZ-T01,Pre-PQ Process,SO-1038,DN-426,Mozambique,PMO - US,From RDC,N/A - From RDC,Air,ARV,Adult,SCMS from RDC,"Abacavir/Lamivudine/Zidovudine 300/150/300mg [Trizivir], tablets, 60 Tabs",Abacavir/Lamivudine/Zidovudine,Trizivir,300/150/300mg,Tablet - FDC,GSK Ware (UK),11477,60,900,63000,70,1.17,100.8,,,FALSE,11/29/07,11/29/07,,
111-MZ-T01,Pre-PQ Process,SO-945,DN-413,Mozambique,PMO - US,From RDC,N/A - From RDC,Air,HRDT,HIV test,SCMS from RDC,"HIV 1/2, Uni-Gold HIV Kit, 20 Tests","HIV 1/2, Uni-Gold HIV Kit",Uni-Gold,N/A,Test kit,"Trinity Biotech, Plc",11478,20,4500,144000,32,1.6,230.4,1482,1566.19,TRUE,11/12/07,11/12/07,,
110-ZM-T01,Pre-PQ Process,SO-1363,DN-607,Zambia,PMO - US,From RDC,N/A - From RDC,Air,ARV,Adult,SCMS from RDC,"Lamivudine/Zidovudine 150/300mg, tablets, 60 Tabs",Lamivudine/Zidovudine,Generic,150/300mg,Tablet - FDC,"Aurobindo Unit III, India",11479,60,27681,262969.5,9.5,0.16,420.75,2581,19832.46,TRUE,2/26/08,2/26/08,,
104-CI-T01,Pre-PQ Process,SO-1546,DN-609,Côte d'Ivoire,PMO - US,From RDC,N/A - From RDC,Air,ARV,Adult,SCMS from RDC,"Efavirenz 600mg, tablets, 30 Tabs",Efavirenz,Generic,600mg,Tablet,"Aurobindo Unit III, India",11480,30,24561,294977.62,12.01,0.4,471.96,7191,12349.51,TRUE,2/19/08,2/19/08,,
104-CI-T01,Pre-PQ Process,SO-1546,DN-609,Côte d'Ivoire,PMO - US,From RDC,N/A - From RDC,Air,ARV,Adult,SCMS from RDC,"Efavirenz 600mg, tablets, 30 Tabs",Efavirenz,Generic,600mg,Tablet,"Strides, Bangalore, India.",11481,30,37039,444838.38,12.01,0.4,711.74,,,FALSE,2/19/08,2/19/08,,
104-CI-T01,Pre-PQ Process,SO-1101,DN-434,Côte d'Ivoire,PMO - US,From RDC,N/A - From RDC,Air,ARV,Pediatric,SCMS from RDC,"Efavirenz 30mg/ml [Stocrin/Sustiva], oral solution, Bottle, 180 ml",Efavirenz,Stocrin/Sustiva,30mg/ml,Oral solution,"MSD, Haarlem, NL",11483,180,3027,28756.5,9.5,0.05,46.01,9248,25563,TRUE,11/22/07,11/22/07,,
104-CI-T01,Pre-PQ Process,SO-1101,DN-434,Côte d'Ivoire,PMO - US,From RDC,N/A - From RDC,Air,ARV,Adult,SCMS from RDC,"Abacavir/Lamivudine/Zidovudine 300/150/300mg [Trizivir], tablets, 60 Tabs",Abacavir/Lamivudine/Zidovudine,Trizivir,300/150/300mg,Tablet - FDC,GSK Ware (UK),11484,60,1873,83348.5,44.5,0.74,133.36,,,FALSE,11/22/07,11/22/07,,
110-ZM-T01,Pre-PQ Process,SO-1186,DN-447,Zambia,PMO - US,From RDC,N/A - From RDC,N/A,ARV,Adult,SCMS from RDC,"Emtricitabine/Tenofovir Disoproxil Fumarate 200/300mg [Truvada], tablets, 30 Tabs",Emtricitabine/Tenofovir Disoproxil Fumarate,Truvada,300/200mg,Tablet - FDC,"Aspen-OSD, Port Elizabeth, SA",11485,30,17994,472342.5,26.25,0.88,755.75,1620,6785.1,TRUE,11/26/07,11/26/07,,
104-CI-T01,Pre-PQ Process,SO-1306,DN-441,Côte d'Ivoire,PMO - US,From RDC,N/A - From RDC,Air,ARV,Adult,SCMS from RDC,"Lamivudine 150mg, tablets, 60 Tabs",Lamivudine,Generic,150mg,Tablet,"Aurobindo Unit III, India",11490,60,70000,212800,3.04,0.05,340.48,3681,10666,TRUE,11/29/07,11/29/07,,
104-CI-T01,Pre-PQ Process,SO-1143,DN-443,Côte d'Ivoire,PMO - US,From RDC,N/A - From RDC,Air,ARV,Adult,SCMS from RDC,"Nevirapine 200mg, tablets, 60 Tabs",Nevirapine,Generic,200mg,Tablet,"Aurobindo Unit III, India",11491,60,13141,44679.4,3.4,0.06,71.49,1271,10722.75,TRUE,12/14/07,12/14/07,,
125-HT-T01,Pre-PQ Process,SO-1290,DN-444,Haiti,PMO - US,From RDC,N/A - From RDC,Air,HRDT,HIV test,SCMS from RDC,"HIV 1/2, Determine HIV Kit, without Lancets, 100 Tests","HIV 1/2, Determine HIV Kit, without Lancets",Determine,N/A,Test kit,Inverness Japan,11492,100,25,1800,72,0.72,2.88,,,FALSE,12/31/07,12/31/07,,
104-CI-T01,Pre-PQ Process,SO-1298,DN-451,Côte d'Ivoire,PMO - US,From RDC,N/A - From RDC,Air,ARV,Adult,SCMS from RDC,"Lopinavir/Ritonavir 200/50mg [Aluvia], tablets, 120 Tabs",Lopinavir/Ritonavir,Aluvia,200/50mg,Tablet,ABBVIE (Abbott) Logis. UK,11493,120,4,164.4,41.1,0.34,0.26,,,FALSE,1/17/08,1/17/08,,
112-NG-T01,Pre-PQ Process,SO-567,DN-475,Nigeria,PMO - US,From RDC,N/A - From RDC,Air,ARV,Adult,SCMS from RDC,"Nevirapine 200mg, tablets, 60 Tabs",Nevirapine,Generic,200mg,Tablet,"Aurobindo Unit III, India",11494,60,628,2241.96,3.57,0.06,3.59,,,FALSE,12/3/07,12/3/07,,
112-NG-T01,Pre-PQ Process,SO-567,DN-475,Nigeria,PMO - US,From RDC,N/A - From RDC,Air,ARV,Pediatric,SCMS from RDC,"Zidovudine 10mg/ml, oral solution, Bottle, 240 ml",Zidovudine,Generic,10mg/ml,Oral solution,"Aurobindo Unit III, India",11495,240,1752,6920.4,3.95,0.02,11.07,,,FALSE,12/3/07,12/3/07,,
110-ZM-T01,Pre-PQ Process,SO-755,DN-482,Zambia,PMO - US,From RDC,N/A - From RDC,N/A,ARV,Pediatric,SCMS from RDC,"Abacavir 20mg/ml, oral solution, Bottle, 240 ml",Abacavir,Generic,20mg/ml,Oral solution,"Aurobindo Unit III, India",11496,240,2091,34501.5,16.5,0.07,55.2,9386,33363.16,TRUE,2/22/08,2/22/08,,
110-ZM-T01,Pre-PQ Process,SO-1032,DN-485,Zambia,PMO - US,From RDC,N/A - From RDC,N/A,ARV,Adult,SCMS from RDC,"Efavirenz 600mg, tablets, 30 Tabs",Efavirenz,Generic,600mg,Tablet,Mylan (formerly Matrix) Nashik,11497,30,44135,548156.7,12.42,0.41,877.05,3454,12492,TRUE,1/8/08,1/8/08,,
119-NA-T01,Pre-PQ Process,SO-1418,DN-492,Namibia,PMO - US,From RDC,N/A - From RDC,Air,HRDT,HIV test,SCMS from RDC,"HIV 1/2, Clearview Complete Kit, 25 Tests","HIV 1/2, Clearview Complete Kit",Clearview,N/A,Test kit,Inverness USA,11500,25,100,7500,75,3,12,61,870.4,TRUE,11/30/07,11/30/07,,
119-NA-T01,Pre-PQ Process,SO-1451,DN-490,Namibia,PMO - US,From RDC,N/A - From RDC,Air,HRDT,HIV test,SCMS from RDC,"HIV 1/2, Clearview Complete Kit, 25 Tests","HIV 1/2, Clearview Complete Kit",Clearview,N/A,Test kit,Inverness USA,11501,25,70,5250,75,3,8.4,43,1542.15,TRUE,12/6/07,12/6/07,,
112-NG-T01,Pre-PQ Process,SO-1570,DN-535,Nigeria,PMO - US,From RDC,N/A - From RDC,Air,ARV,Adult,SCMS from RDC,"Lamivudine 150mg, tablets, 60 Tabs",Lamivudine,Generic,150mg,Tablet,"Aurobindo Unit III, India",11507,60,451,1371.04,3.04,0.05,2.19,,,FALSE,1/9/08,1/9/08,,
104-CI-T01,Pre-PQ Process,SO-1144,DN-538,Côte d'Ivoire,PMO - US,From RDC,N/A - From RDC,Air,ARV,Pediatric,SCMS from RDC,"Nevirapine 10mg/ml, oral suspension, Bottle, 240 ml",Nevirapine,Generic,10mg/ml,Oral suspension,"Aurobindo Unit III, India",11508,240,475,912,1.92,0.01,1.46,170,1301,TRUE,12/28/07,12/28/07,,
110-ZM-T01,Pre-PQ Process,SO-1187,DN-457,Zambia,PMO - US,From RDC,N/A - From RDC,Air,ARV,Adult,SCMS from RDC,"Emtricitabine/Tenofovir Disoproxil Fumarate 200/300mg [Truvada], tablets, 30 Tabs",Emtricitabine/Tenofovir Disoproxil Fumarate,Truvada,300/200mg,Tablet - FDC,"Aspen-OSD, Port Elizabeth, SA",11510,30,17706,464782.5,26.25,0.88,743.65,1594,6035.4,TRUE,12/24/07,12/24/07,,
113-ZW-T01,Pre-PQ Process,SO-1439,DN-477,Zimbabwe,PMO - US,From RDC,N/A - From RDC,Air,HRDT,HIV test,SCMS from RDC,"HIV 1/2, Bioline 3.0 Kit, Lancets, Capillary pipets, Alcohol swabs included, 25 Tests","HIV 1/2, Bioline 3.0 Kit, Lancets, Capillary pipets, Alcohol swabs included",Bioline,N/A,Test kit,"Standard Diagnostics, Korea",11511,25,3508,70160,20,0.8,112.26,1052,4641.85,TRUE,1/11/08,1/11/08,,
104-CI-T01,Pre-PQ Process,SO-971,DN-421,Côte d'Ivoire,PMO - US,From RDC,N/A - From RDC,Air,ARV,Adult,SCMS from RDC,"Saquinavir 200mg [Invirase], capsules, 270 Caps",Saquinavir,Invirase,200mg,Capsule,Roche Basel,11512,270,332,26108.48,78.64,0.29,41.77,,,FALSE,1/17/08,1/17/08,,
100-ZW-T01,Pre-PQ Process,SO-712,DN-623,Zimbabwe,PMO - US,From RDC,N/A - From RDC,Air,ARV,Adult,SCMS from RDC,"Lamivudine/Stavudine 150/30mg, tablets, 30 Tabs",Lamivudine/Stavudine,Generic,150/30mg,Tablet - FDC,"Cipla, Goa, India",11515,30,1600,3200,2,0.07,5.12,,,FALSE,3/5/08,3/5/08,,
114-UG-T01,Pre-PQ Process,SO-1302,DN-489,Uganda,PMO - US,From RDC,N/A - From RDC,Air,ARV,Adult,SCMS from RDC,"Lamivudine/Zidovudine 150/300mg, tablets, 60 Tabs",Lamivudine/Zidovudine,Generic,150/300mg,Tablet - FDC,"Aurobindo Unit III, India",11516,60,2084,19798,9.5,0.16,31.68,237,1154.5,TRUE,1/15/08,1/15/08,,
107-RW-T01,Pre-PQ Process,SO-1534,DN-590,Rwanda,PMO - US,From RDC,N/A - From RDC,Air,ARV,Adult,SCMS from RDC,"Lopinavir/Ritonavir 200/50mg [Aluvia], tablets, 120 Tabs",Lopinavir/Ritonavir,Aluvia,200/50mg,Tablet,ABBVIE (Abbott) Logis. UK,11517,120,600,24660,41.1,0.34,39.46,859,5531.4,TRUE,2/29/08,2/29/08,,
110-ZM-T01,Pre-PQ Process,SO-783,DN-481,Zambia,PMO - US,From RDC,N/A - From RDC,N/A,HRDT,HIV test - Ancillary,SCMS from RDC,"HIV, Lancet, Safety, for HIV Test kits, 100 Pcs","HIV, Lancet, Safety, for HIV Test kits, 100 Pcs",Generic,N/A,Test kit - Ancillary,Inverness Japan,11518,100,2100,21,0.01,0,0.03,,,FALSE,1/15/08,1/15/08,,
117-ET-T01,Pre-PQ Process,SO-1512,DN-517,Ethiopia,PMO - US,From RDC,N/A - From RDC,Air,ARV,Adult,SCMS from RDC,"Tenofovir Disoproxil Fumarate 300mg [Viread], tablets, 30 Tabs",Tenofovir Disoproxil Fumarate,Viread,300mg,Tablet,Gilead(Nycomed) Oranienburg DE,11520,30,535,9095,17,0.57,14.55,33,755.5,TRUE,12/14/07,12/14/07,,
100-ZW-T01,Pre-PQ Process,SO-708,DN-479,Zimbabwe,PMO - US,From RDC,N/A - From RDC,Air,ARV,Adult,SCMS from RDC,"Lamivudine/Nevirapine/Stavudine 150/200/30mg, tablets, 60 Tabs",Lamivudine/Nevirapine/Stavudine,Generic,150/200/30mg,Tablet - FDC,"Cipla, Goa, India",11521,60,37240,275576,7.4,0.12,440.92,,,FALSE,2/5/08,2/5/08,,
117-ET-T01,Pre-PQ Process,SO-1601,DN-577,Ethiopia,PMO - US,From RDC,N/A - From RDC,Air,ARV,Adult,SCMS from RDC,"Tenofovir Disoproxil Fumarate 300mg [Viread], tablets, 30 Tabs",Tenofovir Disoproxil Fumarate,Viread,300mg,Tablet,"Aspen-OSD, Port Elizabeth, SA",11522,30,4394,74698,17,0.57,119.52,317,1628.18,TRUE,2/7/08,2/7/08,,
112-NG-T01,Pre-PQ Process,SO-1430,DN-551,Nigeria,PMO - US,From RDC,N/A - From RDC,Air,ARV,Pediatric,SCMS from RDC,"Nevirapine 10mg/ml, oral suspension, Bottle, 240 ml",Nevirapine,Generic,10mg/ml,Oral suspension,"Aurobindo Unit III, India",11523,240,792,4910.4,6.2,0.03,7.86,272,2047,TRUE,1/16/08,1/16/08,,
117-ET-T01,Pre-PQ Process,SO-1523,DN-540,Ethiopia,PMO - US,From RDC,N/A - From RDC,Air,ARV,Adult,SCMS from RDC,"Lamivudine 150mg, tablets, 60 Tabs",Lamivudine,Generic,150mg,Tablet,"Ranbaxy, Paonta Shahib, India",11524,60,29500,89680,3.04,0.05,143.49,1650,11339.5,TRUE,12/20/07,1/16/08,,
109-TZ-T01,Pre-PQ Process,SO-1648,DN-559,Tanzania,PMO - US,From RDC,N/A - From RDC,Air,ARV,Adult,SCMS from RDC,"Efavirenz 600mg, tablets, 30 Tabs",Efavirenz,Generic,600mg,Tablet,"Aurobindo Unit III, India",11525,30,20000,248400,12.42,0.41,397.44,,,FALSE,2/25/08,2/25/08,,
104-CI-T01,Pre-PQ Process,SO-1284,DN-586,Côte d'Ivoire,PMO - US,From RDC,N/A - From RDC,Air,ARV,Adult,SCMS from RDC,"Indinavir 400mg [Crixivan], capsules, 180 Caps",Indinavir,Crixivan,400mg,Capsule,"MSD, Haarlem, NL",11526,180,1550,77500,50,0.28,124,345,1888.48,TRUE,2/5/08,2/5/08,,
100-ZW-T01,Pre-PQ Process,SO-711,DN-604,Zimbabwe,PMO - US,From RDC,N/A - From RDC,Air,ARV,Adult,SCMS from RDC,"Lamivudine/Nevirapine/Stavudine 150/200/30mg, tablets, 60 Tabs",Lamivudine/Nevirapine/Stavudine,Generic,150/200/30mg,Tablet - FDC,"Cipla, Goa, India",11527,60,2508,18559.2,7.4,0.12,29.69,4303,12894.85,TRUE,3/5/08,3/5/08,,
110-ZM-T01,Pre-PQ Process,SO-1807,DN-822,Zambia,PMO - US,From RDC,N/A - From RDC,Truck,ARV,Adult,SCMS from RDC,"Efavirenz 600mg, tablets, 30 Tabs",Efavirenz,Generic,600mg,Tablet,Mylan (formerly Matrix) Nashik,11528,30,50000,600500,12.01,0.4,960.8,3882,5468.93,TRUE,7/29/08,7/29/08,,
106-HT-T01,Pre-PQ Process,SO-2058,DN-692,Haiti,PMO - US,From RDC,N/A - From RDC,Air,ARV,Adult,SCMS from RDC,"Efavirenz 600mg, tablets, 30 Tabs",Efavirenz,Generic,600mg,Tablet,Mylan (formerly Matrix) Nashik,11529,30,18760,225307.6,12.01,0.4,360.49,,,FALSE,4/3/08,4/3/08,,
106-HT-T01,Pre-PQ Process,SO-2598,DN-783,Haiti,PMO - US,From RDC,N/A - From RDC,Air,ARV,Adult,SCMS from RDC,"Nevirapine 200mg, tablets, 60 Tabs",Nevirapine,Generic,200mg,Tablet,"Aurobindo Unit III, India",11530,60,17843,60666.2,3.4,0.06,97.07,1667,19069.17,TRUE,6/13/08,6/13/08,,
110-ZM-T01,Pre-PQ Process,SO-1895,DN-824,Zambia,PMO - US,From RDC,N/A - From RDC,Truck,ARV,Adult,SCMS from RDC,"Efavirenz 600mg, tablets, 30 Tabs",Efavirenz,Generic,600mg,Tablet,Mylan (formerly Matrix) Nashik,11531,30,45000,540450,12.01,0.4,864.72,3457,1934.31,TRUE,7/23/08,7/23/08,,
100-PK-T01,Pre-PQ Process,SO-2496,DN-732,Pakistan,PMO - US,From RDC,N/A - From RDC,Air,HRDT,HIV test - Ancillary,SCMS from RDC,"HIV, Lancet, Safety, for HIV Test kits, 100 Pcs","HIV, Lancet, Safety, for HIV Test kits, 100 Pcs",Generic,N/A,Test kit - Ancillary,Inverness Japan,11532,100,20,0.2,0.01,0,0,,,FALSE,5/19/08,5/19/08,,
131-NG-T01,Pre-PQ Process,SO-2575,DN-737,Nigeria,PMO - US,From RDC,N/A - From RDC,Air,ARV,Adult,SCMS from RDC,"Lamivudine/Nevirapine/Zidovudine 150/200/300mg, tablets, 60 Tabs",Lamivudine/Nevirapine/Zidovudine,Generic,150/300/200mg,Tablet - FDC,"Aurobindo Unit III, India",11533,60,164,2177.92,13.28,0.22,3.48,2095,10098.25,TRUE,5/14/08,5/14/08,,
109-TZ-T01,Pre-PQ Process,SO-1942,DN-654,Tanzania,PMO - US,From RDC,N/A - From RDC,N/A,ARV,Adult,SCMS from RDC,"Efavirenz 600mg, tablets, 30 Tabs",Efavirenz,Generic,600mg,Tablet,"Aurobindo Unit III, India",11535,30,49997,620962.75,12.42,0.41,993.54,4345,14637,TRUE,3/28/08,3/28/08,,
112-NG-T01,Pre-PQ Process,SO-2726,DN-800,Nigeria,PMO - US,From RDC,N/A - From RDC,Air,ARV,Adult,SCMS from RDC,"Stavudine 30mg, capsules, 60 Caps",Stavudine,Generic,30mg,Capsule,"Aurobindo Unit III, India",11536,60,154,238.7,1.55,0.03,0.38,,,FALSE,6/19/08,6/19/08,,
106-HT-T01,Pre-PQ Process,SO-2047,DN-742,Haiti,PMO - US,From RDC,N/A - From RDC,Air,ARV,Pediatric,SCMS from RDC,"Didanosine 200mg, chewable/dispersible tablets, 60 Tabs",Didanosine,Generic,200mg,Chewable/dispersible tablet,"Aurobindo Unit III, India",11537,60,98,1519,15.5,0.26,2.43,77,991.49,TRUE,6/2/08,6/2/08,,
109-TZ-T01,Pre-PQ Process,SO-1695,DN-663,Tanzania,PMO - US,From RDC,N/A - From RDC,N/A,ARV,Adult,SCMS from RDC,"Abacavir 300mg, tablets, 60 Tabs",Abacavir,Generic,300mg,Tablet,"Aurobindo Unit III, India",11538,60,5730,157746.9,27.53,0.46,252.4,,,FALSE,4/22/08,4/23/08,,
123-NG-T01,Pre-PQ Process,SO-2553,DN-836,Nigeria,PMO - US,From RDC,N/A - From RDC,Air,ARV,Adult,SCMS from RDC,"Nevirapine 200mg, tablets, 60 Tabs",Nevirapine,Generic,200mg,Tablet,"Aurobindo Unit III, India",11539,60,6002,20406.8,3.4,0.06,32.65,,,FALSE,7/31/08,7/31/08,,
105-GY-T01,Pre-PQ Process,SO-11630,DN-841,Guyana,PMO - US,From RDC,N/A - From RDC,Air,ARV,Adult,SCMS from RDC,"Lamivudine 150mg, tablets, 60 Tabs",Lamivudine,Generic,150mg,Tablet,"Aurobindo Unit III, India",11540,60,431,1249.9,2.9,0.05,2,377,5228.67,TRUE,7/25/08,7/25/08,,
114-UG-T01,Pre-PQ Process,SO-1301,DN-480,Uganda,PMO - US,From RDC,N/A - From RDC,Air,ARV,Adult,SCMS from RDC,"Lamivudine/Stavudine 150/30mg, tablets, 30 Tabs",Lamivudine/Stavudine,Generic,150/30mg,Tablet - FDC,"Cipla, Goa, India",11541,30,300,600,2,0.07,0.96,,,FALSE,3/19/08,3/19/08,,
106-HT-T01,Pre-PQ Process,SO-2601,DN-788,Haiti,PMO - US,From RDC,N/A - From RDC,Air,ARV,Pediatric,SCMS from RDC,"Efavirenz 200mg, capsule, 90 Caps",Efavirenz,Generic,200mg,Capsule,"Aurobindo Unit III, India",11542,90,105,1680,16,0.18,2.69,14,1015.24,TRUE,7/1/08,7/1/08,,
112-NG-T01,Pre-PQ Process,SO-2350,DN-718,Nigeria,PMO - US,From RDC,N/A - From RDC,Air,ARV,Adult,SCMS from RDC,"Lamivudine/Zidovudine 150/300mg, tablets, 60 Tabs",Lamivudine/Zidovudine,Generic,150/300mg,Tablet - FDC,"Aurobindo Unit III, India",11543,60,1300,12285,9.45,0.16,19.66,,,FALSE,4/21/08,4/21/08,,
109-TZ-T01,Pre-PQ Process,SO-1651,DN-636,Tanzania,PMO - US,From RDC,N/A - From RDC,Air,ARV,Pediatric,SCMS from RDC,"Didanosine 100mg, chewable/dispersible tablets, 60 Tabs",Didanosine,Generic,100mg,Chewable/dispersible tablet,"Aurobindo Unit III, India",11545,60,9367,72594.25,7.75,0.13,116.15,1955,6923.3,TRUE,4/1/08,4/1/08,,
104-CI-T01,Pre-PQ Process,SO-1838,DN-632,Côte d'Ivoire,PMO - US,From RDC,N/A - From RDC,Air,HRDT,HIV test - Ancillary,SCMS from RDC,"HIV, Lancet, Safety, for HIV Test kits, 100 Pcs","HIV, Lancet, Safety, for HIV Test kits, 100 Pcs",Generic,N/A,Test kit - Ancillary,Inverness Japan,11547,100,250,2.5,0.01,0,0,61,1225.42,TRUE,3/13/08,3/13/08,,
119-NA-T01,Pre-PQ Process,SO-1764,DN-635,Namibia,PMO - US,From RDC,N/A - From RDC,Air,ARV,Adult,SCMS from RDC,"Efavirenz 600mg, tablets, 30 Tabs",Efavirenz,Generic,600mg,Tablet,"Aurobindo Unit III, India",11548,30,21000,252210,12.01,0.4,403.54,1815,6074.62,TRUE,3/14/08,3/14/08,,
114-UG-T01,Pre-PQ Process,SO-1928,DN-652,Uganda,PMO - US,From RDC,N/A - From RDC,N/A,ARV,Adult,SCMS from RDC,"Lamivudine/Nevirapine/Zidovudine 150/200/300mg, tablets, 60 Tabs",Lamivudine/Nevirapine/Zidovudine,Generic,150/300/200mg,Tablet - FDC,"Cipla, Goa, India",11550,60,1450,19575,13.5,0.22,31.32,167,1472.77,TRUE,4/7/08,4/7/08,,
106-HT-T01,Pre-PQ Process,SO-2072,DN-695,Haiti,PMO - US,From RDC,N/A - From RDC,Air,ARV,Pediatric,SCMS from RDC,"Efavirenz 30mg/ml [Stocrin/Sustiva], oral solution, Bottle, 180 ml",Efavirenz,Stocrin/Sustiva,30mg/ml,Oral solution,"MSD, Haarlem, NL",11551,180,34,576.64,16.96,0.09,0.92,14,896.55,TRUE,4/11/08,4/11/08,,
117-ET-T01,Pre-PQ Process,SO-1537,DN-631,Ethiopia,PMO - US,From RDC,N/A - From RDC,Air,ARV,Adult,SCMS from RDC,"Lamivudine 150mg, tablets, 60 Tabs",Lamivudine,Generic,150mg,Tablet,"Ranbaxy, Paonta Shahib, India",11552,60,65500,199120,3.04,0.05,318.59,3858,12047.8,TRUE,3/6/08,3/6/08,,
106-HT-T01,Pre-PQ Process,SO-2055,DN-690,Haiti,PMO - US,From RDC,N/A - From RDC,Air,ARV,Adult,SCMS from RDC,"Lamivudine/Zidovudine 150/300mg, tablets, 60 Tabs",Lamivudine/Zidovudine,Generic,150/300mg,Tablet - FDC,"Aurobindo Unit III, India",11553,60,24345,230060.25,9.45,0.16,368.1,,,FALSE,4/14/08,4/14/08,,
111-MZ-T01,Pre-PQ Process,SO-1876,DN-707,Mozambique,PMO - US,From RDC,N/A - From RDC,Air,ARV,Adult,SCMS from RDC,"Lamivudine/Nevirapine/Stavudine 150/200/30mg, tablets, 60 Tabs",Lamivudine/Nevirapine/Stavudine,Generic,150/200/30mg,Tablet - FDC,"Cipla, Goa, India",11554,60,39000,288600,7.4,0.12,461.76,7719,6260.71,TRUE,5/22/08,5/22/08,,
113-ZW-T01,Pre-PQ Process,SO-2502,DN-813,Zimbabwe,PMO - US,From RDC,N/A - From RDC,Truck,ARV,Adult,SCMS from RDC,"Efavirenz 600mg, tablets, 30 Tabs",Efavirenz,Generic,600mg,Tablet,"Aurobindo Unit III, India",11555,30,4000,48040,12.01,0.4,76.86,,,FALSE,7/26/08,7/26/08,,
110-ZM-T01,Pre-PQ Process,SO-2549,DN-823,Zambia,PMO - US,From RDC,N/A - From RDC,Truck,ARV,Adult,SCMS from RDC,"Lamivudine/Nevirapine/Stavudine 150/200/30mg, tablets, 60 Tabs",Lamivudine/Nevirapine/Stavudine,Generic,150/200/30mg,Tablet - FDC,"Strides, Bangalore, India.",11556,60,60000,432000,7.2,0.12,691.2,,,FALSE,7/23/08,7/23/08,,
105-GY-T01,Pre-PQ Process,SO-2465,DN-728,Guyana,PMO - US,From RDC,N/A - From RDC,Air,ARV,Adult,SCMS from RDC,"Lopinavir/Ritonavir 200/50mg [Aluvia], tablets, 120 Tabs",Lopinavir/Ritonavir,Aluvia,200/50mg,Tablet,ABBVIE Ludwigshafen Germany,11557,120,1530,125766,82.2,0.68,201.23,347,4220.15,TRUE,5/20/08,5/20/08,,
109-TZ-T01,Pre-PQ Process,SO-2721,DN-766,Tanzania,PMO - US,From RDC,N/A - From RDC,Air,ARV,Adult,SCMS from RDC,"Lamivudine 150mg, tablets, 60 Tabs",Lamivudine,Generic,150mg,Tablet,"Aurobindo Unit III, India",11558,60,11352,33034.32,2.91,0.05,52.85,572,4152.56,TRUE,7/10/08,7/10/08,,
109-TZ-T01,Pre-PQ Process,SO-2682,DN-902,Tanzania,PMO - US,From RDC,N/A - From RDC,Air,ARV,Adult,SCMS from RDC,"Lopinavir/Ritonavir 200/50mg [Aluvia], tablets, 120 Tabs",Lopinavir/Ritonavir,Aluvia,200/50mg,Tablet,ABBVIE Ludwigshafen Germany,11559,120,2580,106038,41.1,0.34,169.66,587,1153.97,TRUE,9/26/08,9/26/08,,
117-ET-T01,Pre-PQ Process,SO-18340,DN-1003,Ethiopia,PMO - US,From RDC,N/A - From RDC,Air,ARV,Adult,SCMS from RDC,"Zidovudine 300mg, tablets, 60 Tabs",Zidovudine,Generic,300mg,Tablet,"Aurobindo Unit III, India",11560,60,5000,39500,7.9,0.13,77.42,229,1774.3,TRUE,11/11/08,11/11/08,,
113-ZW-T01,Pre-PQ Process,SO-13991,DN-1015,Zimbabwe,PMO - US,From RDC,N/A - From RDC,Truck,ARV,Adult,SCMS from RDC,"Lamivudine/Stavudine 150/30mg, tablets, 30 Tabs",Lamivudine/Stavudine,Generic,150/30mg,Tablet - FDC,"Cipla, Goa, India",11561,30,8000,16000,2,0.07,31.36,8855,29883.7,TRUE,11/19/08,11/19/08,,
110-ZM-T01,Pre-PQ Process,SO-19411,DN-1029,Zambia,PMO - US,From RDC,N/A - From RDC,Air,ARV,Adult,SCMS from RDC,"Zidovudine 300mg, tablets, 60 Tabs",Zidovudine,Generic,300mg,Tablet,"Aurobindo Unit III, India",11562,60,2306,18793.9,8.15,0.14,36.84,132,1659.48,TRUE,12/11/08,12/11/08,,
102-KE-T01,Pre-PQ Process,SO-11440,DN-965,Kenya,PMO - US,From RDC,N/A - From RDC,Truck,HRDT,HIV test - Ancillary,SCMS from RDC,"HIV, Lancet, Safety, for HIV Test kits, 100 Pcs","HIV, Lancet, Safety, for HIV Test kits, 100 Pcs",Generic,N/A,Test kit - Ancillary,Inverness Japan,11563,100,5000,50,0.01,0,0.1,,,TRUE,10/23/08,10/23/08,,
105-GY-T01,Pre-PQ Process,SO-18470,DN-1017,Guyana,PMO - US,From RDC,N/A - From RDC,Air,ARV,Adult,SCMS from RDC,"Zidovudine 300mg, tablets, 60 Tabs",Zidovudine,Generic,300mg,Tablet,"Aurobindo Unit III, India",11564,60,416,3286.4,7.9,0.13,6.44,49,1465.71,TRUE,11/21/08,11/21/08,,
114-UG-T01,Pre-PQ Process,SO-17790,DN-1082,Uganda,PMO - US,From RDC,N/A - From RDC,Air,ARV,Adult,SCMS from RDC,"Zidovudine 300mg, tablets, 60 Tabs",Zidovudine,Generic,300mg,Tablet,"Aurobindo Unit III, India",11565,60,50,395,7.9,0.13,0.77,3,978.92,TRUE,3/3/09,3/3/09,,
110-ZM-T01,Pre-PQ Process,SO-2490,DN-950,Zambia,PMO - US,From RDC,N/A - From RDC,Truck,ARV,Adult,SCMS from RDC,"Nevirapine 200mg, tablets, 60 Tabs",Nevirapine,Generic,200mg,Tablet,"Aurobindo Unit III, India",11567,60,40454,137543.6,3.4,0.06,269.59,3787,4060.55,TRUE,10/21/08,10/21/08,,
114-UG-T01,Pre-PQ Process,SO-17770,DN-998,Uganda,PMO - US,From RDC,N/A - From RDC,Truck,ARV,Adult,SCMS from RDC,"Nevirapine 200mg, tablets, 60 Tabs",Nevirapine,Generic,200mg,Tablet,Hetero Unit III Hyderabad IN,11568,60,2523,8073.6,3.2,0.05,15.82,585,5698.01,TRUE,12/15/08,12/15/08,,
107-RW-T01,Pre-PQ Process,SO-24620,DN-1117,Rwanda,PMO - US,From RDC,N/A - From RDC,Air,ARV,Adult,SCMS from RDC,"Lamivudine/Zidovudine 150/300mg, tablets, 60 Tabs",Lamivudine/Zidovudine,Generic,150/300mg,Tablet - FDC,"Aurobindo Unit III, India",11569,60,15000,131400,8.76,0.15,257.54,1364,21215.4,TRUE,3/6/09,3/6/09,,
112-NG-T01,Pre-PQ Process,SO-2729,DN-1008,Nigeria,PMO - US,From RDC,N/A - From RDC,Air,ARV,Adult,SCMS from RDC,"Stavudine 30mg, capsules, 60 Caps",Stavudine,Generic,30mg,Capsule,"Aurobindo Unit III, India",11570,60,948,1469.4,1.55,0.03,2.88,127,4984.4,TRUE,11/17/08,11/17/08,,
112-NG-T01,Pre-PQ Process,SO-2729,DN-1008,Nigeria,PMO - US,From RDC,N/A - From RDC,Air,ARV,Adult,SCMS from RDC,"Lamivudine 150mg, tablets, 60 Tabs",Lamivudine,Generic,150mg,Tablet,"Aurobindo Unit III, India",11571,60,1077,3123.3,2.9,0.05,6.12,,,FALSE,11/17/08,11/17/08,,
112-NG-T01,Pre-PQ Process,SO-2729,DN-1008,Nigeria,PMO - US,From RDC,N/A - From RDC,Air,ARV,Adult,SCMS from RDC,"Emtricitabine/Tenofovir Disoproxil Fumarate 200/300mg [Truvada], tablets, 30 Tabs",Emtricitabine/Tenofovir Disoproxil Fumarate,Truvada,300/200mg,Tablet - FDC,"Aspen-OSD, Port Elizabeth, SA",11572,30,6,157.5,26.25,0.88,0.31,,,FALSE,11/17/08,11/17/08,,
130-NG-T01,Pre-PQ Process,SO-10650,DN-1009,Nigeria,PMO - US,From RDC,N/A - From RDC,Air,ARV,Adult,SCMS from RDC,"Nevirapine 200mg, tablets, 60 Tabs",Nevirapine,Generic,200mg,Tablet,"Aurobindo Unit III, India",11573,60,2454,8343.6,3.4,0.06,16.35,231,4401.4,TRUE,11/17/08,11/17/08,,
130-NG-T01,Pre-PQ Process,SO-17690,DN-1012,Nigeria,PMO - US,From RDC,N/A - From RDC,Air,ARV,Adult,SCMS from RDC,"Lamivudine/Zidovudine 150/300mg, tablets, 60 Tabs",Lamivudine/Zidovudine,Generic,150/300mg,Tablet - FDC,"Aurobindo Unit III, India",11574,60,2780,25993,9.35,0.16,50.95,262,2426.8,TRUE,11/26/08,11/26/08,,
110-ZM-T01,Pre-PQ Process,SO-2486,DN-912,Zambia,PMO - US,From RDC,N/A - From RDC,Truck,ARV,Adult,SCMS from RDC,"Lamivudine/Zidovudine 150/300mg, tablets, 60 Tabs",Lamivudine/Zidovudine,Generic,150/300mg,Tablet - FDC,"Aurobindo Unit III, India",11577,60,26402,249498.9,9.45,0.16,399.2,6986,6269.7,TRUE,9/23/08,9/23/08,,
113-ZW-T01,Pre-PQ Process,SO-2503,DN-900,Zimbabwe,PMO - US,From RDC,N/A - From RDC,Truck,ARV,Adult,SCMS from RDC,"Lamivudine/Nevirapine/Stavudine 150/200/30mg, tablets, 60 Tabs",Lamivudine/Nevirapine/Stavudine,Generic,150/200/30mg,Tablet - FDC,"Cipla, Goa, India",11578,60,76000,562400,7.4,0.12,899.84,,,FALSE,9/12/08,9/12/08,,
112-NG-T01,Pre-PQ Process,SO-12780,DN-911,Nigeria,PMO - US,From RDC,N/A - From RDC,Air,ARV,Adult,SCMS from RDC,"Emtricitabine/Tenofovir Disoproxil Fumarate 200/300mg [Truvada], tablets, 30 Tabs",Emtricitabine/Tenofovir Disoproxil Fumarate,Truvada,300/200mg,Tablet - FDC,"Aspen-OSD, Port Elizabeth, SA",11579,30,76,1995,26.25,0.88,3.19,7,747.5,TRUE,9/12/08,9/12/08,,
106-HT-T01,Pre-PQ Process,SO-15970,DN-1022,Haiti,PMO - US,From RDC,N/A - From RDC,Air,ARV,Pediatric,SCMS from RDC,"Lamivudine 10mg/ml, oral solution, Bottle, 240 ml",Lamivudine,Generic,10mg/ml,Oral solution,"Aurobindo Unit III, India",11581,240,1595,3030.5,1.9,0.01,5.94,598,6338.09,TRUE,12/10/08,12/10/08,,
110-ZM-T01,Pre-PQ Process,SO-2493,DN-967,Zambia,PMO - US,From RDC,N/A - From RDC,Truck,ARV,Adult,SCMS from RDC,"Nevirapine 200mg, tablets, 60 Tabs",Nevirapine,Generic,200mg,Tablet,Hetero Unit III Hyderabad IN,11582,60,50000,170000,3.4,0.06,333.2,2773,2938.92,TRUE,11/7/08,11/7/08,,
111-MZ-T01,Pre-PQ Process,SO-15091,DN-989,Mozambique,PMO - US,From RDC,N/A - From RDC,Air,ARV,Adult,SCMS from RDC,"Lamivudine/Nevirapine/Stavudine 150/200/30mg, tablets, 60 Tabs",Lamivudine/Nevirapine/Stavudine,Generic,150/200/30mg,Tablet - FDC,"Strides, Bangalore, India.",11583,60,92950,669240,7.2,0.12,1311.71,6883,7534.18,TRUE,12/18/08,12/18/08,,
102-KE-T01,Pre-PQ Process,SO-11470,DN-991,Kenya,PMO - US,From RDC,N/A - From RDC,Truck,HRDT,HIV test,SCMS from RDC,"HIV 1/2, Uni-Gold HIV Kit, 20 Tests","HIV 1/2, Uni-Gold HIV Kit",Uni-Gold,N/A,Test kit,"Trinity Biotech, Plc",11584,20,1250,40000,32,1.6,78.4,394,157.5,TRUE,10/31/08,10/31/08,,
119-NA-T01,Pre-PQ Process,SO-15510,DN-953,Namibia,PMO - US,From RDC,N/A - From RDC,Truck,ARV,Pediatric,SCMS from RDC,"Lamivudine/Nevirapine/Stavudine 30/50/6mg, dispersible tablets, 60 Tabs",Lamivudine/Nevirapine/Stavudine,Generic,30/50/6mg,Chewable/dispersible tablet - FDC,"Cipla, Goa, India",11585,60,1008,2509.92,2.49,0.04,4.92,303,2989.45,TRUE,10/30/08,10/30/08,,
119-NA-T01,Pre-PQ Process,SO-15510,DN-953,Namibia,PMO - US,From RDC,N/A - From RDC,Truck,ARV,Pediatric,SCMS from RDC,"Lamivudine/Nevirapine/Stavudine 60/100/12mg, dispersible tablets, 60 Tabs",Lamivudine/Nevirapine/Stavudine,Generic,60/100/12mg,Chewable/dispersible tablet - FDC,"Cipla, Goa, India",11586,60,3600,16344,4.54,0.08,32.03,,,FALSE,10/30/08,10/30/08,,
117-ET-T01,Pre-PQ Process,SO-23980,DN-1107,Ethiopia,PMO - US,From RDC,N/A - From RDC,Air,ARV,Adult,SCMS from RDC,"Lamivudine/Nevirapine/Stavudine 150/200/30mg, tablets, 60 Tabs",Lamivudine/Nevirapine/Stavudine,Generic,150/200/30mg,Tablet - FDC,"Strides, Bangalore, India.",11587,60,41922,298484.62,7.12,0.12,585.03,3190,14732.36,TRUE,3/4/09,3/4/09,,
104-CI-T01,Pre-PQ Process,SO-11840,DN-947,Côte d'Ivoire,PMO - US,From RDC,N/A - From RDC,Air,ARV,Pediatric,SCMS from RDC,"Stavudine 1mg/ml, powder for oral solution, 200 ml",Stavudine,Generic,1mg/ml,Oral solution,"Aurobindo Unit III, India",11590,200,3250,4550,1.4,0.01,8.92,315,6381.87,TRUE,12/1/08,12/1/08,,
104-CI-T01,Pre-PQ Process,SO-11830,DN-948,Côte d'Ivoire,PMO - US,From RDC,N/A - From RDC,Air,ARV,Pediatric,SCMS from RDC,"Efavirenz 30mg/ml [Stocrin/Sustiva], oral solution, Bottle, 180 ml",Efavirenz,Stocrin/Sustiva,30mg/ml,Oral solution,"MSD, Haarlem, NL",11591,180,1793,30409.28,16.96,0.09,59.6,,,FALSE,12/3/08,12/3/08,,
114-UG-T01,Pre-PQ Process,SO-17430,DN-968,Uganda,PMO - US,From RDC,N/A - From RDC,Air,ARV,Adult,SCMS from RDC,"Lamivudine/Nevirapine/Zidovudine 150/200/300mg, tablets, 60 Tabs",Lamivudine/Nevirapine/Zidovudine,Generic,150/300/200mg,Tablet - FDC,"Aurobindo Unit III, India",11592,60,4704,55507.2,11.8,0.2,108.79,,,FALSE,12/9/08,12/9/08,,
114-UG-T01,Pre-PQ Process,SO-17440,DN-969,Uganda,PMO - US,From RDC,N/A - From RDC,Air,ARV,Adult,SCMS from RDC,"Emtricitabine/Tenofovir Disoproxil Fumarate 200/300mg [Truvada], tablets, 30 Tabs",Emtricitabine/Tenofovir Disoproxil Fumarate,Truvada,300/200mg,Tablet - FDC,Gilead(Nycomed) Oranienburg DE,11593,30,67,1758.75,26.25,0.88,3.45,666,4503,TRUE,11/4/08,11/4/08,,
114-UG-T01,Pre-PQ Process,SO-17440,DN-969,Uganda,PMO - US,From RDC,N/A - From RDC,Air,ARV,Adult,SCMS from RDC,"Lamivudine/Nevirapine/Zidovudine 150/200/300mg, tablets, 60 Tabs",Lamivudine/Nevirapine/Zidovudine,Generic,150/300/200mg,Tablet - FDC,"Aurobindo Unit III, India",11594,60,5919,69844.2,11.8,0.2,136.89,,,FALSE,11/4/08,11/4/08,,
110-ZM-T01,Pre-PQ Process,SO-17600,DN-1116,Zambia,PMO - US,From RDC,N/A - From RDC,Air,ARV,Adult,SCMS from RDC,"Efavirenz 600mg, tablets, 30 Tabs",Efavirenz,Generic,600mg,Tablet,"Aurobindo Unit III, India",11595,30,100000,1100000,11,0.37,2156,8645,14041.17,TRUE,3/17/09,3/17/09,,
109-TZ-T01,Pre-PQ Process,SO-1697,DN-893,Tanzania,PMO - US,From RDC,N/A - From RDC,N/A,ARV,Adult,SCMS from RDC,"Lamivudine/Zidovudine 150/300mg, tablets, 60 Tabs",Lamivudine/Zidovudine,Generic,150/300mg,Tablet - FDC,"Aurobindo Unit III, India",11596,60,58086,551817,9.5,0.16,882.91,8343,9001.03,TRUE,9/15/08,9/15/08,,
111-MZ-T01,Pre-PQ Process,SO-15080,DN-1034,Mozambique,PMO - US,From RDC,N/A - From RDC,Air,ARV,Adult,SCMS from RDC,"Nevirapine 200mg, tablets, 60 Tabs",Nevirapine,Generic,200mg,Tablet,Hetero Unit III Hyderabad IN,11597,60,7306,23379.2,3.2,0.05,45.82,,,FALSE,2/21/09,2/21/09,,
111-MZ-T01,Pre-PQ Process,SO-2424,DN-850,Mozambique,PMO - US,From RDC,N/A - From RDC,Air,ARV,Adult,SCMS from RDC,"Lamivudine/Stavudine 150/30mg, tablets, 30 Tabs",Lamivudine/Stavudine,Generic,150/30mg,Tablet - FDC,"Cipla, Goa, India",11598,30,10000,20000,2,0.07,32,,,FALSE,9/5/08,9/5/08,,
111-MZ-T01,Pre-PQ Process,SO-15082,DN-1054,Mozambique,PMO - US,From RDC,N/A - From RDC,Air,ARV,Adult,SCMS from RDC,"Lamivudine/Nevirapine/Stavudine 150/200/30mg, tablets, 60 Tabs",Lamivudine/Nevirapine/Stavudine,Generic,150/200/30mg,Tablet - FDC,"Strides, Bangalore, India.",11600,60,92933,669117.6,7.2,0.12,1311.47,7011,7199.72,TRUE,2/26/09,2/26/09,,
104-CI-T01,Pre-PQ Process,SO-11831,DN-949,Côte d'Ivoire,PMO - US,From RDC,N/A - From RDC,Air,ARV,Adult,SCMS from RDC,"Lamivudine/Stavudine 150/30mg, tablets, 60 Tabs",Lamivudine/Stavudine,Generic,150/30mg,Tablet - FDC,Mylan (formerly Matrix) Nashik,11601,60,21542,84013.8,3.9,0.06,164.67,1583,6381.87,TRUE,12/1/08,12/1/08,,
114-UG-T01,Pre-PQ Process,SO-17700,DN-992,Uganda,PMO - US,From RDC,N/A - From RDC,Air,ARV,Adult,SCMS from RDC,"Lamivudine/Nevirapine/Stavudine 150/200/30mg, tablets, 60 Tabs",Lamivudine/Nevirapine/Stavudine,Generic,150/200/30mg,Tablet - FDC,"Strides, Bangalore, India.",11602,60,1511,10879.2,7.2,0.12,21.32,205,2202.02,TRUE,1/9/09,1/9/09,,
117-ET-T01,Pre-PQ Process,SO-22020,DN-1052,Ethiopia,PMO - US,From RDC,N/A - From RDC,Air,ARV,Adult,SCMS from RDC,"Efavirenz 600mg, tablets, 30 Tabs",Efavirenz,Generic,600mg,Tablet,"Aurobindo Unit III, India",11603,30,11549,122650.38,10.62,0.35,240.39,,,FALSE,3/3/09,3/3/09,,
114-UG-T01,Pre-PQ Process,SO-10180,DN-898,Uganda,PMO - US,From RDC,N/A - From RDC,Air,ARV,Pediatric,SCMS from RDC,"Zidovudine 10mg/ml, oral solution, Bottle, 240 ml",Zidovudine,Generic,10mg/ml,Oral solution,"Aurobindo Unit III, India",11605,240,14668,30802.8,2.1,0.01,49.28,5511,7876.44,TRUE,9/25/08,9/25/08,,
109-TZ-T01,Pre-PQ Process,SO-2563,DN-899,Tanzania,PMO - US,From RDC,N/A - From RDC,Air,ARV,Adult,SCMS from RDC,"Efavirenz 600mg, tablets, 30 Tabs",Efavirenz,Generic,600mg,Tablet,Mylan (formerly Matrix) Nashik,11606,30,131808,1583014.1,12.01,0.4,2532.82,9996,8399.76,TRUE,9/26/08,9/26/08,,
114-UG-T01,Pre-PQ Process,SO-17753,DN-1084,Uganda,PMO - US,From RDC,N/A - From RDC,Air,ARV,Adult,SCMS from RDC,"Nevirapine 200mg, tablets, 60 Tabs",Nevirapine,Generic,200mg,Tablet,"Aurobindo Unit III, India",11607,60,1524,4876.8,3.2,0.05,9.56,,,FALSE,3/5/09,3/5/09,,
117-ET-T01,Pre-PQ Process,SO-22020,DN-1052,Ethiopia,PMO - US,From RDC,N/A - From RDC,Air,ARV,Adult,SCMS from RDC,"Tenofovir Disoproxil Fumarate 300mg, tablets, 30 Tabs",Tenofovir Disoproxil Fumarate,Generic,300mg,Tablet,Mylan (formerly Matrix) Nashik,11608,30,7000,92960,13.28,0.44,182.2,,,FALSE,3/3/09,3/3/09,,
117-ET-T01,Pre-PQ Process,SO-22020,DN-1052,Ethiopia,PMO - US,From RDC,N/A - From RDC,Air,ARV,Adult,SCMS from RDC,"Lamivudine/Stavudine 150/30mg, tablets, 30 Tabs",Lamivudine/Stavudine,Generic,150/30mg,Tablet - FDC,"Cipla, Goa, India",11609,30,14814,29628,2,0.07,58.07,,,FALSE,3/3/09,3/3/09,,
100-PK-T01,Pre-PQ Process,SO-22440,DN-1147,Pakistan,PMO - US,From RDC,N/A - From RDC,Air,HRDT,HIV test,SCMS from RDC,"HIV 1/2, Uni-Gold HIV Kit, 20 Tests","HIV 1/2, Uni-Gold HIV Kit",Uni-Gold,N/A,Test kit,"Trinity Biotech, Plc",11610,20,15,540,36,1.8,1.06,16,1764.93,TRUE,4/1/09,4/1/09,,
110-ZM-T01,Pre-PQ Process,SO-2489,DN-865,Zambia,PMO - US,From RDC,N/A - From RDC,Truck,ARV,Adult,SCMS from RDC,"Nevirapine 200mg, tablets, 60 Tabs",Nevirapine,Generic,200mg,Tablet,"Aurobindo Unit III, India",11612,60,44440,151096,3.4,0.06,241.75,8276,6120.06,TRUE,8/27/08,8/27/08,,
132-NG-T01,Pre-PQ Process,SO-11810,DN-882,Nigeria,PMO - US,From RDC,N/A - From RDC,Air,ARV,Adult,SCMS from RDC,"Emtricitabine/Tenofovir Disoproxil Fumarate 200/300mg [Truvada], tablets, 30 Tabs",Emtricitabine/Tenofovir Disoproxil Fumarate,Truvada,300/200mg,Tablet - FDC,"Aspen-OSD, Port Elizabeth, SA",11613,30,15000,393750,26.25,0.88,630,1317,8924.98,TRUE,8/24/08,8/24/08,,
106-HT-T01,Pre-PQ Process,SO-15930,DN-944,Haiti,PMO - US,From RDC,N/A - From RDC,Air,ARV,Adult,SCMS from RDC,"Nevirapine 200mg, tablets, 60 Tabs",Nevirapine,Generic,200mg,Tablet,"Aurobindo Unit III, India",11614,60,21814,69804.8,3.2,0.05,136.82,,,FALSE,11/4/08,11/4/08,,
112-NG-T01,Pre-PQ Process,SO-20950,DN-1059,Nigeria,PMO - US,From RDC,N/A - From RDC,Air,ARV,Adult,SCMS from RDC,"Nevirapine 200mg, tablets, 60 Tabs",Nevirapine,Generic,200mg,Tablet,"Aurobindo Unit III, India",11615,60,1923,79035.3,41.1,0.68,154.91,,,FALSE,1/19/09,1/19/09,,
114-UG-T01,Pre-PQ Process,SO-17820,DN-985,Uganda,PMO - US,From RDC,N/A - From RDC,Air,ARV,Adult,SCMS from RDC,"Lamivudine/Nevirapine/Stavudine 150/200/30mg, tablets, 60 Tabs",Lamivudine/Nevirapine/Stavudine,Generic,150/200/30mg,Tablet - FDC,"Strides, Bangalore, India.",11616,60,3374,24292.8,7.2,0.12,47.61,250,2331.03,TRUE,1/9/09,1/9/09,,
114-UG-T01,Pre-PQ Process,SO-17870,DN-986,Uganda,PMO - US,From RDC,N/A - From RDC,Air,ARV,Adult,SCMS from RDC,"Efavirenz 600mg, tablets, 30 Tabs",Efavirenz,Generic,600mg,Tablet,"Aurobindo Unit III, India",11617,30,1444,15884,11,0.37,31.13,,,FALSE,1/9/09,1/9/09,,
117-ET-T01,Pre-PQ Process,SO-22000,DN-1060,Ethiopia,PMO - US,From RDC,N/A - From RDC,Air,ARV,Adult,SCMS from RDC,"Lamivudine/Nevirapine/Stavudine 150/200/30mg, tablets, 60 Tabs",Lamivudine/Nevirapine/Stavudine,Generic,150/200/30mg,Tablet - FDC,"Strides, Bangalore, India.",11618,60,8258,58796.96,7.12,0.12,115.24,5147,29336.46,TRUE,2/18/09,2/18/09,,
117-ET-T01,Pre-PQ Process,SO-22040,DN-1110,Ethiopia,PMO - US,From RDC,N/A - From RDC,Air,ARV,Adult,SCMS from RDC,"Lamivudine/Nevirapine/Zidovudine 150/200/300mg, tablets, 60 Tabs",Lamivudine/Nevirapine/Zidovudine,Generic,150/300/200mg,Tablet - FDC,"Aurobindo Unit III, India",11619,60,27588,325538.4,11.8,0.2,638.06,3146,14538.36,TRUE,3/4/09,3/4/09,,
112-NG-T01,Pre-PQ Process,SO-20960,DN-1124,Nigeria,PMO - US,From RDC,N/A - From RDC,Air Charter,ARV,Adult,SCMS from RDC,"Lamivudine/Nevirapine/Stavudine 150/200/30mg, tablets, 60 Tabs",Lamivudine/Nevirapine/Stavudine,Generic,150/200/30mg,Tablet - FDC,"Cipla, Goa, India",11620,60,11608,82648.96,7.12,0.12,161.99,1871,11492.86,TRUE,3/19/09,3/19/09,,
151-NG-T01,Pre-PQ Process,SO-21781,DN-1130,Nigeria,PMO - US,From RDC,N/A - From RDC,Air,ARV,Adult,SCMS from RDC,"Emtricitabine/Tenofovir Disoproxil Fumarate 200/300mg [Truvada], tablets, 30 Tabs",Emtricitabine/Tenofovir Disoproxil Fumarate,Truvada,300/200mg,Tablet - FDC,"Aspen-OSD, Port Elizabeth, SA",11622,30,143,3753.75,26.25,0.88,7.36,14,6443.61,TRUE,3/24/09,3/24/09,,
151-NG-T01,Pre-PQ Process,SO-21785,DN-1133,Nigeria,PMO - US,From RDC,N/A - From RDC,Air,ARV,Adult,SCMS from RDC,"Emtricitabine/Tenofovir Disoproxil Fumarate 200/300mg [Truvada], tablets, 30 Tabs",Emtricitabine/Tenofovir Disoproxil Fumarate,Truvada,300/200mg,Tablet - FDC,"Aspen-OSD, Port Elizabeth, SA",11623,30,326,8557.5,26.25,0.88,16.77,35,6443.61,TRUE,3/24/09,3/24/09,,
151-NG-T01,Pre-PQ Process,SO-21784,DN-1132,Nigeria,PMO - US,From RDC,N/A - From RDC,Air,ARV,Adult,SCMS from RDC,"Emtricitabine/Tenofovir Disoproxil Fumarate 200/300mg [Truvada], tablets, 30 Tabs",Emtricitabine/Tenofovir Disoproxil Fumarate,Truvada,300/200mg,Tablet - FDC,"Aspen-OSD, Port Elizabeth, SA",11624,30,873,22916.25,26.25,0.88,44.92,76,6443.61,TRUE,3/24/09,3/24/09,,
107-RW-T01,Pre-PQ Process,SO-17230,DN-961,Rwanda,PMO - US,From RDC,N/A - From RDC,Truck,ARV,Adult,SCMS from RDC,"Nevirapine 200mg, tablets, 60 Tabs",Nevirapine,Generic,200mg,Tablet,"Aurobindo Unit III, India",11626,60,288,921.6,3.2,0.05,1.81,28,896.26,TRUE,10/28/08,10/28/08,,
123-NG-T01,Pre-PQ Process,SO-19380,DN-1050,Nigeria,PMO - US,From RDC,N/A - From RDC,Air,ARV,Adult,SCMS from RDC,"Emtricitabine/Tenofovir Disoproxil Fumarate 200/300mg [Truvada], tablets, 30 Tabs",Emtricitabine/Tenofovir Disoproxil Fumarate,Truvada,300/200mg,Tablet - FDC,"Aspen-OSD, Port Elizabeth, SA",11627,30,32696,858270,26.25,0.88,1682.21,2873,7363.73,TRUE,1/19/09,1/19/09,,
111-MZ-T01,Pre-PQ Process,SO-15090,DN-933,Mozambique,PMO - US,From RDC,N/A - From RDC,Air,ARV,Adult,SCMS from RDC,"Lamivudine/Nevirapine/Stavudine 150/200/30mg, tablets, 60 Tabs",Lamivudine/Nevirapine/Stavudine,Generic,150/200/30mg,Tablet - FDC,"Strides, Bangalore, India.",11628,60,27080,194976,7.2,0.12,311.96,,,FALSE,11/14/08,11/14/08,,
112-NG-T01,Pre-PQ Process,SO-20961,DN-1165,Nigeria,PMO - US,From RDC,N/A - From RDC,Air,ARV,Adult,SCMS from RDC,"Emtricitabine/Tenofovir Disoproxil Fumarate 200/300mg [Truvada], tablets, 30 Tabs",Emtricitabine/Tenofovir Disoproxil Fumarate,Truvada,300/200mg,Tablet - FDC,"Aspen-OSD, Port Elizabeth, SA",11629,30,50,1312.5,26.25,0.88,2.57,5,286.65,TRUE,4/2/09,4/2/09,,
123-NG-T01,Pre-PQ Process,SO-22832,DN-1184,Nigeria,PMO - US,From RDC,N/A - From RDC,Air,ARV,Adult,SCMS from RDC,"Nevirapine 200mg, tablets, 60 Tabs",Nevirapine,Generic,200mg,Tablet,Hetero Unit III Hyderabad IN,11630,60,5754,18412.8,3.2,0.05,36.09,318,3515.96,TRUE,4/30/09,4/30/09,,
106-HT-T01,Pre-PQ Process,SO-24830,DN-1205,Haiti,PMO - US,From RDC,N/A - From RDC,Air,ARV,Adult,SCMS from RDC,"Stavudine 15mg, capsules, 60 Caps",Stavudine,Generic,15mg,Capsule,"Aurobindo Unit III, India",11634,60,108,162,1.5,0.02,0.32,,,FALSE,5/19/09,5/19/09,,
151-NG-T01,Pre-PQ Process,SO-22527,DN-1209,Nigeria,PMO - US,From RDC,N/A - From RDC,Air Charter,ARV,Adult,SCMS from RDC,"Lamivudine/Nevirapine/Zidovudine 150/200/300mg, tablets, 60 Tabs",Lamivudine/Nevirapine/Zidovudine,Generic,150/300/200mg,Tablet - FDC,"Aurobindo Unit III, India",11635,60,1,11.4,11.4,0.19,0.02,,,FALSE,5/8/09,5/8/09,,
106-HT-T01,Pre-PQ Process,SO-24840,DN-1221,Haiti,PMO - US,From RDC,N/A - From RDC,Air,ARV,Adult,SCMS from RDC,"Stavudine 30mg, capsules, 60 Caps",Stavudine,Generic,30mg,Capsule,"Aurobindo Unit III, India",11636,60,4860,7241.4,1.49,0.02,14.19,2034,23441.88,TRUE,5/22/09,5/22/09,,
114-UG-T01,Pre-PQ Process,SO-26161,DN-1226,Uganda,PMO - US,From RDC,N/A - From RDC,Air,ARV,Adult,SCMS from RDC,"Lamivudine/Zidovudine 150/300mg, tablets, 60 Tabs",Lamivudine/Zidovudine,Generic,150/300mg,Tablet - FDC,Mylan (formerly Matrix) Nashik,11637,60,685,6000.6,8.76,0.15,11.76,67,1122.87,TRUE,6/1/09,6/1/09,,
110-ZM-T01,Pre-PQ Process,SO-17611,DN-1228,Zambia,PMO - US,From RDC,N/A - From RDC,Truck,ARV,Adult,SCMS from RDC,"Efavirenz 600mg, tablets, 30 Tabs",Efavirenz,Generic,600mg,Tablet,"Aurobindo Unit III, India",11638,30,28454,312994,11,0.37,613.47,3279,8288.78,TRUE,6/8/09,6/8/09,,
111-MZ-T01,Pre-PQ Process,SO-30440,DN-1231,Mozambique,PMO - US,From RDC,N/A - From RDC,Truck,ARV,Adult,SCMS from RDC,"Zidovudine 300mg, tablets, 60 Tabs",Zidovudine,Generic,300mg,Tablet,"Aurobindo Unit III, India",11639,60,7300,56283,7.71,0.13,110.31,,,FALSE,6/28/09,6/28/09,,
100-GH-T01,Pre-PQ Process,SO-30700,DN-1235,Ghana,PMO - US,From RDC,N/A - From RDC,Truck,ARV,Adult,SCMS from RDC,"Stavudine 20mg, capsules, 60 Caps",Stavudine,Generic,20mg,Capsule,"Aurobindo Unit III, India",11640,60,477,4.77,0.01,0,0.01,,,FALSE,8/12/09,8/12/09,,
100-GH-T01,Pre-PQ Process,SO-30700,DN-1235,Ghana,PMO - US,From RDC,N/A - From RDC,Truck,ARV,Pediatric,SCMS from RDC,"Abacavir 20mg/ml, oral solution, Bottle, 240 ml",Abacavir,Generic,20mg/ml,Oral solution,"Aurobindo Unit III, India",11641,240,374,3.74,0.01,0,0.01,,,FALSE,8/12/09,8/12/09,,
114-UG-T01,Pre-PQ Process,SO-30111,DN-1253,Uganda,PMO - US,From RDC,N/A - From RDC,Air,ARV,Adult,SCMS from RDC,"Lamivudine/Nevirapine/Zidovudine 150/200/300mg, tablets, 60 Tabs",Lamivudine/Nevirapine/Zidovudine,Generic,150/300/200mg,Tablet - FDC,Mylan (formerly Matrix) Nashik,11646,60,10371,117710.85,11.35,0.19,230.71,1273,7493.5,TRUE,6/23/09,6/23/09,,
153-NG-T01,Pre-PQ Process,SO-31170,DN-1261,Nigeria,PMO - US,From RDC,N/A - From RDC,Air Charter,ARV,Adult,SCMS from RDC,"Nevirapine 200mg, tablets, 60 Tabs",Nevirapine,Generic,200mg,Tablet,"Aurobindo Unit III, India",11647,60,24,72,3,0.05,0.14,21,7329.83,TRUE,6/16/09,6/16/09,,
106-HT-T01,Pre-PQ Process,SO-24833,DN-1279,Haiti,PMO - US,From RDC,N/A - From RDC,Air,ARV,Pediatric,SCMS from RDC,"Nevirapine 10mg/ml, oral suspension, Bottle, 240 ml",Nevirapine,Generic,10mg/ml,Oral suspension,"Aurobindo Unit III, India",11652,240,3035,5827.2,1.92,0.01,11.42,1133,7789.85,TRUE,6/18/09,6/18/09,,
106-HT-T01,Pre-PQ Process,SO-24850,DN-1280,Haiti,PMO - US,From RDC,N/A - From RDC,Air,ARV,Adult,SCMS from RDC,"Stavudine 15mg, capsules, 60 Caps",Stavudine,Generic,15mg,Capsule,"Aurobindo Unit III, India",11653,60,36,54,1.5,0.02,0.11,,,FALSE,6/18/09,6/18/09,,
114-UG-T01,Pre-PQ Process,SO-31450,DN-1282,Uganda,PMO - US,From RDC,N/A - From RDC,Air,ARV,Adult,SCMS from RDC,"Lamivudine/Zidovudine 150/300mg, tablets, 60 Tabs",Lamivudine/Zidovudine,Generic,150/300mg,Tablet - FDC,Mylan (formerly Matrix) Nashik,11654,60,6000,52560,8.76,0.15,103.02,486,3338.35,TRUE,6/23/09,6/23/09,,
114-UG-T01,Pre-PQ Process,SO-31360,DN-1287,Uganda,PMO - US,From RDC,N/A - From RDC,Air,ARV,Adult,SCMS from RDC,"Efavirenz 600mg, tablets, 30 Tabs",Efavirenz,Generic,600mg,Tablet,"Aurobindo Unit III, India",11655,30,7300,50005,6.85,0.23,98.01,,,FALSE,6/22/09,6/22/09,,
113-ZW-T01,Pre-PQ Process,SO-21010,DN-1289,Zimbabwe,PMO - US,From RDC,N/A - From RDC,Truck,ARV,Adult,SCMS from RDC,"Lamivudine/Stavudine 150/30mg, tablets, 60 Tabs",Lamivudine/Stavudine,Generic,150/30mg,Tablet - FDC,"Cipla, Goa, India",11656,60,4000,16000,4,0.07,31.36,,,FALSE,6/22/09,6/22/09,,
104-CI-T01,Pre-PQ Process,SO-27550,DN-1308,Côte d'Ivoire,PMO - US,From RDC,N/A - From RDC,Air,ARV,Pediatric,SCMS from RDC,"Lamivudine 10mg/ml, oral solution, Bottle, 240 ml",Lamivudine,Generic,10mg/ml,Oral solution,"Aurobindo Unit III, India",11657,240,3500,6650,1.9,0.01,13.03,1208,4329.01,TRUE,7/8/09,7/8/09,,
104-CI-T01,Pre-PQ Process,SO-27540,DN-1315,Côte d'Ivoire,PMO - US,From RDC,N/A - From RDC,Air,ARV,Adult,SCMS from RDC,"Nevirapine 200mg, tablets, 60 Tabs",Nevirapine,Generic,200mg,Tablet,"Aurobindo Unit III, India",11660,60,13325,39975,3,0.05,78.35,,,FALSE,7/14/09,7/14/09,,
114-UG-T01,Pre-PQ Process,SO-32120,DN-1303,Uganda,PMO - US,From RDC,N/A - From RDC,Air,ARV,Adult,SCMS from RDC,"Nevirapine 200mg, tablets, 60 Tabs",Nevirapine,Generic,200mg,Tablet,"Aurobindo Unit III, India",11661,60,2844,8247.6,2.9,0.05,16.17,1587,11206.84,TRUE,8/14/09,8/14/09,,
110-ZM-T01,Pre-PQ Process,SO-32490,DN-1328,Zambia,PMO - US,From RDC,N/A - From RDC,Truck,ARV,Adult,SCMS from RDC,"Lamivudine/Nevirapine/Stavudine 150/200/30mg, tablets, 60 Tabs",Lamivudine/Nevirapine/Stavudine,Generic,150/200/30mg,Tablet - FDC,"Cipla, Goa, India",11662,60,40126,285697.12,7.12,0.12,559.97,4414,4506.2,TRUE,9/4/09,9/4/09,,
111-MZ-T01,Pre-PQ Process,SO-26423,DN-1332,Mozambique,PMO - US,From RDC,N/A - From RDC,Truck,ARV,Adult,SCMS from RDC,"Lamivudine/Zidovudine 150/300mg, tablets, 60 Tabs",Lamivudine/Zidovudine,Generic,150/300mg,Tablet - FDC,"Aurobindo Unit III, India",11663,60,2484,21759.84,8.76,0.15,42.65,2078,2400.25,TRUE,8/27/09,8/27/09,,
111-MZ-T01,Pre-PQ Process,SO-32200,DN-1336,Mozambique,PMO - US,From RDC,N/A - From RDC,Air,ARV,Adult,SCMS from RDC,"Stavudine 30mg, capsules, 60 Caps",Stavudine,Generic,30mg,Capsule,"Strides, Bangalore, India.",11664,60,370,551.3,1.49,0.02,1.08,18,423.89,TRUE,9/3/09,9/3/09,,
151-NG-T01,Pre-PQ Process,SO-32645,DN-1339,Nigeria,PMO - US,From RDC,N/A - From RDC,Air Charter,ARV,Adult,SCMS from RDC,"Lamivudine/Nevirapine/Zidovudine 150/200/300mg, tablets, 60 Tabs",Lamivudine/Nevirapine/Zidovudine,Generic,150/300/200mg,Tablet - FDC,"Aurobindo Unit III, India",11665,60,4501,51311.4,11.4,0.19,100.57,507,7445.8,TRUE,8/4/09,8/4/09,,
151-NG-T01,Pre-PQ Process,SO-27814,DN-1349,Nigeria,PMO - US,From RDC,N/A - From RDC,Air Charter,ARV,Adult,SCMS from RDC,"Emtricitabine/Tenofovir Disoproxil Fumarate 200/300mg [Truvada], tablets, 30 Tabs",Emtricitabine/Tenofovir Disoproxil Fumarate,Truvada,300/200mg,Tablet - FDC,"Aspen-OSD, Port Elizabeth, SA",11666,30,873,22916.25,26.25,0.88,44.92,76,7445.8,TRUE,8/4/09,8/4/09,,
151-NG-T01,Pre-PQ Process,SO-27816,DN-1350,Nigeria,PMO - US,From RDC,N/A - From RDC,Air Charter,ARV,Adult,SCMS from RDC,"Emtricitabine/Tenofovir Disoproxil Fumarate 200/300mg [Truvada], tablets, 30 Tabs",Emtricitabine/Tenofovir Disoproxil Fumarate,Truvada,300/200mg,Tablet - FDC,"Aspen-OSD, Port Elizabeth, SA",11667,30,149824,3932880,26.25,0.88,7708.44,13037,7445.8,TRUE,8/4/09,8/4/09,,
104-CI-T01,Pre-PQ Process,SO-27541,DN-1355,Côte d'Ivoire,PMO - US,From RDC,N/A - From RDC,Air,ARV,Adult,SCMS from RDC,"Lamivudine/Zidovudine 150/300mg, tablets, 60 Tabs",Lamivudine/Zidovudine,Generic,150/300mg,Tablet - FDC,"Aurobindo Unit III, India",11668,60,214,1874.64,8.76,0.15,3.67,19,1133,TRUE,8/4/09,8/4/09,,
114-UG-T01,Pre-PQ Process,SO-31460,DN-1300,Uganda,PMO - US,From RDC,N/A - From RDC,Air,ARV,Adult,SCMS from RDC,"Emtricitabine/Tenofovir Disoproxil Fumarate 200/300mg [Truvada], tablets, 30 Tabs",Emtricitabine/Tenofovir Disoproxil Fumarate,Truvada,300/200mg,Tablet - FDC,"Aspen-OSD, Port Elizabeth, SA",11669,30,1201,31526.25,26.25,0.88,61.79,327,2737.97,TRUE,9/15/09,9/15/09,,
106-HT-T01,Pre-PQ Process,SO-32740,DN-1371,Haiti,PMO - US,From RDC,N/A - From RDC,Air,ARV,Pediatric,SCMS from RDC,"Stavudine 1mg/ml, powder for oral solution, 200 ml",Stavudine,Generic,1mg/ml,Oral solution,"Aurobindo Unit III, India",11670,200,400,560,1.4,0.01,1.1,39,6811.39,TRUE,7/31/09,7/31/09,,
110-ZM-T01,Pre-PQ Process,SO-32550,DN-1382,Zambia,PMO - US,From RDC,N/A - From RDC,Truck,ARV,Adult,SCMS from RDC,"Abacavir 300mg, tablets, 60 Tabs",Abacavir,Generic,300mg,Tablet,Mylan (formerly Matrix) Nashik,11672,60,10406,264832.7,25.45,0.42,519.07,,,FALSE,8/17/09,8/17/09,,
110-ZM-T01,Pre-PQ Process,SO-29040,DN-1386,Zambia,PMO - US,From RDC,N/A - From RDC,Truck,ARV,Adult,SCMS from RDC,"Efavirenz 600mg, tablets, 30 Tabs",Efavirenz,Generic,600mg,Tablet,"Aurobindo Unit III, India",11673,30,120000,960000,8,0.27,1881.6,20144,8281.69,TRUE,9/15/09,9/15/09,,
104-CI-T01,Pre-PQ Process,SO-32830,DN-1387,Côte d'Ivoire,PMO - US,From RDC,N/A - From RDC,Air,ARV,Pediatric,SCMS from RDC,"Nevirapine 10mg/ml, oral suspension, Bottle, 240 ml",Nevirapine,Generic,10mg/ml,Oral suspension,"Aurobindo Unit III, India",11674,240,2917,5600.64,1.92,0.01,10.98,1348,5233.52,TRUE,8/25/09,8/25/09,,
104-CI-T01,Pre-PQ Process,SO-32830,DN-1387,Côte d'Ivoire,PMO - US,From RDC,N/A - From RDC,Air,ARV,Pediatric,SCMS from RDC,"Zidovudine 100mg, capsules, 100 Caps",Zidovudine,Generic,100mg,Capsule,"Aurobindo Unit III, India",11675,100,3612,18060,5,0.05,35.4,,,FALSE,8/25/09,8/25/09,,
110-ZM-T01,Pre-PQ Process,SO-32500,DN-1394,Zambia,PMO - US,From RDC,N/A - From RDC,Truck,ARV,Adult,SCMS from RDC,"Lamivudine/Nevirapine/Stavudine 150/200/30mg, tablets, 60 Tabs",Lamivudine/Nevirapine/Stavudine,Generic,150/200/30mg,Tablet - FDC,"Cipla, Goa, India",11677,60,2393,17038.16,7.12,0.12,33.39,256,2014.86,TRUE,8/21/09,8/21/09,,
114-UG-T01,Pre-PQ Process,SO-32920,DN-1397,Uganda,PMO - US,From RDC,N/A - From RDC,Air,ARV,Adult,SCMS from RDC,"Nevirapine 200mg, tablets, 60 Tabs",Nevirapine,Generic,200mg,Tablet,"Aurobindo Unit III, India",11678,60,4564,13235.6,2.9,0.05,25.94,847,4999.48,TRUE,8/24/09,8/24/09,,
104-CI-T01,Pre-PQ Process,SO-32240,DN-1398,Côte d'Ivoire,PMO - US,From RDC,N/A - From RDC,Air,ARV,Adult,SCMS from RDC,"Efavirenz 600mg, tablets, 30 Tabs",Efavirenz,Generic,600mg,Tablet,"Aurobindo Unit III, India",11679,30,15000,102750,6.85,0.23,201.39,1582,6037.19,TRUE,9/8/09,9/8/09,,
114-UG-T01,Pre-PQ Process,SO-32150,DN-1418,Uganda,PMO - US,From RDC,N/A - From RDC,Air,ARV,Adult,SCMS from RDC,"Lamivudine/Zidovudine 150/300mg, tablets, 60 Tabs",Lamivudine/Zidovudine,Generic,150/300mg,Tablet - FDC,Mylan (formerly Matrix) Nashik,11680,60,13000,113880,8.76,0.15,223.2,1051,6575.7,TRUE,9/11/09,9/11/09,,
110-ZM-T01,Pre-PQ Process,SO-29030,DN-1407,Zambia,PMO - US,From RDC,N/A - From RDC,Truck,ARV,Adult,SCMS from RDC,"Nevirapine 200mg, tablets, 60 Tabs",Nevirapine,Generic,200mg,Tablet,"Aurobindo Unit III, India",11681,60,84282,252846,3,0.05,495.58,13680,16339.98,TRUE,10/19/09,10/19/09,,
104-CI-T01,Pre-PQ Process,SO-33220,DN-1422,Côte d'Ivoire,PMO - US,From RDC,N/A - From RDC,Air,ARV,Pediatric,SCMS from RDC,"Zidovudine 10mg/ml, oral solution, Bottle, 240 ml",Zidovudine,Generic,10mg/ml,Oral solution,"Aurobindo Unit III, India",11682,240,5527,11606.7,2.1,0.01,22.75,5317,11005.67,TRUE,9/16/09,9/16/09,,
104-CI-T01,Pre-PQ Process,SO-33230,DN-1427,Côte d'Ivoire,PMO - US,From RDC,N/A - From RDC,Air,ARV,Adult,SCMS from RDC,"Lamivudine 150mg, tablets, 60 Tabs",Lamivudine,Generic,150mg,Tablet,"Aurobindo Unit III, India",11683,60,4400,10736,2.44,0.04,21.04,640,5678.7,TRUE,9/25/09,9/25/09,,
151-NG-T01,Pre-PQ Process,SO-33335,DN-1436,Nigeria,PMO - US,From RDC,N/A - From RDC,Air Charter,ARV,Adult,SCMS from RDC,"Lamivudine/Nevirapine/Zidovudine 150/200/300mg, tablets, 60 Tabs",Lamivudine/Nevirapine/Zidovudine,Generic,150/300/200mg,Tablet - FDC,"Aurobindo Unit III, India",11684,60,5060,57684,11.4,0.19,113.06,570,9341.49,TRUE,10/20/09,10/20/09,,
151-NG-T01,Pre-PQ Process,SO-27825,DN-1444,Nigeria,PMO - US,From RDC,N/A - From RDC,Air Charter,ARV,Adult,SCMS from RDC,"Emtricitabine/Tenofovir Disoproxil Fumarate 200/300mg, tablets, 30 Tabs",Emtricitabine/Tenofovir Disoproxil Fumarate,Generic,200/300mg,Tablet - FDC,Mylan (formerly Matrix) Nashik,11685,30,243,2855.25,11.75,0.39,5.6,22,9341.49,TRUE,10/20/09,10/20/09,,
111-MZ-T01,Pre-PQ Process,SO-26424,DN-1457,Mozambique,PMO - US,From RDC,N/A - From RDC,Truck,ARV,Adult,SCMS from RDC,"Lamivudine/Zidovudine 150/300mg, tablets, 60 Tabs",Lamivudine/Zidovudine,Generic,150/300mg,Tablet - FDC,"Aurobindo Unit III, India",11687,60,9288,81362.88,8.76,0.15,159.47,979,1588.06,TRUE,10/7/09,10/7/09,,
111-MZ-T01,Pre-PQ Process,SO-33580,DN-1467,Mozambique,PMO - US,From RDC,N/A - From RDC,Air,ARV,Adult,SCMS from RDC,"Lamivudine/Zidovudine 150/300mg, tablets, 60 Tabs",Lamivudine/Zidovudine,Generic,150/300mg,Tablet - FDC,"Aurobindo Unit III, India",11688,60,16524,144750.23,8.76,0.15,283.71,1488,4764.16,TRUE,11/7/09,11/7/09,,
114-UG-T01,Pre-PQ Process,SO-33000,DN-1468,Uganda,PMO - US,From RDC,N/A - From RDC,Air,ARV,Adult,SCMS from RDC,"Lamivudine/Nevirapine/Zidovudine 150/200/300mg, tablets, 60 Tabs",Lamivudine/Nevirapine/Zidovudine,Generic,150/300/200mg,Tablet - FDC,"Aurobindo Unit III, India",11689,60,350,3972.5,11.35,0.19,7.79,45,749.25,TRUE,10/12/09,10/12/09,,
109-TZ-T01,Pre-PQ Process,SO-31283,DN-1470,Tanzania,PMO - US,From RDC,N/A - From RDC,Truck,ARV,Adult,SCMS from RDC,"Abacavir 300mg, tablets, 60 Tabs",Abacavir,Generic,300mg,Tablet,"Aurobindo Unit III, India",11690,60,3752,95488.4,25.45,0.42,187.16,,,FALSE,10/26/09,10/26/09,,
117-ET-T01,Pre-PQ Process,SO-33750,DN-1484,Ethiopia,PMO - US,From RDC,N/A - From RDC,Air,ARV,Pediatric,SCMS from RDC,"Abacavir 20mg/ml, oral solution, Bottle, 240 ml",Abacavir,Generic,20mg/ml,Oral solution,"Aurobindo Unit III, India",11691,240,100,1464,14.64,0.06,3.16,18,523.45,TRUE,10/20/09,10/20/09,,
151-NG-T01,Pre-PQ Process,SO-33333,DN-1483,Nigeria,PMO - US,From RDC,N/A - From RDC,Air,ARV,Adult,SCMS from RDC,"Lamivudine/Nevirapine/Zidovudine 150/200/300mg, tablets, 60 Tabs",Lamivudine/Nevirapine/Zidovudine,Generic,150/300/200mg,Tablet - FDC,Mylan (formerly Matrix) Nashik,11692,60,60840,693576,11.4,0.19,1495.35,7663,33279.39,TRUE,12/18/09,12/18/09,,
100-LB-T01,Pre-PQ Process,SO-33900,DN-1487,Lebanon,PMO - US,From RDC,N/A - From RDC,Air,ARV,Pediatric,SCMS from RDC,"Didanosine 100mg, chewable/dispersible tablets, 60 Tabs",Didanosine,Generic,100mg,Chewable/dispersible tablet,"Aurobindo Unit III, India",11693,60,120,1.2,0.01,0,0,,,FALSE,11/18/09,11/18/09,,
100-LB-T01,Pre-PQ Process,SO-33910,DN-1488,Lebanon,PMO - US,From RDC,N/A - From RDC,Air,ARV,Adult,SCMS from RDC,"Lamivudine 150mg, tablets, 60 Tabs",Lamivudine,Generic,150mg,Tablet,Hetero Unit III Hyderabad IN,11694,60,200,2,0.01,0,0,,,FALSE,11/24/09,11/24/09,,
110-ZM-T01,Pre-PQ Process,SO-33620,DN-1496,Zambia,PMO - US,From RDC,N/A - From RDC,Truck,ARV,Adult,SCMS from RDC,"Lamivudine/Zidovudine 150/300mg, tablets, 60 Tabs",Lamivudine/Zidovudine,Generic,150/300mg,Tablet - FDC,"Aurobindo Unit III, India",11695,60,31240,273662.4,8.76,0.15,590.02,2832,4897.42,TRUE,10/29/09,10/29/09,,
117-ET-T01,Pre-PQ Process,SO-34570,DN-1558,Ethiopia,PMO - US,From RDC,N/A - From RDC,Air,ARV,Adult,SCMS from RDC,"Nevirapine 200mg, tablets, 60 Tabs",Nevirapine,Generic,200mg,Tablet,"Aurobindo Unit III, India",11697,60,6661,19316.9,2.9,0.05,41.65,778,4702.02,TRUE,11/26/09,11/26/09,,
111-MZ-T01,Pre-PQ Process,SO-323,DN-15,Mozambique,PMO - US,From RDC,N/A - From RDC,Air,ARV,Adult,SCMS from RDC,"Stavudine 15mg, capsules, 60 Caps",Stavudine,Generic,15mg,Capsule,"Aurobindo Unit III, India",11698,60,3287,7724.45,2.35,0.04,,,,FALSE,2/1/07,2/1/07,,
100-CI-T01,Pre-PQ Process,SO-283,DN-16,Côte d'Ivoire,PMO - US,From RDC,N/A - From RDC,N/A,ARV,Adult,SCMS from RDC,"Tenofovir Disoproxil Fumarate 300mg [Viread], tablets, 30 Tabs",Tenofovir Disoproxil Fumarate,Viread,300mg,Tablet,Gilead(Nycomed) Oranienburg DE,11703,30,384,6528,17,0.57,,,,FALSE,2/22/07,2/22/07,,
102-GY-T01,Pre-PQ Process,SO-387,DN-42,Guyana,PMO - US,From RDC,N/A - From RDC,Air,HRDT,HIV test,SCMS from RDC,"HIV 1/2, Determine Complete HIV Kit, 100 Tests","HIV 1/2, Determine Complete HIV Kit",Determine,N/A,Test kit,ABBVIE GmbH & Co.KG Wiesbaden,11706,100,210,16800,80,0.8,,60,6012,TRUE,3/8/07,3/8/07,,
110-ZM-T01,Pre-PQ Process,SO-355,DN-87,Zambia,PMO - US,From RDC,N/A - From RDC,N/A,HRDT,HIV test,SCMS from RDC,"HIV 1/2, Uni-Gold HIV Kit, 20 Tests","HIV 1/2, Uni-Gold HIV Kit",Uni-Gold,N/A,Test kit,"Trinity Biotech, Plc",11707,20,3500,112000,32,1.6,,1109,9437.24,TRUE,5/3/07,5/3/07,,
111-MZ-T01,Pre-PQ Process,SO-458,DN-90,Mozambique,PMO - US,From RDC,N/A - From RDC,Air,ARV,Adult,SCMS from RDC,"Zidovudine 300mg, tablets, 60 Tabs",Zidovudine,Generic,300mg,Tablet,"Ranbaxy, Paonta Shahib, India",11708,60,4000,34080,8.52,0.14,,,596.4,TRUE,5/4/07,5/4/07,,
112-NG-T01,Pre-PQ Process,SO-340,DN-72,Nigeria,PMO - US,From RDC,N/A - From RDC,N/A,ARV,Pediatric,SCMS from RDC,"Lamivudine 10mg/ml, oral solution, Bottle, 240 ml",Lamivudine,Generic,10mg/ml,Oral solution,"Aurobindo Unit III, India",11709,240,1200,2640,2.2,0.01,,,,FALSE,4/17/07,4/17/07,,
112-NG-T01,Pre-PQ Process,SO-342,DN-94,Nigeria,PMO - US,From RDC,N/A - From RDC,N/A,ARV,Adult,SCMS from RDC,"Lamivudine/Zidovudine+Nevirapine 150/300+200mg, tablets, co-blister, 60+60 Tabs",Lamivudine/Zidovudine+Nevirapine,Generic,150/300+200mg,Tablet - FDC + co-blister,"Aspen-OSD, Port Elizabeth, SA",11710,120,2703,55411.5,20.5,0.17,,401,2208,TRUE,4/17/07,4/17/07,,
100-HT-T01,Pre-PQ Process,SO-419,DN-111,Haiti,PMO - US,From RDC,N/A - From RDC,N/A,HRDT,HIV test,SCMS from RDC,"HIV 1/2, OraQuick Advance HIV Rapid Antibody Kit, 100 Tests","HIV 1/2, OraQuick Advance HIV Rapid Antibody Kit",OraQuick,N/A,Test kit,"Pacific Biotech, Thailand",11711,100,10,4000,400,4,,24,1027,TRUE,5/11/07,5/11/07,,
100-HT-T01,Pre-PQ Process,SO-504,DN-112,Haiti,PMO - US,From RDC,N/A - From RDC,Air,HRDT,HIV test,SCMS from RDC,"HIV 1/2, OraQuick Advance HIV Rapid Antibody Kit, 100 Tests","HIV 1/2, OraQuick Advance HIV Rapid Antibody Kit",OraQuick,N/A,Test kit,"Pacific Biotech, Thailand",11712,100,15,6000,400,4,,,977.64,TRUE,5/8/07,5/8/07,,
100-CI-T01,Pre-PQ Process,SO-391,DN-52,Côte d'Ivoire,PMO - US,From RDC,N/A - From RDC,N/A,ARV,Adult,SCMS from RDC,"Efavirenz 600mg, tablets, 30 Tabs",Efavirenz,Generic,600mg,Tablet,"Aurobindo Unit III, India",11713,30,10000,162500,16.25,0.54,,910,3026,TRUE,5/4/07,5/4/07,,
100-CI-T01,Pre-PQ Process,SO-286,DN-71,Côte d'Ivoire,PMO - US,From RDC,N/A - From RDC,N/A,ARV,Adult,SCMS from RDC,"Abacavir 300mg, tablets, 60 Tabs",Abacavir,Generic,300mg,Tablet,"Aurobindo Unit III, India",11714,60,68,2995.4,44.05,0.73,,,,FALSE,4/30/07,4/30/07,,
102-GY-T01,Pre-PQ Process,SO-509,DN-128,Guyana,PMO - US,From RDC,N/A - From RDC,N/A,HRDT,HIV test,SCMS from RDC,"HIV 1/2, Determine Complete HIV Kit, 100 Tests","HIV 1/2, Determine Complete HIV Kit",Determine,N/A,Test kit,ABBVIE GmbH & Co.KG Wiesbaden,11715,100,100,8000,80,0.8,,32,944.67,TRUE,6/7/07,6/7/07,,
102-NG-T01,Pre-PQ Process,SO-473,DN-116,Nigeria,PMO - US,From RDC,N/A - From RDC,N/A,HRDT,HIV test,SCMS from RDC,"HIV 1/2, Stat-Pak HIV, Kit, 20 Tests","HIV 1/2, Stat-Pak HIV, Kit",Stat-Pak,N/A,Test kit,Chembio Diagnostics Sys. Inc.,11716,20,5250,141750,27,1.35,,1699,8526.94,TRUE,4/30/07,4/30/07,,
100-CI-T01,Pre-PQ Process,SO-439,DN-86,Côte d'Ivoire,PMO - US,From RDC,N/A - From RDC,N/A,ARV,Adult,SCMS from RDC,"Lamivudine/Nevirapine/Stavudine 150/200/30mg, tablets, 60 Tabs",Lamivudine/Nevirapine/Stavudine,Generic,150/200/30mg,Tablet - FDC,"Cipla, Goa, India",11718,60,9000,67500,7.5,0.12,,992,3205,TRUE,4/30/07,4/30/07,,
111-MZ-T01,Pre-PQ Process,SO-293,DN-44,Mozambique,PMO - US,From RDC,N/A - From RDC,Air,ARV,Adult,SCMS from RDC,"Lamivudine/Nevirapine/Zidovudine 150/200/300mg, tablets, 60 Tabs",Lamivudine/Nevirapine/Zidovudine,Generic,150/300/200mg,Tablet - FDC,"Aurobindo Unit III, India",11719,60,30000,525000,17.5,0.29,,,,FALSE,4/17/07,4/17/07,,
100-CI-T01,Pre-PQ Process,SO-393,DN-62,Côte d'Ivoire,PMO - US,From RDC,N/A - From RDC,N/A,ARV,Adult,SCMS from RDC,"Lamivudine/Zidovudine 150/300mg, tablets, 60 Tabs",Lamivudine/Zidovudine,Generic,150/300mg,Tablet - FDC,"Aurobindo Unit III, India",11721,60,10000,102500,10.25,0.17,,963,3142,TRUE,5/4/07,5/4/07,,
100-CI-T01,Pre-PQ Process,SO-440,DN-79,Côte d'Ivoire,PMO - US,From RDC,N/A - From RDC,N/A,ARV,Adult,SCMS from RDC,"Lamivudine/Nevirapine/Stavudine 150/200/30mg, tablets, 60 Tabs",Lamivudine/Nevirapine/Stavudine,Generic,150/200/30mg,Tablet - FDC,"Cipla, Goa, India",11722,60,1000,7500,7.5,0.12,,104,1458,TRUE,4/30/07,4/30/07,,
100-CI-T01,Pre-PQ Process,SO-435,DN-81,Côte d'Ivoire,PMO - US,From RDC,N/A - From RDC,N/A,ARV,Adult,SCMS from RDC,"Lamivudine/Nevirapine/Stavudine 150/200/30mg, tablets, 60 Tabs",Lamivudine/Nevirapine/Stavudine,Generic,150/200/30mg,Tablet - FDC,"Cipla, Goa, India",11723,60,9000,67500,7.5,0.12,,969,3155,TRUE,4/30/07,4/30/07,,
113-ZW-T01,Pre-PQ Process,SO-279,DN-187,Zimbabwe,PMO - US,From RDC,N/A - From RDC,N/A,ARV,Adult,SCMS from RDC,"Zidovudine 300mg, tablets, 60 Tabs",Zidovudine,Generic,300mg,Tablet,"Ranbaxy, Paonta Shahib, India",11724,60,534,5217.18,9.77,0.16,8.35,,,FALSE,6/12/07,6/12/07,,
110-ZM-T01,Pre-PQ Process,SO-615,DN-201,Zambia,PMO - US,From RDC,N/A - From RDC,Air,ARV,Pediatric,SCMS from RDC,"Efavirenz 200mg, capsule, 90 Caps",Efavirenz,Generic,200mg,Capsule,"Aurobindo Unit III, India",11725,90,3436,58240.2,16.95,0.19,93.18,395,1848.37,TRUE,6/26/07,6/26/07,,
104-CI-T01,Pre-PQ Process,SO-519,DN-199,Côte d'Ivoire,PMO - US,From RDC,N/A - From RDC,N/A,ARV,Adult,SCMS from RDC,"Efavirenz 600mg, tablets, 30 Tabs",Efavirenz,Generic,600mg,Tablet,"Aurobindo Unit III, India",11731,30,61468,999469.7,16.26,0.54,1599.15,,,FALSE,7/5/07,7/5/07,,
109-TZ-T01,Pre-PQ Process,SO-632,DN-169,Tanzania,PMO - US,From RDC,N/A - From RDC,Air,ARV,Adult,SCMS from RDC,"Efavirenz 600mg, tablets, 30 Tabs",Efavirenz,Generic,600mg,Tablet,"Aurobindo Unit III, India",11732,30,28665,466092.9,16.26,0.54,,2515,6834,TRUE,7/6/07,7/6/07,,
112-NG-T01,Pre-PQ Process,SO-555,DN-180,Nigeria,PMO - US,From RDC,N/A - From RDC,N/A,ARV,Adult,SCMS from RDC,"Lamivudine/Nevirapine/Stavudine 150/200/40mg, tablets, 60 Tabs",Lamivudine/Nevirapine/Stavudine,Generic,150/200/40mg,Tablet - FDC,"Cipla, Goa, India",11733,60,1370,10549,7.7,0.13,,142,1489.52,TRUE,6/26/07,6/26/07,,
113-ZW-T01,Pre-PQ Process,SO-278,DN-141,Zimbabwe,PMO - US,From RDC,N/A - From RDC,N/A,ARV,Adult,SCMS from RDC,"Zidovudine 300mg, tablets, 60 Tabs",Zidovudine,Generic,300mg,Tablet,"Ranbaxy, Paonta Shahib, India",11735,60,470,4591.9,9.77,0.16,,,,FALSE,5/20/07,5/20/07,,
120-AO-T01,Pre-PQ Process,SO-779,DN-249,Angola,PMO - US,From RDC,N/A - From RDC,Truck,HRDT,HIV test,SCMS from RDC,"HIV 1/2, Uni-Gold HIV Kit, 20 Tests","HIV 1/2, Uni-Gold HIV Kit",Uni-Gold,N/A,Test kit,"Trinity Biotech, Plc",11737,20,150,4800,32,1.6,7.68,54,952.04,TRUE,10/15/07,10/15/07,,
100-ZW-T01,Pre-PQ Process,SO-720,DN-269,Zimbabwe,PMO - US,From RDC,N/A - From RDC,Truck,ARV,Adult,SCMS from RDC,"Lamivudine/Stavudine 150/30mg, tablets, 30 Tabs",Lamivudine/Stavudine,Generic,150/30mg,Tablet - FDC,"Cipla, Goa, India",11738,30,6400,12800,2,0.07,20.48,570,5348,TRUE,8/17/07,8/17/07,,
100-ZW-T01,Pre-PQ Process,SO-720,DN-269,Zimbabwe,PMO - US,From RDC,N/A - From RDC,Truck,ARV,Adult,SCMS from RDC,"Lamivudine/Stavudine 150/30mg, tablets, 30 Tabs",Lamivudine/Stavudine,Generic,150/30mg,Tablet - FDC,"Cipla, Goa, India",11739,30,1600,3200,2,0.07,5.12,,,FALSE,8/17/07,8/17/07,,
109-TZ-T01,Pre-PQ Process,SO-757,DN-237,Tanzania,PMO - US,From RDC,N/A - From RDC,N/A,HRDT,HIV test,SCMS from RDC,"HIV 1/2, Capillus HIV Kit, 100 Tests","HIV 1/2, Capillus HIV Kit",Capillus,N/A,Test kit,"Trinity Biotech, Plc",11740,100,300,41700,139,1.39,66.72,176,2102,TRUE,7/19/07,7/19/07,,
109-TZ-T01,Pre-PQ Process,SO-769,DN-275,Tanzania,PMO - US,From RDC,N/A - From RDC,Air,ARV,Adult,SCMS from RDC,"Nevirapine 200mg, tablets, 60 Tabs",Nevirapine,Generic,200mg,Tablet,"Aurobindo Unit III, India",11741,60,11807,42150.99,3.57,0.06,67.44,1802,3267,TRUE,8/22/07,8/22/07,,
109-TZ-T01,Pre-PQ Process,SO-307,DN-276,Tanzania,PMO - US,From RDC,N/A - From RDC,Air,HRDT,HIV test,SCMS from RDC,"HIV 1/2, Uni-Gold HIV Kit, 20 Tests","HIV 1/2, Uni-Gold HIV Kit",Uni-Gold,N/A,Test kit,"Trinity Biotech, Plc",11742,20,100,3200,32,1.6,5.12,36,939.62,TRUE,8/22/07,8/22/07,,
110-ZM-T01,Pre-PQ Process,SO-751,DN-284,Zambia,PMO - US,From RDC,N/A - From RDC,N/A,ARV,Pediatric,SCMS from RDC,"Abacavir 20mg/ml, oral solution, Bottle, 240 ml",Abacavir,Generic,20mg/ml,Oral solution,"Aurobindo Unit III, India",11743,240,500,8250,16.5,0.07,13.2,178,1105.9,TRUE,8/7/07,8/7/07,,
109-TZ-T01,Pre-PQ Process,SO-445,DN-241,Tanzania,PMO - US,From RDC,N/A - From RDC,Air,ARV,Adult,SCMS from RDC,"Lamivudine/Zidovudine 150/300mg, tablets, 60 Tabs",Lamivudine/Zidovudine,Generic,150/300mg,Tablet - FDC,"Aurobindo Unit III, India",11744,60,10977,117234.36,10.68,0.18,187.57,957,3243,TRUE,7/30/07,7/30/07,,
110-ZM-T01,Pre-PQ Process,SO-315,DN-228,Zambia,PMO - US,From RDC,N/A - From RDC,N/A,ARV,Adult,SCMS from RDC,"Emtricitabine/Tenofovir Disoproxil Fumarate 200/300mg [Truvada], tablets, 30 Tabs",Emtricitabine/Tenofovir Disoproxil Fumarate,Truvada,300/200mg,Tablet - FDC,Gilead(Nycomed) Oranienburg DE,11745,30,12000,315000,26.25,0.88,504,1005,4407.26,TRUE,7/9/07,7/9/07,,
109-TZ-T01,Pre-PQ Process,SO-633,DN-243,Tanzania,PMO - US,From RDC,N/A - From RDC,Air,ARV,Adult,SCMS from RDC,"Lopinavir/Ritonavir 200/50mg [Aluvia], tablets, 120 Tabs",Lopinavir/Ritonavir,Aluvia,200/50mg,Tablet,ABBVIE Ludwigshafen Germany,11747,120,1155,47470.5,41.1,0.34,75.95,255,1388,TRUE,7/30/07,7/30/07,,
109-TZ-T01,Pre-PQ Process,SO-748,DN-230,Tanzania,PMO - US,From RDC,N/A - From RDC,Air,HRDT,HIV test,SCMS from RDC,"HIV 1/2, Bioline 3.0 Kit, Lancets, Capillary pipets, Alcohol swabs included, 25 Tests","HIV 1/2, Bioline 3.0 Kit, Lancets, Capillary pipets, Alcohol swabs included",Bioline,N/A,Test kit,"Standard Diagnostics, Korea",11749,25,6356,127120,20,0.8,203.39,1879,9538.74,TRUE,7/18/07,7/18/07,,
110-ZM-T01,Pre-PQ Process,SO-538,DN-254,Zambia,PMO - US,From RDC,N/A - From RDC,N/A,HRDT,HIV test,SCMS from RDC,"HIV 1/2, Uni-Gold HIV Kit, 20 Tests","HIV 1/2, Uni-Gold HIV Kit",Uni-Gold,N/A,Test kit,"Trinity Biotech, Plc",11750,20,2453,78496,32,1.6,125.59,821,5234.8,TRUE,7/27/07,7/27/07,,
111-MZ-T01,Pre-PQ Process,SO-499,DN-258,Mozambique,PMO - US,From RDC,N/A - From RDC,Air,ARV,Pediatric,SCMS from RDC,"Abacavir 20mg/ml, oral solution, Bottle, 240 ml",Abacavir,Generic,20mg/ml,Oral solution,"Aurobindo Unit III, India",11751,240,1306,28079,21.5,0.09,44.93,,,FALSE,8/15/07,8/15/07,,
109-TZ-T01,Pre-PQ Process,SO-455,DN-290,Tanzania,PMO - US,From RDC,N/A - From RDC,N/A,ARV,Adult,SCMS from RDC,"Lamivudine/Zidovudine 150/300mg, tablets, 60 Tabs",Lamivudine/Zidovudine,Generic,150/300mg,Tablet - FDC,"Aurobindo Unit III, India",11753,60,10000,106800,10.68,0.18,170.88,,,FALSE,9/10/07,9/10/07,,
109-TZ-T01,Pre-PQ Process,SO-771,DN-293,Tanzania,PMO - US,From RDC,N/A - From RDC,N/A,ARV,Adult,SCMS from RDC,"Abacavir 300mg, tablets, 60 Tabs",Abacavir,Generic,300mg,Tablet,"Aurobindo Unit III, India",11754,60,7661,274263.8,35.8,0.6,438.82,750,3901.78,TRUE,9/26/07,9/26/07,,
111-MZ-T01,Pre-PQ Process,SO-298,DN-304,Mozambique,PMO - US,From RDC,N/A - From RDC,Air,ARV,Adult,SCMS from RDC,"Lamivudine/Nevirapine/Zidovudine 150/200/300mg, tablets, 60 Tabs",Lamivudine/Nevirapine/Zidovudine,Generic,150/300/200mg,Tablet - FDC,"Aurobindo Unit III, India",11755,60,9838,172165,17.5,0.29,275.46,,,FALSE,9/21/07,9/21/07,,
111-MZ-T01,Pre-PQ Process,SO-298,DN-304,Mozambique,PMO - US,From RDC,N/A - From RDC,Air,ARV,Pediatric,SCMS from RDC,"Efavirenz 50mg, capsule, 30 Caps",Efavirenz,Generic,50mg,Capsule,"Aurobindo Unit III, India",11756,30,2414,8255.88,3.42,0.11,13.21,,,FALSE,9/21/07,9/21/07,,
104-CI-T01,Pre-PQ Process,SO-589,DN-314,Côte d'Ivoire,PMO - US,From RDC,N/A - From RDC,N/A,ARV,Pediatric,SCMS from RDC,"Efavirenz 50mg [Stocrin/Sustiva], capsule, 30 Caps",Efavirenz,Stocrin/Sustiva,50mg,Capsule,"MSD, Haarlem, NL",11757,30,485,1682.95,3.47,0.12,2.69,285,1786,TRUE,8/24/07,8/24/07,,
104-CI-T01,Pre-PQ Process,SO-589,DN-314,Côte d'Ivoire,PMO - US,From RDC,N/A - From RDC,N/A,ARV,Pediatric,SCMS from RDC,"Efavirenz 50mg [Stocrin/Sustiva], capsule, 30 Caps",Efavirenz,Stocrin/Sustiva,50mg,Capsule,"MSD, Haarlem, NL",11758,30,4515,15667.05,3.47,0.12,25.07,,,FALSE,8/24/07,8/24/07,,
113-ZW-T01,Pre-PQ Process,SO-892,DN-300,Zimbabwe,PMO - US,From RDC,N/A - From RDC,Truck,HRDT,HIV test,SCMS from RDC,"HIV 1/2, Determine Complete HIV Kit, 100 Tests","HIV 1/2, Determine Complete HIV Kit",Determine,N/A,Test kit,ABBVIE GmbH & Co.KG Wiesbaden,11761,100,1500,120000,80,0.8,192,343,1645.12,TRUE,8/24/07,8/24/07,,
100-ZW-T01,Pre-PQ Process,SO-718,DN-303,Zimbabwe,PMO - US,From RDC,N/A - From RDC,Truck,ARV,Adult,SCMS from RDC,"Lamivudine/Nevirapine/Stavudine 150/200/30mg, tablets, 60 Tabs",Lamivudine/Nevirapine/Stavudine,Generic,150/200/30mg,Tablet - FDC,"Cipla, Goa, India",11762,60,125000,925000,7.4,0.12,1480,12779,41772.09,TRUE,8/28/07,8/28/07,,
113-ZW-T01,Pre-PQ Process,SO-292,DN-317,Zimbabwe,PMO - US,From RDC,N/A - From RDC,N/A,ARV,Adult,SCMS from RDC,"Nevirapine 200mg, tablets, 60 Tabs",Nevirapine,Generic,200mg,Tablet,"Aurobindo Unit III, India",11764,60,1629,5978.43,3.67,0.06,9.57,152,912.45,TRUE,8/28/07,8/28/07,,
110-ZM-T01,Pre-PQ Process,SO-908,DN-319,Zambia,PMO - US,From RDC,N/A - From RDC,Air,ARV,Adult,SCMS from RDC,"Stavudine 20mg, capsules, 60 Caps",Stavudine,Generic,20mg,Capsule,"Aurobindo Unit III, India",11765,60,1119,1958.25,1.75,0.03,3.13,1581,5663,TRUE,8/29/07,8/29/07,,
104-CI-T01,Pre-PQ Process,SO-959,DN-320,Côte d'Ivoire,PMO - US,From RDC,N/A - From RDC,N/A,ARV,Pediatric,SCMS from RDC,"Lamivudine 10mg/ml, oral solution, Bottle, 240 ml",Lamivudine,Generic,10mg/ml,Oral solution,"Cipla, Goa, India",11766,240,2523,4970.31,1.97,0.01,7.95,,,FALSE,8/30/07,8/30/07,,
104-CI-T01,Pre-PQ Process,SO-959,DN-320,Côte d'Ivoire,PMO - US,From RDC,N/A - From RDC,N/A,ARV,Adult,SCMS from RDC,"Zidovudine 300mg, tablets, 60 Tabs",Zidovudine,Generic,300mg,Tablet,"Aurobindo Unit III, India",11767,60,7586,61825.9,8.15,0.14,98.92,,,FALSE,8/30/07,8/30/07,,
119-NA-T01,Pre-PQ Process,SO-1007,DN-358,Namibia,PMO - US,From RDC,N/A - From RDC,Air,HRDT,HIV test,SCMS from RDC,"HIV 1/2, Determine Complete HIV Kit, 100 Tests","HIV 1/2, Determine Complete HIV Kit",Determine,N/A,Test kit,ABBVIE GmbH & Co.KG Wiesbaden,11769,100,170,13600,80,0.8,21.76,39,541.42,TRUE,9/21/07,9/21/07,,
104-CI-T01,Pre-PQ Process,SO-997,DN-324,Côte d'Ivoire,PMO - US,From RDC,N/A - From RDC,N/A,ARV,Pediatric,SCMS from RDC,"Nevirapine 10mg/ml, oral suspension, Bottle, 240 ml",Nevirapine,Generic,10mg/ml,Oral suspension,"Aurobindo Unit III, India",11780,240,2938,5640.96,1.92,0.01,9.03,,,FALSE,8/31/07,8/31/07,,
100-ZW-T01,Pre-PQ Process,SO-705,DN-355,Zimbabwe,PMO - US,From RDC,N/A - From RDC,Truck,ARV,Adult,SCMS from RDC,"Efavirenz 600mg, tablets, 30 Tabs",Efavirenz,Generic,600mg,Tablet,"Cipla, Goa, India",11787,30,1860,23101.2,12.42,0.41,36.96,3951,13788.25,TRUE,9/20/07,9/20/07,,
104-CI-T01,Pre-PQ Process,SO-964,DN-379,Côte d'Ivoire,PMO - US,From RDC,N/A - From RDC,Air,ARV,Adult,SCMS from RDC,"Ritonavir 100mg [Norvir], capsules, cool, 4 x 84 Caps",Ritonavir,Norvir,100mg,Capsule,ABBVIE (Abbott) France,11792,336,1455,55813.8,38.36,0.11,89.3,,,FALSE,10/15/07,10/15/07,,
110-ZM-T01,Pre-PQ Process,SO-976,DN-384,Zambia,PMO - US,From RDC,N/A - From RDC,N/A,ARV,Adult,SCMS from RDC,"Abacavir 300mg, tablets, 60 Tabs",Abacavir,Generic,300mg,Tablet,"Cipla, Patalganga, India",11798,60,2489,68522.17,27.53,0.46,109.64,,,FALSE,10/29/07,10/29/07,,
110-ZM-T01,Pre-PQ Process,SO-976,DN-384,Zambia,PMO - US,From RDC,N/A - From RDC,N/A,ARV,Adult,SCMS from RDC,"Lamivudine/Zidovudine 150/300mg, tablets, 60 Tabs",Lamivudine/Zidovudine,Generic,150/300mg,Tablet - FDC,"Aurobindo Unit III, India",11799,60,60060,372372,6.2,0.1,595.8,,,FALSE,10/29/07,10/29/07,,
109-TZ-T01,Pre-PQ Process,SO-750,DN-390,Tanzania,PMO - US,From RDC,N/A - From RDC,Air,HRDT,HIV test,SCMS from RDC,"HIV 1/2, Bioline 3.0 Kit, Lancets, Capillary pipets, Alcohol swabs included, 25 Tests","HIV 1/2, Bioline 3.0 Kit, Lancets, Capillary pipets, Alcohol swabs included",Bioline,N/A,Test kit,"Standard Diagnostics, Korea",11801,25,9200,184000,20,0.8,294.4,3327,13606.4,TRUE,12/4/07,12/4/07,,
104-CI-T01,Pre-PQ Process,SO-1105,DN-393,Côte d'Ivoire,PMO - US,From RDC,N/A - From RDC,Air,ARV,Pediatric,SCMS from RDC,"Zidovudine 10mg/ml, oral solution, Bottle, 240 ml",Zidovudine,Generic,10mg/ml,Oral solution,"Aurobindo Unit III, India",11802,240,6777,14570.55,2.15,0.01,23.31,2510,23907.05,TRUE,11/22/07,11/22/07,,
104-CI-T01,Pre-PQ Process,SO-1146,DN-402,Côte d'Ivoire,PMO - US,From RDC,N/A - From RDC,Air,ARV,Adult,SCMS from RDC,"Tenofovir Disoproxil Fumarate 300mg [Viread], tablets, 30 Tabs",Tenofovir Disoproxil Fumarate,Viread,300mg,Tablet,Gilead(Nycomed) Oranienburg DE,11803,30,2989,50813,17,0.57,81.3,186,2056.98,TRUE,12/14/07,12/14/07,,
110-ZM-T01,Pre-PQ Process,SO-1030,DN-419,Zambia,PMO - US,From RDC,N/A - From RDC,Air,ARV,Adult,SCMS from RDC,"Lopinavir/Ritonavir 200/50mg [Aluvia], tablets, 120 Tabs",Lopinavir/Ritonavir,Aluvia,200/50mg,Tablet,ABBVIE (Abbott) Logis. UK,11804,120,12240,503064,41.1,0.34,804.9,2678,9008.48,TRUE,11/13/07,11/13/07,,
111-MZ-T01,Pre-PQ Process,SO-1038,DN-426,Mozambique,PMO - US,From RDC,N/A - From RDC,Air,ARV,Adult,SCMS from RDC,"Indinavir 400mg [Crixivan], capsules, 180 Caps",Indinavir,Crixivan,400mg,Capsule,"MSD, Haarlem, NL",11805,180,840,42000,50,0.28,67.2,,,FALSE,11/29/07,11/29/07,,
111-MZ-T01,Pre-PQ Process,SO-1038,DN-426,Mozambique,PMO - US,From RDC,N/A - From RDC,Air,ARV,Adult,SCMS from RDC,"Lamivudine/Nevirapine/Stavudine 150/200/30mg, tablets, 60 Tabs",Lamivudine/Nevirapine/Stavudine,Generic,150/200/30mg,Tablet - FDC,"Cipla, Goa, India",11806,60,30000,222000,7.4,0.12,355.2,,,FALSE,11/29/07,11/29/07,,
110-ZM-T01,Pre-PQ Process,SO-995,DN-414,Zambia,PMO - US,From RDC,N/A - From RDC,Air,ARV,Pediatric,SCMS from RDC,"Lamivudine 10mg/ml, oral solution, Bottle, 240 ml",Lamivudine,Generic,10mg/ml,Oral solution,"Aurobindo Unit III, India",11807,240,13124,25854.28,1.97,0.01,41.37,5309,17358.74,TRUE,11/12/07,11/12/07,,
112-NG-T01,Pre-PQ Process,SO-1109,DN-422,Nigeria,PMO - US,From RDC,N/A - From RDC,Air,ARV,Pediatric,SCMS from RDC,"Nevirapine 10mg/ml, oral suspension, Bottle, 240 ml",Nevirapine,Generic,10mg/ml,Oral suspension,"Aurobindo Unit III, India",11808,240,35,217,6.2,0.03,0.35,,,FALSE,11/9/07,11/9/07,,
100-ZW-T01,Pre-PQ Process,SO-1150,DN-425,Zimbabwe,PMO - US,From RDC,N/A - From RDC,Air,ARV,Adult,SCMS from RDC,"Lamivudine/Nevirapine/Stavudine 150/200/30mg, tablets, 60 Tabs",Lamivudine/Nevirapine/Stavudine,Generic,150/200/30mg,Tablet - FDC,"Cipla, Goa, India",11810,60,22240,164576,7.4,0.12,263.32,2262,7364.52,TRUE,11/16/07,11/16/07,,
104-CI-T01,Pre-PQ Process,SO-1101,DN-434,Côte d'Ivoire,PMO - US,From RDC,N/A - From RDC,Air,ARV,Adult,SCMS from RDC,"Zidovudine 300mg, tablets, 60 Tabs",Zidovudine,Generic,300mg,Tablet,"Aurobindo Unit III, India",11811,60,14490,118093.5,8.15,0.14,188.95,,,FALSE,11/22/07,11/22/07,,
104-CI-T01,Pre-PQ Process,SO-1101,DN-434,Côte d'Ivoire,PMO - US,From RDC,N/A - From RDC,Air,ARV,Pediatric,SCMS from RDC,"Lamivudine 10mg/ml, oral solution, Bottle, 240 ml",Lamivudine,Generic,10mg/ml,Oral solution,"Aurobindo Unit III, India",11812,240,6000,11820,1.97,0.01,18.91,,,FALSE,11/22/07,11/22/07,,
104-CI-T01,Pre-PQ Process,SO-1101,DN-434,Côte d'Ivoire,PMO - US,From RDC,N/A - From RDC,Air,ARV,Adult,SCMS from RDC,"Lamivudine 150mg, tablets, 60 Tabs",Lamivudine,Generic,150mg,Tablet,"Aurobindo Unit III, India",11813,60,20797,63222.88,3.04,0.05,101.16,,,FALSE,11/22/07,11/22/07,,
106-HT-T01,Pre-PQ Process,SO-1286,DN-458,Haiti,PMO - US,From RDC,N/A - From RDC,Air,ARV,Adult,SCMS from RDC,"Lopinavir/Ritonavir 200/50mg [Aluvia], tablets, 120 Tabs",Lopinavir/Ritonavir,Aluvia,200/50mg,Tablet,ABBVIE Ludwigshafen Germany,11814,120,100,4110,41.1,0.34,6.58,285,2523.6,TRUE,12/5/07,12/5/07,,
104-CI-T01,Pre-PQ Process,SO-1277,DN-439,Côte d'Ivoire,PMO - US,From RDC,N/A - From RDC,Air,HRDT,HIV test,SCMS from RDC,"HIV 2, New LAV Blot 2 HIV Kit, 18 Tests","HIV 2, New LAV Blot 2 HIV Kit",LAV,N/A,Test kit,Bio-Rad Laboratories,11815,18,12,3698.04,308.17,17.12,5.92,39,1278,TRUE,11/16/07,11/16/07,,
104-CI-T01,Pre-PQ Process,SO-1482,DN-545,Côte d'Ivoire,PMO - US,From RDC,N/A - From RDC,Air,HRDT,HIV test,SCMS from RDC,"HIV 1/2, Determine HIV Kit, without Lancets, 100 Tests","HIV 1/2, Determine HIV Kit, without Lancets",Determine,N/A,Test kit,Inverness Japan,11817,100,1250,89987.5,71.99,0.72,143.98,296,2372.8,TRUE,1/25/08,1/25/08,,
110-ZM-T01,Pre-PQ Process,SO-755,DN-482,Zambia,PMO - US,From RDC,N/A - From RDC,N/A,ARV,Adult,SCMS from RDC,"Lamivudine/Zidovudine 150/300mg, tablets, 60 Tabs",Lamivudine/Zidovudine,Generic,150/300mg,Tablet - FDC,"Aurobindo Unit III, India",11818,60,92144,875368,9.5,0.16,1400.59,,,FALSE,2/22/08,2/22/08,,
107-RW-T01,Pre-PQ Process,SO-1448,DN-500,Rwanda,PMO - US,From RDC,N/A - From RDC,Air,HRDT,HIV test - Ancillary,SCMS from RDC,"HIV, Lancet, Safety, for HIV Test kits, 100 Pcs","HIV, Lancet, Safety, for HIV Test kits, 100 Pcs",Generic,N/A,Test kit - Ancillary,Inverness Japan,11821,100,405,4.05,0.01,0,0.01,,,FALSE,12/5/07,12/5/07,,
117-ET-T01,Pre-PQ Process,SO-1009,DN-495,Ethiopia,PMO - US,From RDC,N/A - From RDC,N/A,ARV,Pediatric,SCMS from RDC,"Nevirapine 10mg/ml, oral suspension, Bottle, 240 ml",Nevirapine,Generic,10mg/ml,Oral suspension,"Aurobindo Unit III, India",11824,240,11168,69241.6,6.2,0.03,110.79,4583,14554.5,TRUE,12/20/07,12/20/07,,
110-ZM-T01,Pre-PQ Process,SO-1328,DN-464,Zambia,PMO - US,From RDC,N/A - From RDC,N/A,ARV,Pediatric,SCMS from RDC,"Efavirenz 200mg, capsule, 90 Caps",Efavirenz,Generic,200mg,Capsule,"Aurobindo Unit III, India",11825,90,672,10752,16,0.18,17.2,128,845,TRUE,1/2/08,1/2/08,,
112-NG-T01,Pre-PQ Process,SO-1494,DN-505,Nigeria,PMO - US,From RDC,N/A - From RDC,Air,ARV,Pediatric,SCMS from RDC,"Efavirenz 200mg, capsule, 90 Caps",Efavirenz,Generic,200mg,Capsule,"Aurobindo Unit III, India",11826,90,400,6400,16,0.18,10.24,48,1260.1,TRUE,12/17/07,12/17/07,,
112-NG-T01,Pre-PQ Process,SO-1570,DN-535,Nigeria,PMO - US,From RDC,N/A - From RDC,Air,ARV,Adult,SCMS from RDC,"Nevirapine 200mg, tablets, 60 Tabs",Nevirapine,Generic,200mg,Tablet,"Aurobindo Unit III, India",11827,60,125,425,3.4,0.06,0.68,,,FALSE,1/9/08,1/9/08,,
106-HT-T01,Pre-PQ Process,SO-1484,DN-502,Haiti,PMO - US,From RDC,N/A - From RDC,Air,ARV,Adult,SCMS from RDC,"Efavirenz 600mg, tablets, 30 Tabs",Efavirenz,Generic,600mg,Tablet,"Strides, Bangalore, India.",11829,30,35000,434700,12.42,0.41,695.52,2153,24448,TRUE,12/10/07,12/10/07,,
117-ET-T01,Pre-PQ Process,SO-1531,DN-526,Ethiopia,PMO - US,From RDC,N/A - From RDC,Air,ARV,Pediatric,SCMS from RDC,"Zidovudine 10mg/ml, oral solution, Bottle, 240 ml",Zidovudine,Generic,10mg/ml,Oral solution,"Aurobindo Unit III, India",11830,240,3286,7064.9,2.15,0.01,11.3,1215,8586,TRUE,12/20/07,12/20/07,,
100-ZW-T01,Pre-PQ Process,SO-710,DN-488,Zimbabwe,PMO - US,From RDC,N/A - From RDC,Air,ARV,Adult,SCMS from RDC,"Lamivudine/Nevirapine/Stavudine 150/200/30mg, tablets, 60 Tabs",Lamivudine/Nevirapine/Stavudine,Generic,150/200/30mg,Tablet - FDC,"Cipla, Goa, India",11832,60,34732,257016.8,7.4,0.12,411.23,,,FALSE,1/14/08,1/14/08,,
114-UG-T01,Pre-PQ Process,SO-1302,DN-489,Uganda,PMO - US,From RDC,N/A - From RDC,Air,ARV,Adult,SCMS from RDC,"Lopinavir/Ritonavir 200/50mg [Aluvia], tablets, 120 Tabs",Lopinavir/Ritonavir,Aluvia,200/50mg,Tablet,ABBVIE Ludwigshafen Germany,11833,120,180,7398,41.1,0.34,11.84,,,FALSE,1/15/08,1/15/08,,
107-RW-T01,Pre-PQ Process,SO-1516,DN-511,Rwanda,PMO - US,From RDC,N/A - From RDC,Air,ARV,Adult,SCMS from RDC,"Efavirenz 600mg, tablets, 30 Tabs",Efavirenz,Generic,600mg,Tablet,"Aurobindo Unit III, India",11834,30,37258,462744.38,12.42,0.41,740.39,3195,36417.89,TRUE,1/31/08,1/31/08,,
112-NG-T01,Pre-PQ Process,SO-1570,DN-535,Nigeria,PMO - US,From RDC,N/A - From RDC,Air,ARV,Adult,SCMS from RDC,"Efavirenz 600mg, tablets, 30 Tabs",Efavirenz,Generic,600mg,Tablet,"Aurobindo Unit III, India",11837,30,818,10159.56,12.42,0.41,16.26,,,FALSE,1/9/08,1/9/08,,
104-CI-T01,Pre-PQ Process,SO-1104,DN-569,Côte d'Ivoire,PMO - US,From RDC,N/A - From RDC,Air,ARV,Adult,SCMS from RDC,"Lamivudine/Nevirapine/Stavudine 150/200/30mg, tablets, 60 Tabs",Lamivudine/Nevirapine/Stavudine,Generic,150/200/30mg,Tablet - FDC,"Cipla, Goa, India",11839,60,22500,166500,7.4,0.12,266.4,,,FALSE,1/29/08,1/29/08,,
107-RW-T01,Pre-PQ Process,SO-1223,DN-572,Rwanda,PMO - US,From RDC,N/A - From RDC,Air,HRDT,HIV test,SCMS from RDC,"HIV 1/2, Determine HIV Kit, without Lancets, 100 Tests","HIV 1/2, Determine HIV Kit, without Lancets",Determine,N/A,Test kit,Inverness Japan,11840,100,1250,89987.5,71.99,0.72,143.98,362,8143.19,TRUE,1/28/08,1/28/08,,
110-ZM-T01,Pre-PQ Process,SO-1675,DN-579,Zambia,PMO - US,From RDC,N/A - From RDC,N/A,ARV,Adult,SCMS from RDC,"Efavirenz 600mg, tablets, 30 Tabs",Efavirenz,Generic,600mg,Tablet,"Aurobindo Unit III, India",11841,30,44135,548156.7,12.42,0.41,877.05,4082,17600.24,TRUE,1/21/08,11/26/07,,
104-CI-T01,Pre-PQ Process,SO-1544,DN-547,Côte d'Ivoire,PMO - US,From RDC,N/A - From RDC,Air,ARV,Pediatric,SCMS from RDC,"Nevirapine 10mg/ml, oral suspension, Bottle, 240 ml",Nevirapine,Generic,10mg/ml,Oral suspension,"Aurobindo Unit III, India",11842,240,965,1852.8,1.92,0.01,2.96,344,1729,TRUE,1/15/08,1/15/08,,
104-CI-T01,Pre-PQ Process,SO-1144,DN-549,Côte d'Ivoire,PMO - US,From RDC,N/A - From RDC,Air,ARV,Pediatric,SCMS from RDC,"Nevirapine 10mg/ml, oral suspension, Bottle, 240 ml",Nevirapine,Generic,10mg/ml,Oral suspension,"Aurobindo Unit III, India",11843,240,5581,10715.52,1.92,0.01,17.14,1988,6146,TRUE,12/28/07,1/15/08,,
117-ET-T01,Pre-PQ Process,SO-1536,DN-576,Ethiopia,PMO - US,From RDC,N/A - From RDC,Air,ARV,Adult,SCMS from RDC,"Lamivudine 150mg, tablets, 60 Tabs",Lamivudine,Generic,150mg,Tablet,"Ranbaxy, Paonta Shahib, India",11845,60,48671,147959.84,3.04,0.05,236.74,2533,9187.8,TRUE,2/1/08,2/1/08,,
114-UG-T01,Pre-PQ Process,SO-1304,DN-550,Uganda,PMO - US,From RDC,N/A - From RDC,Air,ARV,Adult,SCMS from RDC,"Efavirenz 600mg, tablets, 30 Tabs",Efavirenz,Generic,600mg,Tablet,"Aurobindo Unit III, India",11846,30,3364,41780.88,12.42,0.41,66.85,369,1902.9,TRUE,3/11/08,3/11/08,,
114-UG-T01,Pre-PQ Process,SO-1304,DN-550,Uganda,PMO - US,From RDC,N/A - From RDC,Air,ARV,Adult,SCMS from RDC,"Emtricitabine/Tenofovir Disoproxil Fumarate 200/300mg [Truvada], tablets, 30 Tabs",Emtricitabine/Tenofovir Disoproxil Fumarate,Truvada,300/200mg,Tablet - FDC,Gilead(Nycomed) Oranienburg DE,11847,30,656,17220,26.25,0.88,27.55,,,FALSE,3/11/08,3/11/08,,
117-ET-T01,Pre-PQ Process,SO-1528,DN-542,Ethiopia,PMO - US,From RDC,N/A - From RDC,Air,ARV,Adult,SCMS from RDC,"Nevirapine 200mg, tablets, 60 Tabs",Nevirapine,Generic,200mg,Tablet,"Aurobindo Unit III, India",11850,60,55560,188904,3.4,0.06,302.25,5181,17975.21,TRUE,1/29/08,1/29/08,,
109-TZ-T01,Pre-PQ Process,SO-1648,DN-559,Tanzania,PMO - US,From RDC,N/A - From RDC,Air,ARV,Adult,SCMS from RDC,"Lopinavir/Ritonavir 200/50mg [Aluvia], tablets, 120 Tabs",Lopinavir/Ritonavir,Aluvia,200/50mg,Tablet,ABBVIE (Abbott) Logis. UK,11851,120,2580,106038,41.1,0.34,169.66,,,FALSE,2/25/08,2/25/08,,
104-CI-T01,Pre-PQ Process,SO-1679,DN-581,Côte d'Ivoire,PMO - US,From RDC,N/A - From RDC,Air,ARV,Pediatric,SCMS from RDC,"Nevirapine 10mg/ml, oral suspension, Bottle, 240 ml",Nevirapine,Generic,10mg/ml,Oral suspension,"Aurobindo Unit III, India",11852,240,2712,5207.04,1.92,0.01,8.33,,,FALSE,2/5/08,2/5/08,,
110-ZM-T01,Pre-PQ Process,SO-1723,DN-592,Zambia,PMO - US,From RDC,N/A - From RDC,Truck,ARV,Pediatric,SCMS from RDC,"Lopinavir/Ritonavir 80/20mg/ml [Kaletra], oral solution, cool, Bottle 5 x 60 ml",Lopinavir/Ritonavir,Kaletra,80/20mg/ml,Oral solution,ABBVIE (Abbott) Logis. UK,11854,300,746,30660.6,41.1,0.14,49.06,,,TRUE,12/28/07,12/28/07,,
100-ZW-T01,Pre-PQ Process,SO-711,DN-604,Zimbabwe,PMO - US,From RDC,N/A - From RDC,Air,ARV,Adult,SCMS from RDC,"Lamivudine/Stavudine 150/30mg, tablets, 30 Tabs",Lamivudine/Stavudine,Generic,150/30mg,Tablet - FDC,"Cipla, Goa, India",11855,30,1600,3200,2,0.07,5.12,,,FALSE,3/5/08,3/5/08,,
100-ZW-T01,Pre-PQ Process,SO-711,DN-604,Zimbabwe,PMO - US,From RDC,N/A - From RDC,Air,ARV,Adult,SCMS from RDC,"Lamivudine/Nevirapine/Stavudine 150/200/30mg, tablets, 60 Tabs",Lamivudine/Nevirapine/Stavudine,Generic,150/200/30mg,Tablet - FDC,"Cipla, Goa, India",11856,60,37240,275576,7.4,0.12,440.92,,,FALSE,3/5/08,3/5/08,,
106-HT-T01,Pre-PQ Process,SO-2046,DN-685,Haiti,PMO - US,From RDC,N/A - From RDC,Air,ARV,Pediatric,SCMS from RDC,"Zidovudine 10mg/ml, oral solution, Bottle, 240 ml",Zidovudine,Generic,10mg/ml,Oral solution,"Aurobindo Unit III, India",11857,240,3264,7017.6,2.15,0.01,11.23,,,FALSE,3/31/08,3/31/08,,
112-NG-T01,Pre-PQ Process,SO-2351,DN-717,Nigeria,PMO - US,From RDC,N/A - From RDC,Air,ARV,Adult,SCMS from RDC,"Tenofovir Disoproxil Fumarate 300mg [Viread], tablets, 30 Tabs",Tenofovir Disoproxil Fumarate,Viread,300mg,Tablet,Gilead(Nycomed) Oranienburg DE,11858,30,109,1853,17,0.57,2.96,422,2812.3,TRUE,4/18/08,4/18/08,,
110-ZM-T01,Pre-PQ Process,SO-2549,DN-823,Zambia,PMO - US,From RDC,N/A - From RDC,Truck,ARV,Adult,SCMS from RDC,"Lamivudine/Nevirapine/Stavudine 150/200/30mg, tablets, 60 Tabs",Lamivudine/Nevirapine/Stavudine,Generic,150/200/30mg,Tablet - FDC,"Strides, Bangalore, India.",11859,60,50000,360000,7.2,0.12,576,,,FALSE,7/23/08,7/23/08,,
106-HT-T01,Pre-PQ Process,SO-2596,DN-762,Haiti,PMO - US,From RDC,N/A - From RDC,Air,ARV,Adult,SCMS from RDC,"Lopinavir/Ritonavir 200/50mg [Aluvia], tablets, 120 Tabs",Lopinavir/Ritonavir,Aluvia,200/50mg,Tablet,ABBVIE Ludwigshafen Germany,11860,120,240,9864,41.1,0.34,15.78,52,1422.32,TRUE,6/18/08,6/18/08,,
131-NG-T01,Pre-PQ Process,SO-2575,DN-737,Nigeria,PMO - US,From RDC,N/A - From RDC,Air,ARV,Adult,SCMS from RDC,"Zidovudine 300mg, tablets, 60 Tabs",Zidovudine,Generic,300mg,Tablet,"Aurobindo Unit III, India",11861,60,3075,24600,8,0.13,39.36,,,FALSE,5/14/08,5/14/08,,
131-NG-T01,Pre-PQ Process,SO-2578,DN-739,Nigeria,PMO - US,From RDC,N/A - From RDC,Air,ARV,Adult,SCMS from RDC,"Emtricitabine/Tenofovir Disoproxil Fumarate 200/300mg [Truvada], tablets, 30 Tabs",Emtricitabine/Tenofovir Disoproxil Fumarate,Truvada,300/200mg,Tablet - FDC,"Aspen-OSD, Port Elizabeth, SA",11862,30,3359,88173.75,26.25,0.88,141.08,300,2204,TRUE,5/14/08,5/14/08,,
131-NG-T01,Pre-PQ Process,SO-2579,DN-740,Nigeria,PMO - US,From RDC,N/A - From RDC,Air,ARV,Adult,SCMS from RDC,"Emtricitabine/Tenofovir Disoproxil Fumarate 200/300mg [Truvada], tablets, 30 Tabs",Emtricitabine/Tenofovir Disoproxil Fumarate,Truvada,300/200mg,Tablet - FDC,"Aspen-OSD, Port Elizabeth, SA",11863,30,641,16826.25,26.25,0.88,26.92,58,1110.5,TRUE,5/20/08,5/20/08,,
110-ZM-T01,Pre-PQ Process,SO-2475,DN-749,Zambia,PMO - US,From RDC,N/A - From RDC,Air,ARV,Adult,SCMS from RDC,"Nevirapine 200mg, tablets, 60 Tabs",Nevirapine,Generic,200mg,Tablet,"Aurobindo Unit III, India",11864,60,50000,170000,3.4,0.06,272,4733,6002.19,TRUE,5/29/08,5/29/08,,
131-NG-T01,Pre-PQ Process,SO-2664,DN-750,Nigeria,PMO - US,From RDC,N/A - From RDC,Air,ARV,Adult,SCMS from RDC,"Lamivudine/Nevirapine/Zidovudine 150/200/300mg, tablets, 60 Tabs",Lamivudine/Nevirapine/Zidovudine,Generic,150/300/200mg,Tablet - FDC,"Aurobindo Unit III, India",11865,60,16610,220580.8,13.28,0.22,352.93,1832,11815.12,TRUE,5/27/08,5/27/08,,
100-ZW-T01,Pre-PQ Process,SO-2667,DN-756,Zimbabwe,PMO - US,From RDC,N/A - From RDC,Air,ARV,Adult,SCMS from RDC,"Lamivudine/Nevirapine/Stavudine 150/200/30mg, tablets, 60 Tabs",Lamivudine/Nevirapine/Stavudine,Generic,150/200/30mg,Tablet - FDC,"Cipla, Goa, India",11866,60,37240,275576,7.4,0.12,440.92,7806,45047.32,TRUE,6/11/08,6/11/08,,
104-CI-T01,Pre-PQ Process,SO-2045,DN-761,Côte d'Ivoire,PMO - US,From RDC,N/A - From RDC,Air,ARV,Pediatric,SCMS from RDC,"Lamivudine 10mg/ml, oral solution, Bottle, 240 ml",Lamivudine,Generic,10mg/ml,Oral solution,"Aurobindo Unit III, India",11867,240,7700,15169,1.97,0.01,24.27,,,FALSE,6/2/08,6/2/08,,
110-ZM-T01,Pre-PQ Process,SO-2488,DN-767,Zambia,PMO - US,From RDC,N/A - From RDC,Truck,ARV,Adult,SCMS from RDC,"Nevirapine 200mg, tablets, 60 Tabs",Nevirapine,Generic,200mg,Tablet,Hetero Unit III Hyderabad IN,11868,60,55560,188904,3.4,0.06,302.25,3224,4217.45,TRUE,6/17/08,6/17/08,,
111-MZ-T01,Pre-PQ Process,SO-1824,DN-624,Mozambique,PMO - US,From RDC,N/A - From RDC,Air,ARV,Adult,SCMS from RDC,"Ritonavir 100mg [Norvir], capsules, cool, 84 Caps",Ritonavir,Norvir,100mg,Capsule,ABBVIE (Abbott) Logis. UK,11869,84,630,6041.7,9.59,0.11,9.67,185,1214.2,TRUE,3/31/08,3/31/08,,
102-GY-T01,Pre-PQ Process,SO-1004,DN-617,Guyana,PMO - US,From RDC,N/A - From RDC,N/A,HRDT,HIV test,SCMS from RDC,"HIV 1/2, Determine HIV Kit, without Lancets, 100 Tests","HIV 1/2, Determine HIV Kit, without Lancets",Determine,N/A,Test kit,Inverness Japan,11870,100,152,10942.48,71.99,0.72,17.51,,,FALSE,2/21/08,2/21/08,,
104-CI-T01,Pre-PQ Process,SO-1680,DN-673,Côte d'Ivoire,PMO - US,From RDC,N/A - From RDC,Air,ARV,Pediatric,SCMS from RDC,"Nevirapine 10mg/ml, oral suspension, Bottle, 240 ml",Nevirapine,Generic,10mg/ml,Oral suspension,"Aurobindo Unit III, India",11873,240,3008,5775.36,1.92,0.01,9.24,,,FALSE,3/27/08,3/27/08,,
104-CI-T01,Pre-PQ Process,SO-794,DN-674,Côte d'Ivoire,PMO - US,From RDC,N/A - From RDC,N/A,HRDT,HIV test,SCMS from RDC,"#108853** HIV, Genie II HIV-1/HIV-2 Kit, 40 Tests","HIV, Genie II HIV-1/HIV-2 Kit",Genie,N/A,Test kit,Bio-Rad Laboratories,11874,40,415,31540,76,1.9,50.46,453,1606.93,TRUE,3/27/08,3/27/08,,
112-NG-T01,Pre-PQ Process,SO-2726,DN-800,Nigeria,PMO - US,From RDC,N/A - From RDC,Air,ARV,Adult,SCMS from RDC,"Lamivudine/Nevirapine/Stavudine 150/200/30mg, tablets, 60 Tabs",Lamivudine/Nevirapine/Stavudine,Generic,150/200/30mg,Tablet - FDC,"Cipla, Goa, India",11875,60,9180,67932,7.4,0.12,108.69,,,FALSE,6/19/08,6/19/08,,
106-HT-T01,Pre-PQ Process,SO-2053,DN-744,Haiti,PMO - US,From RDC,N/A - From RDC,Air,ARV,Adult,SCMS from RDC,"Stavudine 15mg, capsules, 60 Caps",Stavudine,Generic,15mg,Capsule,"Aurobindo Unit III, India",11876,60,127,190.5,1.5,0.02,0.3,,,FALSE,6/2/08,6/2/08,,
132-NG-T01,Pre-PQ Process,SO-2708,DN-806,Nigeria,PMO - US,From RDC,N/A - From RDC,Air,ARV,Adult,SCMS from RDC,"Efavirenz 600mg, tablets, 30 Tabs",Efavirenz,Generic,600mg,Tablet,"Aurobindo Unit III, India",11877,30,25000,300250,12.01,0.4,480.4,2173,9906.63,TRUE,6/27/08,6/27/08,,
110-ZM-T01,Pre-PQ Process,SO-1806,DN-625,Zambia,PMO - US,From RDC,N/A - From RDC,N/A,ARV,Adult,SCMS from RDC,"Lamivudine/Zidovudine 150/300mg, tablets, 60 Tabs",Lamivudine/Zidovudine,Generic,150/300mg,Tablet - FDC,"Aurobindo Unit III, India",11878,60,50000,472500,9.45,0.16,756,,,FALSE,3/28/08,3/28/08,,
123-NG-T01,Pre-PQ Process,SO-2552,DN-834,Nigeria,PMO - US,From RDC,N/A - From RDC,Air,ARV,Adult,SCMS from RDC,"Zidovudine 300mg, tablets, 60 Tabs",Zidovudine,Generic,300mg,Tablet,"Aurobindo Unit III, India",11879,60,5641,45974.15,8.15,0.14,73.56,,,FALSE,7/16/08,7/16/08,,
106-HT-T01,Pre-PQ Process,SO-2059,DN-733,Haiti,PMO - US,From RDC,N/A - From RDC,Air,ARV,Adult,SCMS from RDC,"Lamivudine/Zidovudine 150/300mg, tablets, 60 Tabs",Lamivudine/Zidovudine,Generic,150/300mg,Tablet - FDC,"Aurobindo Unit III, India",11880,60,28896,273067.2,9.45,0.16,436.91,,,FALSE,5/26/08,5/26/08,,
104-CI-T01,Pre-PQ Process,SO-2044,DN-734,Côte d'Ivoire,PMO - US,From RDC,N/A - From RDC,Air,ARV,Pediatric,SCMS from RDC,"Stavudine 1mg/ml, powder for oral solution, 200 ml",Stavudine,Generic,1mg/ml,Oral solution,"Aurobindo Unit III, India",11881,200,3229,4520.6,1.4,0.01,7.23,,,FALSE,6/2/08,6/2/08,,
100-ZW-T01,Pre-PQ Process,SO-716,DN-770,Zimbabwe,PMO - US,From RDC,N/A - From RDC,Air,ARV,Adult,SCMS from RDC,"Efavirenz 600mg, tablets, 30 Tabs",Efavirenz,Generic,600mg,Tablet,"Aurobindo Unit III, India",11882,30,1860,23101.2,12.42,0.41,36.96,,,FALSE,6/9/08,6/9/08,,
109-TZ-T01,Pre-PQ Process,SO-1943,DN-664,Tanzania,PMO - US,From RDC,N/A - From RDC,Air,ARV,Pediatric,SCMS from RDC,"Didanosine 100mg, chewable/dispersible tablets, 60 Tabs",Didanosine,Generic,100mg,Chewable/dispersible tablet,"Aurobindo Unit III, India",11883,60,11640,90210,7.75,0.13,144.34,2427,8381.22,TRUE,4/23/08,4/23/08,,
104-CI-T01,Pre-PQ Process,SO-2043,DN-684,Côte d'Ivoire,PMO - US,From RDC,N/A - From RDC,Air,ARV,Pediatric,SCMS from RDC,"Efavirenz 30mg/ml [Stocrin/Sustiva], oral solution, Bottle, 180 ml",Efavirenz,Stocrin/Sustiva,30mg/ml,Oral solution,"MSD, Haarlem, NL",11884,180,1503,25490.88,16.96,0.09,40.79,608,1996.68,TRUE,4/8/08,4/8/08,,
114-UG-T01,Pre-PQ Process,SO-2674,DN-797,Uganda,PMO - US,From RDC,N/A - From RDC,Air,ARV,Adult,SCMS from RDC,"Zidovudine 300mg, tablets, 60 Tabs",Zidovudine,Generic,300mg,Tablet,"Aurobindo Unit III, India",11887,60,46,368,8,0.13,0.59,,,FALSE,7/11/08,7/11/08,,
106-HT-T01,Pre-PQ Process,SO-1287,DN-640,Haiti,PMO - US,From RDC,N/A - From RDC,Air,ARV,Adult,SCMS from RDC,"Lamivudine 150mg, tablets, 60 Tabs",Lamivudine,Generic,150mg,Tablet,"Aurobindo Unit III, India",11888,60,2871,8727.84,3.04,0.05,13.96,144,2504.44,TRUE,3/4/08,3/4/08,,
104-CI-T01,Pre-PQ Process,SO-1547,DN-705,Côte d'Ivoire,PMO - US,From RDC,N/A - From RDC,Air,ARV,Adult,SCMS from RDC,"Saquinavir 200mg [Invirase], capsules, 270 Caps",Saquinavir,Invirase,200mg,Capsule,Roche Basel,11890,270,977,76831.28,78.64,0.29,122.93,490,1765.4,TRUE,4/17/08,4/17/08,,
111-MZ-T01,Pre-PQ Process,SO-1615,DN-698,Mozambique,PMO - US,From RDC,N/A - From RDC,Air,ARV,Adult,SCMS from RDC,"Lamivudine/Nevirapine/Zidovudine 150/200/300mg, tablets, 60 Tabs",Lamivudine/Nevirapine/Zidovudine,Generic,150/300/200mg,Tablet - FDC,"Aurobindo Unit III, India",11891,60,19000,256500,13.5,0.22,410.4,,,FALSE,6/23/08,6/23/08,,
109-TZ-T01,Pre-PQ Process,SO-1999,DN-696,Tanzania,PMO - US,From RDC,N/A - From RDC,Air,ARV,Adult,SCMS from RDC,"Efavirenz 600mg, tablets, 30 Tabs",Efavirenz,Generic,600mg,Tablet,"Aurobindo Unit III, India",11892,30,18451,229161.42,12.42,0.41,366.66,1636,6195.24,TRUE,4/23/08,4/23/08,,
117-ET-T01,Pre-PQ Process,SO-1518,DN-634,Ethiopia,PMO - US,From RDC,N/A - From RDC,Air,ARV,Adult,SCMS from RDC,"Nevirapine 200mg, tablets, 60 Tabs",Nevirapine,Generic,200mg,Tablet,"Ranbaxy, Paonta Shahib, India",11893,60,100731,342485.4,3.4,0.06,547.98,,,FALSE,3/21/08,3/21/08,,
113-ZW-T01,Pre-PQ Process,SO-1922,DN-644,Zimbabwe,PMO - US,From RDC,N/A - From RDC,Truck,ARV,Adult,SCMS from RDC,"Zidovudine 300mg, tablets, 60 Tabs",Zidovudine,Generic,300mg,Tablet,"Aurobindo Unit III, India",11894,60,525,4278.75,8.15,0.14,6.85,395,1746.3,TRUE,3/12/08,3/12/08,,
130-NG-T01,Pre-PQ Process,SO-2500,DN-729,Nigeria,PMO - US,From RDC,N/A - From RDC,Air,ARV,Adult,SCMS from RDC,"Efavirenz 600mg, tablets, 30 Tabs",Efavirenz,Generic,600mg,Tablet,"Aurobindo Unit III, India",11895,30,1031,12382.31,12.01,0.4,19.81,236,1651.16,TRUE,5/9/08,5/9/08,,
119-NA-T01,Pre-PQ Process,SO-1929,DN-650,Namibia,PMO - US,From RDC,N/A - From RDC,Air,HRDT,HIV test,SCMS from RDC,"HIV 1/2, Determine HIV Kit, without Lancets, 100 Tests","HIV 1/2, Determine HIV Kit, without Lancets",Determine,N/A,Test kit,Inverness Japan,11897,100,90,6479.1,71.99,0.72,10.37,21,1730.41,TRUE,4/17/08,4/17/08,,
106-HT-T01,Pre-PQ Process,SO-2055,DN-690,Haiti,PMO - US,From RDC,N/A - From RDC,Air,ARV,Pediatric,SCMS from RDC,"Lamivudine 10mg/ml, oral solution, Bottle, 240 ml",Lamivudine,Generic,10mg/ml,Oral solution,"Aurobindo Unit III, India",11899,240,2135,4205.95,1.97,0.01,6.73,,,FALSE,4/14/08,4/14/08,,
102-KE-T01,Pre-PQ Process,SO-1599,DN-706,Kenya,PMO - US,From RDC,N/A - From RDC,Truck,HRDT,HIV test,SCMS from RDC,"HIV 1/2, Bioline 3.0 Kit, Lancets, Capillary pipets, Alcohol swabs included, 25 Tests","HIV 1/2, Bioline 3.0 Kit, Lancets, Capillary pipets, Alcohol swabs included",Bioline,N/A,Test kit,"Standard Diagnostics, Korea",11900,25,2688,53760,20,0.8,86.02,965,838.83,TRUE,4/8/08,4/8/08,,
112-NG-T01,Pre-PQ Process,SO-2731,DN-776,Nigeria,PMO - US,From RDC,N/A - From RDC,Truck,ARV,Pediatric,SCMS from RDC,"Lamivudine 10mg/ml, oral solution, Bottle, 240 ml",Lamivudine,Generic,10mg/ml,Oral solution,"Aurobindo Unit III, India",11902,240,1000,1920,1.92,0.01,3.07,346,1988.9,TRUE,6/3/08,6/3/08,,
106-HT-T01,Pre-PQ Process,SO-12161,DN-892,Haiti,PMO - US,From RDC,N/A - From RDC,Air,ARV,Pediatric,SCMS from RDC,"Zidovudine 10mg/ml, oral solution, Bottle, 240 ml",Zidovudine,Generic,10mg/ml,Oral solution,"Aurobindo Unit III, India",11903,240,1440,3024,2.1,0.01,4.84,538,7100.67,TRUE,9/9/08,9/9/08,,
106-HT-T01,Pre-PQ Process,SO-15960,DN-946,Haiti,PMO - US,From RDC,N/A - From RDC,Air,ARV,Adult,SCMS from RDC,"Efavirenz 600mg, tablets, 30 Tabs",Efavirenz,Generic,600mg,Tablet,"Aurobindo Unit III, India",11904,30,27070,297770,11,0.37,476.43,,,FALSE,10/20/08,10/20/08,,
113-ZW-T01,Pre-PQ Process,SO-13991,DN-1015,Zimbabwe,PMO - US,From RDC,N/A - From RDC,Truck,ARV,Adult,SCMS from RDC,"Lamivudine/Nevirapine/Stavudine 150/200/30mg, tablets, 60 Tabs",Lamivudine/Nevirapine/Stavudine,Generic,150/200/30mg,Tablet - FDC,"Cipla, Goa, India",11905,60,76000,562400,7.4,0.12,1102.3,,,FALSE,11/19/08,11/19/08,,
114-UG-T01,Pre-PQ Process,SO-17770,DN-998,Uganda,PMO - US,From RDC,N/A - From RDC,Truck,ARV,Adult,SCMS from RDC,"Efavirenz 600mg, tablets, 30 Tabs",Efavirenz,Generic,600mg,Tablet,"Aurobindo Unit III, India",11906,30,5147,56617,11,0.37,110.97,,,FALSE,12/15/08,12/15/08,,
106-HT-T01,Pre-PQ Process,SO-12150,DN-859,Haiti,PMO - US,From RDC,N/A - From RDC,Air,ARV,Pediatric,SCMS from RDC,"Efavirenz 30mg/ml [Stocrin/Sustiva], oral solution, Bottle, 180 ml",Efavirenz,Stocrin/Sustiva,30mg/ml,Oral solution,"MSD, Haarlem, NL",11907,180,150,2544,16.96,0.09,4.07,702,8762.02,TRUE,8/7/08,8/7/08,,
106-HT-T01,Pre-PQ Process,SO-12150,DN-859,Haiti,PMO - US,From RDC,N/A - From RDC,Air,ARV,Pediatric,SCMS from RDC,"Zidovudine 10mg/ml, oral solution, Bottle, 240 ml",Zidovudine,Generic,10mg/ml,Oral solution,"Aurobindo Unit III, India",11908,240,1760,3696,2.1,0.01,5.91,,,FALSE,8/7/08,8/7/08,,
126-NG-T01,Pre-PQ Process,SO-10770,DN-870,Nigeria,PMO - US,From RDC,N/A - From RDC,Air,ARV,Adult,SCMS from RDC,"Stavudine 30mg, capsules, 60 Caps",Stavudine,Generic,30mg,Capsule,"Aurobindo Unit III, India",11909,60,13380,20739,1.55,0.03,33.18,925,9185.15,TRUE,8/18/08,8/18/08,,
112-NG-T01,Pre-PQ Process,SO-2727,DN-888,Nigeria,PMO - US,From RDC,N/A - From RDC,Air,ARV,Adult,SCMS from RDC,"Lamivudine/Zidovudine 150/300mg, tablets, 60 Tabs",Lamivudine/Zidovudine,Generic,150/300mg,Tablet - FDC,Mylan (formerly Matrix) Nashik,11910,60,1001,9359.35,9.35,0.16,14.97,82,1151.48,TRUE,8/31/08,8/31/08,,
117-ET-T01,Pre-PQ Process,SO-22050,DN-1105,Ethiopia,PMO - US,From RDC,N/A - From RDC,Air,ARV,Adult,SCMS from RDC,"Lamivudine/Nevirapine/Zidovudine 150/200/300mg, tablets, 60 Tabs",Lamivudine/Nevirapine/Zidovudine,Generic,150/300/200mg,Tablet - FDC,"Aurobindo Unit III, India",11913,60,10812,127581.6,11.8,0.2,250.06,,,FALSE,3/20/09,3/20/09,,
510-KE-T01,Pre-PQ Process,SO-12690,DN-875,Kenya,PMO - US,From RDC,N/A - From RDC,Air,HRDT,HIV test,SCMS from RDC,"HIV 1/2, Uni-Gold HIV Kit, 20 Tests","HIV 1/2, Uni-Gold HIV Kit",Uni-Gold,N/A,Test kit,"Trinity Biotech, Plc",11914,20,4926,157632,32,1.6,252.21,2695,11898.8,TRUE,8/26/08,8/26/08,,
100-PK-T01,Pre-PQ Process,SO-14930,DN-1004,Pakistan,PMO - US,From RDC,N/A - From RDC,Air,HRDT,HIV test,SCMS from RDC,"HIV 1/2, Determine HIV Kit, without Lancets, 100 Tests","HIV 1/2, Determine HIV Kit, without Lancets",Determine,N/A,Test kit,Inverness Japan,11916,100,12,1199.88,99.99,1,2.35,,,FALSE,11/17/08,11/17/08,,
132-NG-T01,Pre-PQ Process,SO-2707,DN-921,Nigeria,PMO - US,From RDC,N/A - From RDC,Air,ARV,Adult,SCMS from RDC,"Efavirenz 600mg, tablets, 30 Tabs",Efavirenz,Generic,600mg,Tablet,"Aurobindo Unit III, India",11917,30,25000,300250,12.01,0.4,480.4,6124,13353.34,TRUE,9/28/08,9/28/08,,
106-HT-T01,Pre-PQ Process,SO-12162,DN-942,Haiti,PMO - US,From RDC,N/A - From RDC,Air,ARV,Pediatric,SCMS from RDC,"Zidovudine 10mg/ml, oral solution, Bottle, 240 ml",Zidovudine,Generic,10mg/ml,Oral solution,"Aurobindo Unit III, India",11918,240,2613,5487.3,2.1,0.01,8.78,979,11836.61,TRUE,10/10/08,10/10/08,,
110-ZM-T01,Pre-PQ Process,SO-16670,DN-993,Zambia,PMO - US,From RDC,N/A - From RDC,Truck,ARV,Adult,SCMS from RDC,"Nevirapine 200mg, tablets, 60 Tabs",Nevirapine,Generic,200mg,Tablet,Hetero Unit III Hyderabad IN,11919,60,20989,71362.6,3.4,0.06,139.87,1162,3629.37,TRUE,12/1/08,12/1/08,,
107-RW-T01,Pre-PQ Process,SO-17220,DN-962,Rwanda,PMO - US,From RDC,N/A - From RDC,Truck,ARV,Adult,SCMS from RDC,"Nevirapine 200mg, tablets, 60 Tabs",Nevirapine,Generic,200mg,Tablet,"Aurobindo Unit III, India",11920,60,4703,15049.6,3.2,0.05,29.5,455,3754.14,TRUE,11/5/08,11/5/08,,
130-NG-T01,Pre-PQ Process,SO-10580,DN-909,Nigeria,PMO - US,From RDC,N/A - From RDC,Air,ARV,Adult,SCMS from RDC,"Lamivudine/Zidovudine 150/300mg, tablets, 60 Tabs",Lamivudine/Zidovudine,Generic,150/300mg,Tablet - FDC,Mylan (formerly Matrix) Nashik,11921,60,2339,21869.65,9.35,0.16,34.99,,,FALSE,9/22/08,9/22/08,,
104-CI-T01,Pre-PQ Process,SO-16222,DN-1072,Côte d'Ivoire,PMO - US,From RDC,N/A - From RDC,Air,ARV,Adult,SCMS from RDC,"Abacavir 300mg, tablets, 60 Tabs",Abacavir,Generic,300mg,Tablet,Mylan (formerly Matrix) Nashik,11923,60,3000,76740,25.58,0.43,150.41,187,5110.42,TRUE,2/14/09,2/14/09,,
107-RW-T01,Pre-PQ Process,SO-23000,DN-1074,Rwanda,PMO - US,From RDC,N/A - From RDC,Air,ARV,Adult,SCMS from RDC,"Lamivudine 150mg, tablets, 60 Tabs",Lamivudine,Generic,150mg,Tablet,"Aurobindo Unit III, India",11924,60,10530,25693.2,2.44,0.04,50.36,544,5029.05,TRUE,2/6/09,2/6/09,,
109-TZ-T01,Pre-PQ Process,SO-1697,DN-893,Tanzania,PMO - US,From RDC,N/A - From RDC,N/A,ARV,Pediatric,SCMS from RDC,"Didanosine 100mg, chewable/dispersible tablets, 60 Tabs",Didanosine,Generic,100mg,Chewable/dispersible tablet,"Aurobindo Unit III, India",11925,60,11640,90210,7.75,0.13,144.34,,,FALSE,9/15/08,9/15/08,,
111-MZ-T01,Pre-PQ Process,SO-15080,DN-1034,Mozambique,PMO - US,From RDC,N/A - From RDC,Air,ARV,Adult,SCMS from RDC,"Efavirenz 600mg, tablets, 30 Tabs",Efavirenz,Generic,600mg,Tablet,"Aurobindo Unit III, India",11926,30,24350,267850,11,0.37,524.99,,,FALSE,2/21/09,2/21/09,,
100-SL-T01,Pre-PQ Process,SO-12770,DN-885,Sierra Leone,PMO - US,From RDC,N/A - From RDC,Air,HRDT,HIV test,SCMS from RDC,"HIV 1/2, Uni-Gold HIV Kit, 20 Tests","HIV 1/2, Uni-Gold HIV Kit",Uni-Gold,N/A,Test kit,"Trinity Biotech, Plc",11927,20,500,16000,32,1.6,25.6,163,7795,TRUE,8/22/08,8/22/08,,
104-CI-T01,Pre-PQ Process,SO-16221,DN-1089,Côte d'Ivoire,PMO - US,From RDC,N/A - From RDC,Air,ARV,Pediatric,SCMS from RDC,"Stavudine 1mg/ml, powder for oral solution, 200 ml",Stavudine,Generic,1mg/ml,Oral solution,"Aurobindo Unit III, India",11928,200,1200,1680,1.4,0.01,3.29,115,1297.57,TRUE,3/2/09,3/2/09,,
151-NG-T01,Pre-PQ Process,SO-21782,DN-1144,Nigeria,PMO - US,From RDC,N/A - From RDC,Air,ARV,Adult,SCMS from RDC,"Emtricitabine/Tenofovir Disoproxil Fumarate 200/300mg [Truvada], tablets, 30 Tabs",Emtricitabine/Tenofovir Disoproxil Fumarate,Truvada,300/200mg,Tablet - FDC,"Aspen-OSD, Port Elizabeth, SA",11932,30,37666,988732.5,26.25,0.88,1937.92,3273,6443.63,TRUE,3/24/09,3/24/09,,
112-NG-T01,Pre-PQ Process,SO-2728,DN-917,Nigeria,PMO - US,From RDC,N/A - From RDC,Air,ARV,Adult,SCMS from RDC,"Emtricitabine/Tenofovir Disoproxil Fumarate 200/300mg [Truvada], tablets, 30 Tabs",Emtricitabine/Tenofovir Disoproxil Fumarate,Truvada,300/200mg,Tablet - FDC,"Aspen-OSD, Port Elizabeth, SA",11933,30,4,105,26.25,0.88,0.17,,,FALSE,9/24/08,9/24/08,,
112-NG-T01,Pre-PQ Process,SO-2728,DN-917,Nigeria,PMO - US,From RDC,N/A - From RDC,Air,ARV,Adult,SCMS from RDC,"Lamivudine/Zidovudine 150/300mg, tablets, 60 Tabs",Lamivudine/Zidovudine,Generic,150/300mg,Tablet - FDC,Mylan (formerly Matrix) Nashik,11934,60,1054,9854.9,9.35,0.16,15.77,,,FALSE,9/24/08,9/24/08,,
112-NG-T01,Pre-PQ Process,SO-2728,DN-917,Nigeria,PMO - US,From RDC,N/A - From RDC,Air,ARV,Adult,SCMS from RDC,"Lamivudine/Nevirapine/Stavudine 150/200/30mg, tablets, 60 Tabs",Lamivudine/Nevirapine/Stavudine,Generic,150/200/30mg,Tablet - FDC,"Cipla, Goa, India",11935,60,4953,36652.2,7.4,0.12,58.64,,,FALSE,9/24/08,9/24/08,,
106-HT-T01,Pre-PQ Process,SO-15930,DN-944,Haiti,PMO - US,From RDC,N/A - From RDC,Air,ARV,Adult,SCMS from RDC,"Stavudine 30mg, capsules, 60 Caps",Stavudine,Generic,30mg,Capsule,"Aurobindo Unit III, India",11936,60,12000,18600,1.55,0.03,36.46,,,FALSE,11/4/08,11/4/08,,
106-HT-T01,Pre-PQ Process,SO-15930,DN-944,Haiti,PMO - US,From RDC,N/A - From RDC,Air,ARV,Pediatric,SCMS from RDC,"Abacavir 20mg/ml, oral solution, Bottle, 240 ml",Abacavir,Generic,20mg/ml,Oral solution,"Aurobindo Unit III, India",11937,240,350,5652.5,16.15,0.07,11.08,,,FALSE,11/4/08,11/4/08,,
106-HT-T01,Pre-PQ Process,SO-23790,DN-1109,Haiti,PMO - US,From RDC,N/A - From RDC,Air,ARV,Adult,SCMS from RDC,"Abacavir 300mg, tablets, 60 Tabs",Abacavir,Generic,300mg,Tablet,Mylan (formerly Matrix) Nashik,11938,60,450,11452.5,25.45,0.42,22.45,47,1432.88,TRUE,3/10/09,3/10/09,,
126-NG-T01,Pre-PQ Process,SO-10750,DN-846,Nigeria,PMO - US,From RDC,N/A - From RDC,Air,ARV,Adult,SCMS from RDC,"Efavirenz 600mg, tablets, 30 Tabs",Efavirenz,Generic,600mg,Tablet,"Aurobindo Unit III, India",11939,30,4200,49224,11.72,0.39,78.76,621,4099.51,TRUE,7/24/08,7/24/08,,
109-TZ-T01,Pre-PQ Process,SO-2565,DN-853,Tanzania,PMO - US,From RDC,N/A - From RDC,Air,ARV,Adult,SCMS from RDC,"Lamivudine/Nevirapine/Stavudine 150/200/30mg, tablets, 60 Tabs",Lamivudine/Nevirapine/Stavudine,Generic,150/200/30mg,Tablet - FDC,"Cipla, Goa, India",11940,60,2011,14881.4,7.4,0.12,23.81,6650,36855.6,TRUE,8/29/08,8/29/08,,
106-HT-T01,Pre-PQ Process,SO-15950,DN-945,Haiti,PMO - US,From RDC,N/A - From RDC,Air,ARV,Adult,SCMS from RDC,"Efavirenz 600mg, tablets, 30 Tabs",Efavirenz,Generic,600mg,Tablet,"Aurobindo Unit III, India",11942,30,2139,23529,11,0.37,37.65,,,FALSE,10/27/08,10/27/08,,
106-HT-T01,Pre-PQ Process,SO-15950,DN-945,Haiti,PMO - US,From RDC,N/A - From RDC,Air,ARV,Adult,SCMS from RDC,"Lamivudine/Zidovudine 150/300mg, tablets, 60 Tabs",Lamivudine/Zidovudine,Generic,150/300mg,Tablet - FDC,"Aurobindo Unit III, India",11943,60,93000,869550,9.35,0.16,1391.28,,,FALSE,10/27/08,10/27/08,,
117-ET-T01,Pre-PQ Process,SO-22000,DN-1060,Ethiopia,PMO - US,From RDC,N/A - From RDC,Air,ARV,Adult,SCMS from RDC,"Lamivudine/Nevirapine/Stavudine 150/200/30mg, tablets, 60 Tabs",Lamivudine/Nevirapine/Stavudine,Generic,150/200/30mg,Tablet - FDC,"Cipla, Goa, India",11944,60,2855,20327.6,7.12,0.12,39.84,,,FALSE,2/18/09,2/18/09,,
123-NG-T01,Pre-PQ Process,SO-2554,DN-960,Nigeria,PMO - US,From RDC,N/A - From RDC,Air,ARV,Adult,SCMS from RDC,"Stavudine 30mg, capsules, 60 Caps",Stavudine,Generic,30mg,Capsule,"Aurobindo Unit III, India",11945,60,7876,11971.52,1.52,0.03,23.46,5588,18617.93,TRUE,10/30/08,10/30/08,,
123-NG-T01,Pre-PQ Process,SO-2554,DN-960,Nigeria,PMO - US,From RDC,N/A - From RDC,Air,ARV,Adult,SCMS from RDC,"Emtricitabine/Tenofovir Disoproxil Fumarate 200/300mg [Truvada], tablets, 30 Tabs",Emtricitabine/Tenofovir Disoproxil Fumarate,Truvada,300/200mg,Tablet - FDC,"Aspen-OSD, Port Elizabeth, SA",11946,30,32696,858270,26.25,0.88,1682.21,,,FALSE,10/30/08,10/30/08,,
123-NG-T01,Pre-PQ Process,SO-2554,DN-960,Nigeria,PMO - US,From RDC,N/A - From RDC,Air,ARV,Pediatric,SCMS from RDC,"Efavirenz 200mg, capsule, 90 Caps",Efavirenz,Generic,200mg,Capsule,"Aurobindo Unit III, India",11947,90,1132,18112,16,0.18,35.5,,,FALSE,10/30/08,10/30/08,,
110-ZM-T01,Pre-PQ Process,SO-2543,DN-975,Zambia,PMO - US,From RDC,N/A - From RDC,Truck,ARV,Adult,SCMS from RDC,"Emtricitabine/Tenofovir Disoproxil Fumarate 200/300mg [Truvada], tablets, 30 Tabs",Emtricitabine/Tenofovir Disoproxil Fumarate,Truvada,300/200mg,Tablet - FDC,"Aspen-OSD, Port Elizabeth, SA",11948,30,100000,2625000,26.25,0.88,5145,88190,11519.94,TRUE,11/25/08,11/25/08,,
112-NG-T01,Pre-PQ Process,SO-20960,DN-1124,Nigeria,PMO - US,From RDC,N/A - From RDC,Air Charter,ARV,Pediatric,SCMS from RDC,"Lamivudine 10mg/ml, oral solution, Bottle, 240 ml",Lamivudine,Generic,10mg/ml,Oral solution,"Aurobindo Unit III, India",11949,240,833,1582.7,1.9,0.01,3.1,,,FALSE,3/19/09,3/19/09,,
104-CI-T01,Pre-PQ Process,SO-16190,DN-1020,Côte d'Ivoire,PMO - US,From RDC,N/A - From RDC,Air,ARV,Adult,SCMS from RDC,"Lamivudine/Nevirapine/Stavudine 150/200/30mg, tablets, 60 Tabs",Lamivudine/Nevirapine/Stavudine,Generic,150/200/30mg,Tablet - FDC,"Cipla, Goa, India",11950,60,19290,138888,7.2,0.12,272.22,2096,19495.73,TRUE,1/5/09,1/5/09,,
104-CI-T01,Pre-PQ Process,SO-16223,DN-1112,Côte d'Ivoire,PMO - US,From RDC,N/A - From RDC,Air,ARV,Pediatric,SCMS from RDC,"Stavudine 1mg/ml, powder for oral solution, 200 ml",Stavudine,Generic,1mg/ml,Oral solution,"Aurobindo Unit III, India",11951,200,800,1120,1.4,0.01,2.2,77,1286,TRUE,3/5/09,3/5/09,,
110-ZM-T01,Pre-PQ Process,SO-1897,DN-927,Zambia,PMO - US,From RDC,N/A - From RDC,N/A,ARV,Adult,SCMS from RDC,"Efavirenz 600mg, tablets, 30 Tabs",Efavirenz,Generic,600mg,Tablet,Mylan (formerly Matrix) Nashik,11953,30,20880,250768.8,12.01,0.4,401.23,1603,8539.26,TRUE,10/6/08,10/6/08,,
104-CI-T01,Pre-PQ Process,SO-11850,DN-988,Côte d'Ivoire,PMO - US,From RDC,N/A - From RDC,Air,ARV,Adult,SCMS from RDC,"Efavirenz 600mg, tablets, 30 Tabs",Efavirenz,Generic,600mg,Tablet,"Aurobindo Unit III, India",11954,30,30654,359264.88,11.72,0.39,704.16,,,FALSE,12/1/08,12/1/08,,
151-NG-T01,Pre-PQ Process,SO-21800,DN-1134,Nigeria,PMO - US,From RDC,N/A - From RDC,Air Charter,ARV,Adult,SCMS from RDC,"Lamivudine/Nevirapine/Zidovudine 150/200/300mg, tablets, 60 Tabs",Lamivudine/Nevirapine/Zidovudine,Generic,150/300/200mg,Tablet - FDC,"Aurobindo Unit III, India",11955,60,63940,728916,11.4,0.19,1428.68,7189,11492.86,TRUE,3/19/09,3/19/09,,
151-NG-T01,Pre-PQ Process,SO-21808,DN-1142,Nigeria,PMO - US,From RDC,N/A - From RDC,Air Charter,ARV,Adult,SCMS from RDC,"Lamivudine/Nevirapine/Zidovudine 150/200/300mg, tablets, 60 Tabs",Lamivudine/Nevirapine/Zidovudine,Generic,150/300/200mg,Tablet - FDC,"Aurobindo Unit III, India",11956,60,4314,49179.6,11.4,0.19,96.39,485,22985.73,TRUE,3/19/09,3/19/09,,
104-CI-T01,Pre-PQ Process,SO-27010,DN-1157,Côte d'Ivoire,PMO - US,From RDC,N/A - From RDC,Air,ARV,Adult,SCMS from RDC,"Lopinavir/Ritonavir 200/50mg [Aluvia], tablets, 120 Tabs",Lopinavir/Ritonavir,Aluvia,200/50mg,Tablet,ABBVIE Ludwigshafen Germany,11957,120,1764,72500.4,41.1,0.34,142.1,,,TRUE,3/20/09,3/20/09,,
104-CI-T01,Pre-PQ Process,SO-27011,DN-1158,Côte d'Ivoire,PMO - US,From RDC,N/A - From RDC,Air,ARV,Adult,SCMS from RDC,"Lopinavir/Ritonavir 200/50mg [Aluvia], tablets, 120 Tabs",Lopinavir/Ritonavir,Aluvia,200/50mg,Tablet,ABBVIE (Abbott) Logis. UK,11958,120,1544,63458.4,41.1,0.34,124.38,,,TRUE,3/20/09,3/20/09,,
111-MZ-T01,Pre-PQ Process,SO-15090,DN-933,Mozambique,PMO - US,From RDC,N/A - From RDC,Air,ARV,Adult,SCMS from RDC,"Efavirenz 600mg, tablets, 30 Tabs",Efavirenz,Generic,600mg,Tablet,"Aurobindo Unit III, India",11959,30,5000,55000,11,0.37,88,,,FALSE,11/14/08,11/14/08,,
104-CI-T01,Pre-PQ Process,SO-970,DN-1163,Côte d'Ivoire,PMO - US,From RDC,N/A - From RDC,Air,ARV,Pediatric,SCMS from RDC,"Lopinavir/Ritonavir 80/20mg/ml [Kaletra], oral solution, cool, Bottle 5 x 60 ml",Lopinavir/Ritonavir,Kaletra,80/20mg/ml,Oral solution,ABBVIE (Abbott) Logis. UK,11960,300,1500,61650,41.1,0.14,120.83,,,FALSE,3/23/09,3/23/09,,
104-CI-T01,Pre-PQ Process,SO-27040,DN-1164,Côte d'Ivoire,PMO - US,From RDC,N/A - From RDC,Air,ARV,Adult,SCMS from RDC,"Nevirapine 200mg, tablets, 60 Tabs",Nevirapine,Generic,200mg,Tablet,"Aurobindo Unit III, India",11961,60,7511,25537.4,3.4,0.06,50.05,,,TRUE,3/24/09,3/24/09,,
104-CI-T01,Pre-PQ Process,SO-21882,DN-1171,Côte d'Ivoire,PMO - US,From RDC,N/A - From RDC,Air,ARV,Pediatric,SCMS from RDC,"Abacavir 20mg/ml, oral solution, Bottle, 240 ml",Abacavir,Generic,20mg/ml,Oral solution,"Aurobindo Unit III, India",11962,240,352,5280,15,0.06,10.35,125,1328.03,TRUE,5/12/09,5/12/09,,
106-HT-T01,Pre-PQ Process,SO-24831,DN-1173,Haiti,PMO - US,From RDC,N/A - From RDC,Air,ARV,Pediatric,SCMS from RDC,"Abacavir 20mg/ml, oral solution, Bottle, 240 ml",Abacavir,Generic,20mg/ml,Oral solution,"Aurobindo Unit III, India",11963,240,274,4110,15,0.06,8.06,98,1763.84,TRUE,4/14/09,4/14/09,,
111-MZ-T01,Pre-PQ Process,SO-25020,DN-1175,Mozambique,PMO - US,From RDC,N/A - From RDC,Air,ARV,Adult,SCMS from RDC,"Lamivudine/Nevirapine/Zidovudine 150/200/300mg, tablets, 60 Tabs",Lamivudine/Nevirapine/Zidovudine,Generic,150/300/200mg,Tablet - FDC,Mylan (formerly Matrix) Nashik,11964,60,10808,127534.4,11.8,0.2,249.97,1320,6759.55,TRUE,6/8/09,6/8/09,,
127-KE-T01,Pre-PQ Process,SO-29010,DN-1193,Kenya,PMO - US,From RDC,N/A - From RDC,Truck,ARV,Pediatric,SCMS from RDC,"Efavirenz 200mg, capsule, 90 Caps",Efavirenz,Generic,200mg,Capsule,"Aurobindo Unit III, India",11966,90,170,1.7,0.01,0,0,,,FALSE,4/23/09,4/23/09,,
151-NG-T01,Pre-PQ Process,SO-22522,DN-1198,Nigeria,PMO - US,From RDC,N/A - From RDC,Air,ARV,Adult,SCMS from RDC,"Emtricitabine/Tenofovir Disoproxil Fumarate 200/300mg [Truvada], tablets, 30 Tabs",Emtricitabine/Tenofovir Disoproxil Fumarate,Truvada,300/200mg,Tablet - FDC,"Aspen-OSD, Port Elizabeth, SA",11967,30,2067,54258.75,26.25,0.88,106.35,235,2922.53,TRUE,4/30/09,4/30/09,,
106-HT-T01,Pre-PQ Process,SO-24840,DN-1221,Haiti,PMO - US,From RDC,N/A - From RDC,Air,ARV,Pediatric,SCMS from RDC,"Lamivudine 10mg/ml, oral solution, Bottle, 240 ml",Lamivudine,Generic,10mg/ml,Oral solution,"Aurobindo Unit III, India",11968,240,2345,4455.5,1.9,0.01,8.73,,,FALSE,5/22/09,5/22/09,,
111-MZ-T01,Pre-PQ Process,SO-30440,DN-1231,Mozambique,PMO - US,From RDC,N/A - From RDC,Truck,ARV,Adult,SCMS from RDC,"Stavudine 30mg, capsules, 60 Caps",Stavudine,Generic,30mg,Capsule,"Strides, Bangalore, India.",11969,60,630,938.7,1.49,0.02,1.84,,,FALSE,6/28/09,6/28/09,,
104-CI-T01,Pre-PQ Process,SO-27520,DN-1234,Côte d'Ivoire,PMO - US,From RDC,N/A - From RDC,Air,ARV,Pediatric,SCMS from RDC,"Efavirenz 200mg, capsule, 90 Caps",Efavirenz,Generic,200mg,Capsule,"Aurobindo Unit III, India",11970,90,1680,25636.8,15.26,0.17,50.25,3337,9936.96,TRUE,6/11/09,6/11/09,,
100-SZ-T01,Pre-PQ Process,SO-30790,DN-1238,Swaziland,PMO - US,From RDC,N/A - From RDC,Air,ARV,Pediatric,SCMS from RDC,"Efavirenz 200mg, capsule, 90 Caps",Efavirenz,Generic,200mg,Capsule,"Aurobindo Unit III, India",11971,90,1417,18038.41,12.73,0.14,35.36,,,FALSE,5/21/09,5/21/09,,
100-SZ-T01,Pre-PQ Process,SO-30790,DN-1238,Swaziland,PMO - US,From RDC,N/A - From RDC,Air,ARV,Adult,SCMS from RDC,"Lamivudine/Nevirapine/Zidovudine 150/200/300mg, tablets, 60 Tabs",Lamivudine/Nevirapine/Zidovudine,Generic,150/300/200mg,Tablet - FDC,"Aurobindo Unit III, India",11972,60,13600,154360,11.35,0.19,302.55,,,FALSE,5/21/09,5/21/09,,
111-MZ-T01,Pre-PQ Process,SO-17530,DN-1176,Mozambique,PMO - US,From RDC,N/A - From RDC,Air,ARV,Adult,SCMS from RDC,"Indinavir 400mg [Crixivan], capsules, 180 Caps",Indinavir,Crixivan,400mg,Capsule,"MSD, Haarlem, NL",11973,180,616,30800,50,0.28,60.37,227,1943.05,TRUE,5/20/09,5/20/09,,
111-MZ-T01,Pre-PQ Process,SO-17530,DN-1176,Mozambique,PMO - US,From RDC,N/A - From RDC,Air,ARV,Pediatric,SCMS from RDC,"Efavirenz 200mg, capsule, 90 Caps",Efavirenz,Generic,200mg,Capsule,"Aurobindo Unit III, India",11974,90,720,10987.2,15.26,0.17,21.53,,,FALSE,5/20/09,5/20/09,,
110-ZM-T01,Pre-PQ Process,SO-17630,DN-1240,Zambia,PMO - US,From RDC,N/A - From RDC,Truck,ARV,Adult,SCMS from RDC,"Efavirenz 600mg, tablets, 30 Tabs",Efavirenz,Generic,600mg,Tablet,Hetero Unit III Hyderabad IN,11975,30,100000,1100000,11,0.37,2156,7736,10069.54,TRUE,6/10/09,6/10/09,,
112-NG-T01,Pre-PQ Process,SO-21050,DN-1244,Nigeria,PMO - US,From RDC,N/A - From RDC,Air Charter,ARV,Adult,SCMS from RDC,"Stavudine 30mg, capsules, 60 Caps",Stavudine,Generic,30mg,Capsule,"Aurobindo Unit III, India",11980,60,1002,1553.1,1.55,0.03,3.04,,,FALSE,6/16/09,6/16/09,,
110-ZM-T01,Pre-PQ Process,SO-30300,DN-1250,Zambia,PMO - US,From RDC,N/A - From RDC,Truck,ARV,Pediatric,SCMS from RDC,"Efavirenz 200mg, capsule, 90 Caps",Efavirenz,Generic,200mg,Capsule,"Aurobindo Unit III, India",11981,90,680,10376.8,15.26,0.17,20.34,,,FALSE,6/15/09,6/15/09,,
153-NG-T01,Pre-PQ Process,SO-31170,DN-1261,Nigeria,PMO - US,From RDC,N/A - From RDC,Air Charter,ARV,Adult,SCMS from RDC,"Zidovudine 300mg, tablets, 60 Tabs",Zidovudine,Generic,300mg,Tablet,"Aurobindo Unit III, India",11983,60,306,2359.26,7.71,0.13,4.62,,,FALSE,6/16/09,6/16/09,,
106-HT-T01,Pre-PQ Process,SO-24851,DN-1283,Haiti,PMO - US,From RDC,N/A - From RDC,Air,ARV,Adult,SCMS from RDC,"Nevirapine 200mg, tablets, 60 Tabs",Nevirapine,Generic,200mg,Tablet,Hetero Unit III Hyderabad IN,11988,60,18750,56250,3,0.05,110.25,111,12448.02,TRUE,6/25/09,6/25/09,,
113-ZW-T01,Pre-PQ Process,SO-21010,DN-1289,Zimbabwe,PMO - US,From RDC,N/A - From RDC,Truck,ARV,Adult,SCMS from RDC,"Efavirenz 600mg, tablets, 30 Tabs",Efavirenz,Generic,600mg,Tablet,"Aurobindo Unit III, India",11989,30,4000,42480,10.62,0.35,83.26,,,FALSE,6/22/09,6/22/09,,
104-CI-T01,Pre-PQ Process,SO-27531,DN-1314,Côte d'Ivoire,PMO - US,From RDC,N/A - From RDC,Air,ARV,Adult,SCMS from RDC,"Efavirenz 600mg, tablets, 30 Tabs",Efavirenz,Generic,600mg,Tablet,"Emcure Plot No.P-2, I.T-B.T. Park, Phase II, MIDC, Hinjwadi, Pune, India",11990,30,26710,259621.2,9.72,0.32,508.86,1866,6111.2,TRUE,7/14/09,7/14/09,,
114-UG-T01,Pre-PQ Process,SO-32120,DN-1303,Uganda,PMO - US,From RDC,N/A - From RDC,Air,ARV,Adult,SCMS from RDC,"Lamivudine/Zidovudine 150/300mg, tablets, 60 Tabs",Lamivudine/Zidovudine,Generic,150/300mg,Tablet - FDC,"Aurobindo Unit III, India",11991,60,14479,97878.04,6.76,0.11,191.84,,,FALSE,8/14/09,8/14/09,,
114-UG-T01,Pre-PQ Process,SO-30081,DN-1320,Uganda,PMO - US,From RDC,N/A - From RDC,Air,ARV,Adult,SCMS from RDC,"Lamivudine/Nevirapine/Stavudine 150/200/30mg, tablets, 60 Tabs",Lamivudine/Nevirapine/Stavudine,Generic,150/200/30mg,Tablet - FDC,"Strides, Bangalore, India.",11992,60,1604,11420.48,7.12,0.12,22.38,120,1670.63,TRUE,8/14/09,8/14/09,,
114-UG-T01,Pre-PQ Process,SO-30080,DN-1322,Uganda,PMO - US,From RDC,N/A - From RDC,Air,ARV,Adult,SCMS from RDC,"Lamivudine/Nevirapine/Stavudine 150/200/30mg, tablets, 60 Tabs",Lamivudine/Nevirapine/Stavudine,Generic,150/200/30mg,Tablet - FDC,"Strides, Bangalore, India.",11993,60,4340,30900.8,7.12,0.12,60.57,322,3017.15,TRUE,7/17/09,7/17/09,,
110-ZM-T01,Pre-PQ Process,SO-17641,DN-1326,Zambia,PMO - US,From RDC,N/A - From RDC,Truck,ARV,Adult,SCMS from RDC,"Efavirenz 600mg, tablets, 30 Tabs",Efavirenz,Generic,600mg,Tablet,Hetero Unit III Hyderabad IN,11994,30,12740,140140,11,0.37,274.67,987,2448.71,TRUE,9/4/09,9/4/09,,
110-ZM-T01,Pre-PQ Process,SO-29050,DN-1327,Zambia,PMO - US,From RDC,N/A - From RDC,Truck,ARV,Adult,SCMS from RDC,"Efavirenz 600mg, tablets, 30 Tabs",Efavirenz,Generic,600mg,Tablet,Mylan (formerly Matrix) Nashik,11995,30,120000,960000,8,0.27,1881.6,9022,4506.18,TRUE,9/4/09,9/4/09,,
151-NG-T01,Pre-PQ Process,SO-32646,DN-1340,Nigeria,PMO - US,From RDC,N/A - From RDC,Air Charter,ARV,Adult,SCMS from RDC,"Lamivudine/Nevirapine/Zidovudine 150/200/300mg, tablets, 60 Tabs",Lamivudine/Nevirapine/Zidovudine,Generic,150/300/200mg,Tablet - FDC,"Aurobindo Unit III, India",11996,60,4314,49179.6,11.4,0.19,96.39,486,7445.8,TRUE,8/4/09,8/4/09,,
151-NG-T01,Pre-PQ Process,SO-32642,DN-1344,Nigeria,PMO - US,From RDC,N/A - From RDC,Air Charter,ARV,Adult,SCMS from RDC,"Lamivudine/Nevirapine/Zidovudine 150/200/300mg, tablets, 60 Tabs",Lamivudine/Nevirapine/Zidovudine,Generic,150/300/200mg,Tablet - FDC,"Aurobindo Unit III, India",11997,60,41949,478218.6,11.4,0.19,937.31,4724,7445.8,TRUE,8/4/09,8/4/09,,
106-HT-T01,Pre-PQ Process,SO-32760,DN-1373,Haiti,PMO - US,From RDC,N/A - From RDC,Air,ARV,Adult,SCMS from RDC,"Stavudine 30mg, capsules, 60 Caps",Stavudine,Generic,30mg,Capsule,"Aurobindo Unit III, India",11998,60,8640,12614.4,1.46,0.02,24.72,,,FALSE,7/31/09,7/31/09,,
106-HT-T01,Pre-PQ Process,SO-32730,DN-1374,Haiti,PMO - US,From RDC,N/A - From RDC,Air,ARV,Adult,SCMS from RDC,"Stavudine 15mg, capsules, 60 Caps",Stavudine,Generic,15mg,Capsule,"Aurobindo Unit III, India",11999,60,108,162,1.5,0.02,0.32,78,6811.4,TRUE,7/31/09,7/31/09,,
111-MZ-T01,Pre-PQ Process,SO-32530,DN-1380,Mozambique,PMO - US,From RDC,N/A - From RDC,Truck,ARV,Adult,SCMS from RDC,"Lamivudine/Nevirapine/Stavudine 150/200/30mg, tablets, 60 Tabs",Lamivudine/Nevirapine/Stavudine,Generic,150/200/30mg,Tablet - FDC,"Strides, Bangalore, India.",12000,60,17000,121040,7.12,0.12,237.24,4374,1799.88,TRUE,9/17/09,9/17/09,,
110-ZM-T01,Pre-PQ Process,SO-29040,DN-1386,Zambia,PMO - US,From RDC,N/A - From RDC,Truck,ARV,Adult,SCMS from RDC,"Lamivudine/Zidovudine 150/300mg, tablets, 60 Tabs",Lamivudine/Zidovudine,Generic,150/300mg,Tablet - FDC,"Aurobindo Unit III, India",12001,60,108000,946080,8.76,0.15,1854.32,,,FALSE,9/15/09,9/15/09,,
104-CI-T01,Pre-PQ Process,SO-32240,DN-1398,Côte d'Ivoire,PMO - US,From RDC,N/A - From RDC,Air,ARV,Pediatric,SCMS from RDC,"Efavirenz 200mg, capsule, 90 Caps",Efavirenz,Generic,200mg,Capsule,"Aurobindo Unit III, India",12003,90,2520,32079.6,12.73,0.14,62.88,,,FALSE,9/8/09,9/8/09,,
114-UG-T01,Pre-PQ Process,SO-32930,DN-1402,Uganda,PMO - US,From RDC,N/A - From RDC,Air,ARV,Adult,SCMS from RDC,"Lamivudine/Nevirapine/Zidovudine 150/200/300mg, tablets, 60 Tabs",Lamivudine/Nevirapine/Zidovudine,Generic,150/300/200mg,Tablet - FDC,"Aurobindo Unit III, India",12004,60,19650,223027.5,11.35,0.19,437.13,2237,15250.99,TRUE,9/9/09,9/9/09,,
110-ZM-T01,Pre-PQ Process,SO-32480,DN-1405,Zambia,PMO - US,From RDC,N/A - From RDC,Truck,ARV,Adult,SCMS from RDC,"Lamivudine/Nevirapine/Stavudine 150/200/30mg, tablets, 60 Tabs",Lamivudine/Nevirapine/Stavudine,Generic,150/200/30mg,Tablet - FDC,"Cipla, Goa, India",12005,60,52481,373664.72,7.12,0.12,732.38,5586,6759.28,TRUE,9/22/09,9/22/09,,
113-ZW-T01,Pre-PQ Process,SO-21020,DN-1411,Zimbabwe,PMO - US,From RDC,N/A - From RDC,Truck,ARV,Adult,SCMS from RDC,"Lamivudine/Nevirapine/Stavudine 150/200/30mg, tablets, 60 Tabs",Lamivudine/Nevirapine/Stavudine,Generic,150/200/30mg,Tablet - FDC,"Cipla, Goa, India",12006,60,76000,541120,7.12,0.12,1060.6,,,FALSE,9/22/09,9/22/09,,
114-UG-T01,Pre-PQ Process,SO-31470,DN-1415,Uganda,PMO - US,From RDC,N/A - From RDC,Air,ARV,Adult,SCMS from RDC,"Emtricitabine/Tenofovir Disoproxil Fumarate 200/300mg [Truvada], tablets, 30 Tabs",Emtricitabine/Tenofovir Disoproxil Fumarate,Truvada,300/200mg,Tablet - FDC,"Aspen-OSD, Port Elizabeth, SA",12008,30,1795,47118.75,26.25,0.88,92.35,160,2590.35,TRUE,9/14/09,9/14/09,,
104-CI-T01,Pre-PQ Process,SO-33220,DN-1422,Côte d'Ivoire,PMO - US,From RDC,N/A - From RDC,Air,ARV,Pediatric,SCMS from RDC,"Nevirapine 10mg/ml, oral suspension, Bottle, 240 ml",Nevirapine,Generic,10mg/ml,Oral suspension,"Aurobindo Unit III, India",12009,240,6000,11520,1.92,0.01,22.58,,,FALSE,9/16/09,9/16/09,,
104-CI-T01,Pre-PQ Process,SO-33230,DN-1427,Côte d'Ivoire,PMO - US,From RDC,N/A - From RDC,Air,ARV,Adult,SCMS from RDC,"Emtricitabine/Tenofovir Disoproxil Fumarate 200/300mg [Truvada], tablets, 30 Tabs",Emtricitabine/Tenofovir Disoproxil Fumarate,Truvada,300/200mg,Tablet - FDC,"Aspen-OSD, Port Elizabeth, SA",12010,30,998,26197.5,26.25,0.88,51.35,,,FALSE,9/25/09,9/25/09,,
151-NG-T01,Pre-PQ Process,SO-33331,DN-1434,Nigeria,PMO - US,From RDC,N/A - From RDC,Air Charter,ARV,Adult,SCMS from RDC,"Lamivudine/Nevirapine/Zidovudine 150/200/300mg, tablets, 60 Tabs",Lamivudine/Nevirapine/Zidovudine,Generic,150/300/200mg,Tablet - FDC,"Aurobindo Unit III, India",12011,60,52920,603288,11.4,0.19,1182.44,5960,9341.49,TRUE,10/20/09,10/20/09,,
110-ZM-T01,Pre-PQ Process,SO-33021,DN-1448,Zambia,PMO - US,From RDC,N/A - From RDC,Truck,ARV,Adult,SCMS from RDC,"Efavirenz 600mg, tablets, 30 Tabs",Efavirenz,Generic,600mg,Tablet,"Aurobindo Unit III, India",12012,30,4000,24880,6.22,0.21,48.76,1900,4997.46,TRUE,10/13/09,10/13/09,,
106-HT-T01,Pre-PQ Process,SO-32720,DN-1466,Haiti,PMO - US,From RDC,N/A - From RDC,Air,ARV,Adult,SCMS from RDC,"Nevirapine 200mg, tablets, 60 Tabs",Nevirapine,Generic,200mg,Tablet,"Aurobindo Unit III, India",12014,60,15825,45892.5,2.9,0.05,89.95,,,FALSE,10/21/09,10/21/09,,
117-ET-T01,Pre-PQ Process,SO-33630,DN-1471,Ethiopia,PMO - US,From RDC,N/A - From RDC,Air,ARV,Adult,SCMS from RDC,"Lamivudine 150mg, tablets, 60 Tabs",Lamivudine,Generic,150mg,Tablet,Mylan (formerly Matrix) Nashik,12015,60,4500,10980,2.44,0.04,21.52,658,4311.22,TRUE,10/6/09,10/6/09,,
100-LB-T01,Pre-PQ Process,SO-33900,DN-1487,Lebanon,PMO - US,From RDC,N/A - From RDC,Air,ARV,Pediatric,SCMS from RDC,"Zidovudine 10mg/ml, oral solution, Bottle, 240 ml",Zidovudine,Generic,10mg/ml,Oral solution,"Aurobindo Unit III, India",12016,240,24,0.24,0.01,0,0,,,FALSE,11/18/09,11/18/09,,
114-UG-T01,Pre-PQ Process,SO-34000,DN-1489,Uganda,PMO - US,From RDC,N/A - From RDC,Air,ARV,Adult,SCMS from RDC,"Stavudine 30mg, capsules, 60 Caps",Stavudine,Generic,30mg,Capsule,"Aurobindo Unit III, India",12017,60,300,438,1.46,0.02,0.94,20,667.17,TRUE,10/29/09,10/29/09,,
114-UG-T01,Pre-PQ Process,SO-33150,DN-1490,Uganda,PMO - US,From RDC,N/A - From RDC,Air,ARV,Adult,SCMS from RDC,"Zidovudine 300mg, tablets, 60 Tabs",Zidovudine,Generic,300mg,Tablet,"Aurobindo Unit III, India",12018,60,589,4435.17,7.53,0.13,9.56,33,747.17,TRUE,10/29/09,10/29/09,,
117-ET-T01,Pre-PQ Process,SO-35210,DN-1588,Ethiopia,PMO - US,From RDC,N/A - From RDC,Air,ARV,Adult,SCMS from RDC,"Nevirapine 200mg, tablets, 60 Tabs",Nevirapine,Generic,200mg,Tablet,"Cipla, Goa, India",12020,60,20000,58000,2.9,0.05,125.05,2190,7573.92,TRUE,12/8/09,12/8/09,,
117-ET-T01,Pre-PQ Process,SO-34580,DN-1610,Ethiopia,PMO - US,From RDC,N/A - From RDC,Air,ARV,Adult,SCMS from RDC,"Nevirapine 200mg, tablets, 60 Tabs",Nevirapine,Generic,200mg,Tablet,"Aurobindo Unit III, India",12021,60,25540,74066,2.9,0.05,159.69,2031,6774.59,TRUE,1/13/10,1/13/10,,
100-CI-T01,Pre-PQ Process,SO-283,DN-16,Côte d'Ivoire,PMO - US,From RDC,N/A - From RDC,N/A,ARV,Adult,SCMS from RDC,"Efavirenz 600mg, tablets, 30 Tabs",Efavirenz,Generic,600mg,Tablet,"Aurobindo Unit III, India",12025,30,495,8043.75,16.25,0.54,,,,FALSE,2/22/07,2/22/07,,
100-CI-T01,Pre-PQ Process,SO-283,DN-16,Côte d'Ivoire,PMO - US,From RDC,N/A - From RDC,N/A,ARV,Adult,SCMS from RDC,"Lamivudine/Zidovudine 150/300mg, tablets, 60 Tabs",Lamivudine/Zidovudine,Generic,150/300mg,Tablet - FDC,"Aurobindo Unit III, India",12026,60,2770,28392.5,10.25,0.17,,,,FALSE,2/22/07,2/22/07,,
110-ZM-T01,Pre-PQ Process,SO-229,DN-41,Zambia,PMO - US,From RDC,N/A - From RDC,N/A,ARV,Adult,SCMS from RDC,"Abacavir 300mg, tablets, 60 Tabs",Abacavir,Generic,300mg,Tablet,"Aurobindo Unit III, India",12030,60,3334,118357,35.5,0.59,,161,7441.23,TRUE,3/29/07,3/29/07,,
112-NG-T01,Pre-PQ Process,SO-340,DN-72,Nigeria,PMO - US,From RDC,N/A - From RDC,N/A,ARV,Pediatric,SCMS from RDC,"Zidovudine 10mg/ml, oral solution, Bottle, 240 ml",Zidovudine,Generic,10mg/ml,Oral solution,"Aurobindo Unit III, India",12031,240,1200,2580,2.15,0.01,,,,FALSE,4/17/07,4/17/07,,
111-MZ-T01,Pre-PQ Process,SO-497,DN-121,Mozambique,PMO - US,From RDC,N/A - From RDC,Air,ARV,Adult,SCMS from RDC,"Abacavir 300mg, tablets, 60 Tabs",Abacavir,Generic,300mg,Tablet,"Aurobindo Unit III, India",12033,60,566,20262.8,35.8,0.6,,,,FALSE,5/18/07,5/18/07,,
100-CI-T01,Pre-PQ Process,SO-390,DN-51,Côte d'Ivoire,PMO - US,From RDC,N/A - From RDC,N/A,ARV,Adult,SCMS from RDC,"Efavirenz 600mg, tablets, 30 Tabs",Efavirenz,Generic,600mg,Tablet,"Aurobindo Unit III, India",12034,30,10000,162500,16.25,0.54,,898,3002,TRUE,5/4/07,5/4/07,,
100-CI-T01,Pre-PQ Process,SO-284,DN-46,Côte d'Ivoire,PMO - US,From RDC,N/A - From RDC,N/A,ARV,Adult,SCMS from RDC,"Efavirenz 600mg, tablets, 30 Tabs",Efavirenz,Generic,600mg,Tablet,"Aurobindo Unit III, India",12037,30,6519,105933.75,16.25,0.54,,,,FALSE,5/4/07,5/4/07,,
107-RW-T01,Pre-PQ Process,SO-481,DN-100,Rwanda,PMO - US,From RDC,N/A - From RDC,Air,ARV,Adult,SCMS from RDC,"Lamivudine 150mg, tablets, 60 Tabs",Lamivudine,Generic,150mg,Tablet,"Ranbaxy, Paonta Shahib, India",12041,60,1267,4193.77,3.31,0.06,,,,FALSE,5/14/07,5/14/07,,
100-CI-T01,Pre-PQ Process,SO-437,DN-85,Côte d'Ivoire,PMO - US,From RDC,N/A - From RDC,N/A,ARV,Adult,SCMS from RDC,"Lamivudine/Nevirapine/Stavudine 150/200/30mg, tablets, 60 Tabs",Lamivudine/Nevirapine/Stavudine,Generic,150/200/30mg,Tablet - FDC,"Cipla, Goa, India",12043,60,9000,67500,7.5,0.12,,972,3162,TRUE,4/30/07,4/30/07,,
100-CI-T01,Pre-PQ Process,SO-411,DN-60,Côte d'Ivoire,PMO - US,From RDC,N/A - From RDC,N/A,ARV,Adult,SCMS from RDC,"Lamivudine/Zidovudine 150/300mg, tablets, 60 Tabs",Lamivudine/Zidovudine,Generic,150/300mg,Tablet - FDC,"Aurobindo Unit III, India",12044,60,1000,10250,10.25,0.17,,114,1470,TRUE,5/4/07,5/4/07,,
100-CI-T01,Pre-PQ Process,SO-285,DN-74,Côte d'Ivoire,PMO - US,From RDC,N/A - From RDC,N/A,ARV,Adult,SCMS from RDC,"Tenofovir Disoproxil Fumarate 300mg [Viread], tablets, 30 Tabs",Tenofovir Disoproxil Fumarate,Viread,300mg,Tablet,Gilead(Nycomed) Oranienburg DE,12045,30,456,7752,17,0.57,,682,2527,TRUE,4/30/07,4/30/07,,
100-CI-T01,Pre-PQ Process,SO-285,DN-74,Côte d'Ivoire,PMO - US,From RDC,N/A - From RDC,N/A,ARV,Adult,SCMS from RDC,"Lamivudine/Zidovudine 150/300mg, tablets, 60 Tabs",Lamivudine/Zidovudine,Generic,150/300mg,Tablet - FDC,"Aurobindo Unit III, India",12046,60,6944,71176,10.25,0.17,,,,FALSE,4/30/07,4/30/07,,
100-CI-T01,Pre-PQ Process,SO-431,DN-76,Côte d'Ivoire,PMO - US,From RDC,N/A - From RDC,N/A,ARV,Adult,SCMS from RDC,"Efavirenz 600mg, tablets, 30 Tabs",Efavirenz,Generic,600mg,Tablet,"Aurobindo Unit III, India",12047,30,8148,132405,16.25,0.54,,741,2656,TRUE,4/30/07,4/30/07,,
112-NG-T01,Pre-PQ Process,SO-563,DN-209,Nigeria,PMO - US,From RDC,N/A - From RDC,N/A,ARV,Adult,SCMS from RDC,"Lamivudine 150mg, tablets, 60 Tabs",Lamivudine,Generic,150mg,Tablet,"Ranbaxy, Paonta Shahib, India",12050,60,552,1827.12,3.31,0.06,2.92,,,FALSE,7/3/07,7/3/07,,
112-NG-T01,Pre-PQ Process,SO-563,DN-209,Nigeria,PMO - US,From RDC,N/A - From RDC,N/A,ARV,Pediatric,SCMS from RDC,"Nevirapine 10mg/ml, oral suspension, Bottle, 240 ml",Nevirapine,Generic,10mg/ml,Oral suspension,"Aurobindo Unit III, India",12056,240,313,1940.6,6.2,0.03,3.1,,,FALSE,7/3/07,7/3/07,,
109-TZ-T01,Pre-PQ Process,SO-306,DN-144,Tanzania,PMO - US,From RDC,N/A - From RDC,Air,HRDT,HIV test,SCMS from RDC,"HIV 1/2, Uni-Gold HIV Kit, 20 Tests","HIV 1/2, Uni-Gold HIV Kit",Uni-Gold,N/A,Test kit,"Trinity Biotech, Plc",12058,20,100,3200,32,1.6,,,2297,TRUE,7/6/07,7/6/07,,
111-MZ-T01,Pre-PQ Process,SO-379,DN-183,Mozambique,PMO - US,From RDC,N/A - From RDC,Air,ARV,Adult,SCMS from RDC,"Abacavir/Lamivudine/Zidovudine 300/150/300mg [Trizivir], tablets, 60 Tabs",Abacavir/Lamivudine/Zidovudine,Trizivir,300/150/300mg,Tablet - FDC,GSK Ware (UK),12059,60,1019,71330,70,1.17,,138,439.17,TRUE,7/4/07,7/4/07,,
111-MZ-T01,Pre-PQ Process,SO-578,DN-184,Mozambique,PMO - US,From RDC,N/A - From RDC,Air,ARV,Adult,SCMS from RDC,"Lopinavir/Ritonavir 200/50mg [Aluvia], tablets, 120 Tabs",Lopinavir/Ritonavir,Aluvia,200/50mg,Tablet,ABBVIE Ludwigshafen Germany,12060,120,801,32921.1,41.1,0.34,,333,630.23,TRUE,7/11/07,7/11/07,,
111-MZ-T01,Pre-PQ Process,SO-576,DN-148,Mozambique,PMO - US,From RDC,N/A - From RDC,Air,ARV,Adult,SCMS from RDC,"Tenofovir Disoproxil Fumarate 300mg [Viread], tablets, 30 Tabs",Tenofovir Disoproxil Fumarate,Viread,300mg,Tablet,Gilead(Nycomed) Oranienburg DE,12061,30,2684,45628,17,0.57,,,,FALSE,6/13/07,6/13/07,,
111-MZ-T01,Pre-PQ Process,SO-576,DN-148,Mozambique,PMO - US,From RDC,N/A - From RDC,Air,ARV,Adult,SCMS from RDC,"Lamivudine/Nevirapine/Zidovudine 150/200/300mg, tablets, 60 Tabs",Lamivudine/Nevirapine/Zidovudine,Generic,150/300/200mg,Tablet - FDC,"Aurobindo Unit III, India",12062,60,29959,524282.5,17.5,0.29,,,,FALSE,6/13/07,6/13/07,,
112-NG-T01,Pre-PQ Process,SO-557,DN-172,Nigeria,PMO - US,From RDC,N/A - From RDC,N/A,ARV,Adult,SCMS from RDC,"Lamivudine/Zidovudine 150/300mg, tablets, 60 Tabs",Lamivudine/Zidovudine,Generic,150/300mg,Tablet - FDC,"Aurobindo Unit III, India",12063,60,203,2168.04,10.68,0.18,,,,FALSE,6/26/07,6/26/07,,
112-NG-T01,Pre-PQ Process,SO-557,DN-172,Nigeria,PMO - US,From RDC,N/A - From RDC,N/A,ARV,Adult,SCMS from RDC,"Lamivudine/Nevirapine/Stavudine 150/200/30mg, tablets, 60 Tabs",Lamivudine/Nevirapine/Stavudine,Generic,150/200/30mg,Tablet - FDC,"Cipla, Goa, India",12064,60,1799,13492.5,7.5,0.12,,,,FALSE,6/26/07,6/26/07,,
112-NG-T01,Pre-PQ Process,SO-636,DN-191,Nigeria,PMO - US,From RDC,N/A - From RDC,N/A,ARV,Adult,SCMS from RDC,"Lamivudine/Nevirapine/Stavudine 150/200/40mg, tablets, 60 Tabs",Lamivudine/Nevirapine/Stavudine,Generic,150/200/40mg,Tablet - FDC,"Cipla, Goa, India",12067,60,903,6953.1,7.7,0.13,11.12,57,1339.8,TRUE,6/26/07,6/26/07,,
113-ZW-T01,Pre-PQ Process,SO-415,DN-140,Zimbabwe,PMO - US,From RDC,N/A - From RDC,N/A,ARV,Adult,SCMS from RDC,"Efavirenz 600mg, tablets, 30 Tabs",Efavirenz,Generic,600mg,Tablet,"Aurobindo Unit III, India",12068,30,2800,45528,16.26,0.54,,246,1130.49,TRUE,5/20/07,5/20/07,,
110-ZM-T01,Pre-PQ Process,SO-313,DN-207,Zambia,PMO - US,From RDC,N/A - From RDC,N/A,ARV,Pediatric,SCMS from RDC,"Abacavir 20mg/ml, oral solution, Bottle, 240 ml",Abacavir,Generic,20mg/ml,Oral solution,"Aurobindo Unit III, India",12071,240,237,5095.5,21.5,0.09,8.15,85,759.41,TRUE,6/20/07,6/20/07,,
112-NG-T01,Pre-PQ Process,SO-563,DN-209,Nigeria,PMO - US,From RDC,N/A - From RDC,N/A,ARV,Adult,SCMS from RDC,"Lamivudine/Zidovudine+Nevirapine 150/300+200mg, tablets, co-blister, 60+60 Tabs",Lamivudine/Zidovudine+Nevirapine,Generic,150/300+200mg,Tablet - FDC + co-blister,"Aspen-OSD, Port Elizabeth, SA",12072,120,10020,205410,20.5,0.17,328.66,,,FALSE,7/3/07,7/3/07,,
109-TZ-T01,Pre-PQ Process,SO-496,DN-247,Tanzania,PMO - US,From RDC,N/A - From RDC,Air,ARV,Pediatric,SCMS from RDC,"Lopinavir/Ritonavir 80/20mg/ml [Kaletra], oral solution, cool, Bottle 5 x 60 ml",Lopinavir/Ritonavir,Kaletra,80/20mg/ml,Oral solution,ABBVIE (Abbott) Logis. UK,12073,300,147,6041.7,41.1,0.14,9.67,,,FALSE,7/30/07,7/30/07,,
104-CI-T01,Pre-PQ Process,SO-524,DN-268,Côte d'Ivoire,PMO - US,From RDC,N/A - From RDC,N/A,ARV,Adult,SCMS from RDC,"Lamivudine/Zidovudine 150/300mg, tablets, 60 Tabs",Lamivudine/Zidovudine,Generic,150/300mg,Tablet - FDC,"Aurobindo Unit III, India",12074,60,7426,79309.68,10.68,0.18,126.9,3073,7947,TRUE,8/14/07,8/14/07,,
110-ZM-T01,Pre-PQ Process,SO-464,DN-223,Zambia,PMO - US,From RDC,N/A - From RDC,N/A,ARV,Adult,SCMS from RDC,"Nevirapine 200mg, tablets, 60 Tabs",Nevirapine,Generic,200mg,Tablet,"Aurobindo Unit III, India",12075,60,79029,282133.53,3.57,0.06,451.41,7393,30412.53,TRUE,7/16/07,7/16/07,,
104-CI-T01,Pre-PQ Process,SO-774,DN-242,Côte d'Ivoire,PMO - US,From RDC,N/A - From RDC,Air,ARV,Adult,SCMS from RDC,"Stavudine 15mg, capsules, 60 Caps",Stavudine,Generic,15mg,Capsule,"Aurobindo Unit III, India",12077,60,1161,2496.15,2.15,0.04,3.99,399,4200.78,TRUE,8/21/07,8/21/07,,
107-RW-T01,Pre-PQ Process,SO-814,DN-263,Rwanda,PMO - US,From RDC,N/A - From RDC,Air,ARV,Adult,SCMS from RDC,"Indinavir 400mg [Crixivan], capsules, 180 Caps",Indinavir,Crixivan,400mg,Capsule,MSD Elkton USA,12078,180,112,5600,50,0.28,8.96,24,1161,TRUE,8/6/07,8/6/07,,
107-RW-T01,Pre-PQ Process,SO-825,DN-264,Rwanda,PMO - US,From RDC,N/A - From RDC,Air,HRDT,HIV test,SCMS from RDC,"HIV 1/2, Uni-Gold HIV Kit, 20 Tests","HIV 1/2, Uni-Gold HIV Kit",Uni-Gold,N/A,Test kit,"Trinity Biotech, Plc",12079,20,92,2944,32,1.6,4.71,28,1604.96,TRUE,8/6/07,8/6/07,,
104-CI-T01,Pre-PQ Process,SO-816,DN-265,Côte d'Ivoire,PMO - US,From RDC,N/A - From RDC,Air,ARV,Pediatric,SCMS from RDC,"Lopinavir/Ritonavir 80/20mg/ml [Kaletra], oral solution, cool, Bottle 5 x 60 ml",Lopinavir/Ritonavir,Kaletra,80/20mg/ml,Oral solution,ABBVIE (Abbott) Logis. UK,12080,300,56,2301.6,41.1,0.14,3.68,,,FALSE,8/17/07,8/17/07,,
109-TZ-T01,Pre-PQ Process,SO-747,DN-229,Tanzania,PMO - US,From RDC,N/A - From RDC,Air,HRDT,HIV test,SCMS from RDC,"HIV 1/2, Capillus HIV Kit, 100 Tests","HIV 1/2, Capillus HIV Kit",Capillus,N/A,Test kit,"Trinity Biotech, Plc",12083,100,422,58658,139,1.39,93.85,3093,1547,TRUE,7/13/07,7/13/07,,
109-TZ-T01,Pre-PQ Process,SO-457,DN-292,Tanzania,PMO - US,From RDC,N/A - From RDC,Air,ARV,Adult,SCMS from RDC,"Lamivudine/Zidovudine 150/300mg, tablets, 60 Tabs",Lamivudine/Zidovudine,Generic,150/300mg,Tablet - FDC,"Aurobindo Unit III, India",12086,60,29489,314942.53,10.68,0.18,503.91,2670,7533,TRUE,8/29/07,8/29/07,,
111-MZ-T01,Pre-PQ Process,SO-298,DN-304,Mozambique,PMO - US,From RDC,N/A - From RDC,Air,ARV,Adult,SCMS from RDC,"Abacavir/Lamivudine/Zidovudine 300/150/300mg [Trizivir], tablets, 60 Tabs",Abacavir/Lamivudine/Zidovudine,Trizivir,300/150/300mg,Tablet - FDC,GSK Ware (UK),12088,60,530,37100,70,1.17,59.36,,,FALSE,9/21/07,9/21/07,,
111-MZ-T01,Pre-PQ Process,SO-298,DN-304,Mozambique,PMO - US,From RDC,N/A - From RDC,Air,ARV,Adult,SCMS from RDC,"Abacavir 300mg, tablets, 60 Tabs",Abacavir,Generic,300mg,Tablet,"Aurobindo Unit III, India",12089,60,960,34080,35.5,0.59,54.53,,,FALSE,9/21/07,9/21/07,,
111-MZ-T01,Pre-PQ Process,SO-298,DN-304,Mozambique,PMO - US,From RDC,N/A - From RDC,Air,ARV,Adult,SCMS from RDC,"Indinavir 400mg [Crixivan], capsules, 180 Caps",Indinavir,Crixivan,400mg,Capsule,MSD Elkton USA,12090,180,740,36496.8,49.32,0.27,58.39,,,FALSE,9/21/07,9/21/07,,
111-MZ-T01,Pre-PQ Process,SO-298,DN-304,Mozambique,PMO - US,From RDC,N/A - From RDC,Air,ARV,Adult,SCMS from RDC,"Saquinavir 200mg [Invirase], capsules, 270 Caps",Saquinavir,Invirase,200mg,Capsule,Roche Basel,12091,270,521,39747.09,76.29,0.28,63.6,,,FALSE,9/21/07,9/21/07,,
111-MZ-T01,Pre-PQ Process,SO-298,DN-304,Mozambique,PMO - US,From RDC,N/A - From RDC,Air,ARV,Adult,SCMS from RDC,"Tenofovir Disoproxil Fumarate 300mg [Viread], tablets, 30 Tabs",Tenofovir Disoproxil Fumarate,Viread,300mg,Tablet,Gilead(Nycomed) Oranienburg DE,12092,30,3318,56406,17,0.57,90.25,,,FALSE,9/21/07,9/21/07,,
111-MZ-T01,Pre-PQ Process,SO-298,DN-304,Mozambique,PMO - US,From RDC,N/A - From RDC,Air,ARV,Adult,SCMS from RDC,"Lopinavir/Ritonavir 200/50mg [Aluvia], tablets, 120 Tabs",Lopinavir/Ritonavir,Aluvia,200/50mg,Tablet,ABBVIE Ludwigshafen Germany,12093,120,2698,110887.8,41.1,0.34,177.42,,,FALSE,9/21/07,9/21/07,,
111-MZ-T01,Pre-PQ Process,SO-298,DN-304,Mozambique,PMO - US,From RDC,N/A - From RDC,Air,ARV,Adult,SCMS from RDC,"Efavirenz 600mg, tablets, 30 Tabs",Efavirenz,Generic,600mg,Tablet,"Cipla, Goa, India",12094,30,25913,434042.75,16.75,0.56,694.47,,,FALSE,9/21/07,9/21/07,,
107-RW-T01,Pre-PQ Process,SO-833,DN-361,Rwanda,PMO - US,From RDC,N/A - From RDC,Air,HRDT,HIV test,SCMS from RDC,"HIV 1/2, Uni-Gold HIV Kit, 20 Tests","HIV 1/2, Uni-Gold HIV Kit",Uni-Gold,N/A,Test kit,"Trinity Biotech, Plc",12100,20,1883,60256,32,1.6,96.41,627,7670.04,TRUE,10/16/07,10/16/07,,
110-ZM-T01,Pre-PQ Process,SO-822,DN-343,Zambia,PMO - US,From RDC,N/A - From RDC,N/A,ARV,Pediatric,SCMS from RDC,"Abacavir 20mg/ml, oral solution, Bottle, 240 ml",Abacavir,Generic,20mg/ml,Oral solution,"Aurobindo Unit III, India",12107,240,1000,16500,16.5,0.07,26.4,355,1886.39,TRUE,9/7/07,9/7/07,,
117-ET-T01,Pre-PQ Process,SO-914,DN-332,Ethiopia,PMO - US,From RDC,N/A - From RDC,N/A,ARV,Pediatric,SCMS from RDC,"Lamivudine 10mg/ml, oral solution, Bottle, 240 ml",Lamivudine,Generic,10mg/ml,Oral solution,"Aurobindo Unit III, India",12109,240,11950,23541.5,1.97,0.01,37.67,,,FALSE,9/4/07,9/4/07,,
117-ET-T01,Pre-PQ Process,SO-914,DN-332,Ethiopia,PMO - US,From RDC,N/A - From RDC,N/A,ARV,Adult,SCMS from RDC,"Lamivudine 150mg, tablets, 60 Tabs",Lamivudine,Generic,150mg,Tablet,"Aurobindo Unit III, India",12110,60,46855,142439.2,3.04,0.05,227.9,,,FALSE,9/4/07,9/4/07,,
107-RW-T01,Pre-PQ Process,SO-834,DN-352,Rwanda,PMO - US,From RDC,N/A - From RDC,Air,HRDT,HIV test,SCMS from RDC,"HIV 1/2/O, First Response HIV 1-2.0, v.3.0 Cards Kit, 30 Tests","HIV 1/2/O, First Response HIV 1-2.0, v.3.0 Cards Kit",First Response,N/A,Test kit,Premier Med. Corp Ltd. India,12112,30,1883,31069.5,16.5,0.55,49.71,752,4436.76,TRUE,9/14/07,9/14/07,,
100-ZW-T01,Pre-PQ Process,SO-705,DN-355,Zimbabwe,PMO - US,From RDC,N/A - From RDC,Truck,ARV,Adult,SCMS from RDC,"Lamivudine/Nevirapine/Stavudine 150/200/30mg, tablets, 60 Tabs",Lamivudine/Nevirapine/Stavudine,Generic,150/200/30mg,Tablet - FDC,"Cipla, Goa, India",12113,60,37240,275576,7.4,0.12,440.92,,,FALSE,9/20/07,9/20/07,,
111-MZ-T01,Pre-PQ Process,SO-1064,DN-415,Mozambique,PMO - US,From RDC,N/A - From RDC,Air,HRDT,HIV test,SCMS from RDC,"HIV 1/2, Uni-Gold HIV Kit, 20 Tests","HIV 1/2, Uni-Gold HIV Kit",Uni-Gold,N/A,Test kit,"Trinity Biotech, Plc",12120,20,3480,111360,32,1.6,178.18,2766,10698.63,TRUE,11/30/07,11/30/07,,
104-CI-T01,Pre-PQ Process,SO-1245,DN-423,Côte d'Ivoire,PMO - US,From RDC,N/A - From RDC,Air,ARV,Adult,SCMS from RDC,"Ritonavir 100mg [Norvir], capsules, cool, 4 x 84 Caps",Ritonavir,Norvir,100mg,Capsule,ABBVIE (Abbott) France,12122,336,1200,46032,38.36,0.11,73.65,,,FALSE,11/13/07,11/13/07,,
100-ZW-T01,Pre-PQ Process,SO-1207,DN-424,Zimbabwe,PMO - US,From RDC,N/A - From RDC,Air,ARV,Adult,SCMS from RDC,"Lamivudine/Stavudine 150/30mg, tablets, 30 Tabs",Lamivudine/Stavudine,Generic,150/30mg,Tablet - FDC,"Cipla, Goa, India",12123,30,1062,2124,2,0.07,3.4,,,FALSE,11/16/07,11/16/07,,
105-GY-T01,Pre-PQ Process,SO-1233,DN-416,Guyana,PMO - US,From RDC,N/A - From RDC,Air,ARV,Adult,SCMS from RDC,"Lamivudine/Zidovudine 150/300mg, tablets, 60 Tabs",Lamivudine/Zidovudine,Generic,150/300mg,Tablet - FDC,"Aurobindo Unit III, India",12125,60,1848,17556,9.5,0.16,28.09,402,4807,TRUE,11/7/07,11/7/07,,
106-HT-T01,Pre-PQ Process,SO-1286,DN-458,Haiti,PMO - US,From RDC,N/A - From RDC,Air,ARV,Adult,SCMS from RDC,"Stavudine 30mg, capsules, 60 Caps",Stavudine,Generic,30mg,Capsule,"Aurobindo Unit III, India",12126,60,3000,4560,1.52,0.03,7.3,,,FALSE,12/5/07,12/5/07,,
104-CI-T01,Pre-PQ Process,SO-1103,DN-442,Côte d'Ivoire,PMO - US,From RDC,N/A - From RDC,Air,ARV,Adult,SCMS from RDC,"Abacavir 300mg, tablets, 60 Tabs",Abacavir,Generic,300mg,Tablet,"Aurobindo Unit III, India",12127,60,3260,228200,70,1.17,365.12,,,FALSE,11/22/07,11/22/07,,
104-CI-T01,Pre-PQ Process,SO-1482,DN-545,Côte d'Ivoire,PMO - US,From RDC,N/A - From RDC,Air,HRDT,HIV test - Ancillary,SCMS from RDC,"HIV, Lancet, Safety, for HIV Test kits, 100 Pcs","HIV, Lancet, Safety, for HIV Test kits, 100 Pcs",Generic,N/A,Test kit - Ancillary,Inverness Japan,12128,100,1250,12.5,0.01,0,0.02,,,FALSE,1/25/08,1/25/08,,
106-HT-T01,Pre-PQ Process,SO-1288,DN-445,Haiti,PMO - US,From RDC,N/A - From RDC,Air,ARV,Adult,SCMS from RDC,"Lamivudine/Zidovudine 150/300mg, tablets, 60 Tabs",Lamivudine/Zidovudine,Generic,150/300mg,Tablet - FDC,"Aurobindo Unit III, India",12129,60,32160,305520,9.5,0.16,488.83,,,FALSE,1/22/08,1/22/08,,
112-NG-T01,Pre-PQ Process,SO-567,DN-475,Nigeria,PMO - US,From RDC,N/A - From RDC,Air,ARV,Adult,SCMS from RDC,"Lamivudine/Nevirapine/Stavudine 150/200/40mg, tablets, 60 Tabs",Lamivudine/Nevirapine/Stavudine,Generic,150/200/40mg,Tablet - FDC,"Cipla, Goa, India",12130,60,1190,9163,7.7,0.13,14.66,,,FALSE,12/3/07,12/3/07,,
112-NG-T01,Pre-PQ Process,SO-567,DN-475,Nigeria,PMO - US,From RDC,N/A - From RDC,Air,ARV,Pediatric,SCMS from RDC,"Lamivudine 10mg/ml, oral solution, Bottle, 240 ml",Lamivudine,Generic,10mg/ml,Oral solution,"Cipla, Goa, India",12131,240,1283,3322.97,2.59,0.01,5.32,,,FALSE,12/3/07,12/3/07,,
119-NA-T01,Pre-PQ Process,SO-1452,DN-491,Namibia,PMO - US,From RDC,N/A - From RDC,Air,HRDT,HIV test,SCMS from RDC,"HIV 1/2, Clearview Complete Kit, 25 Tests","HIV 1/2, Clearview Complete Kit",Clearview,N/A,Test kit,Inverness USA,12133,25,200,15000,75,3,24,122,1100.4,TRUE,11/30/07,11/30/07,,
110-ZM-T01,Pre-PQ Process,SO-1314,DN-466,Zambia,PMO - US,From RDC,N/A - From RDC,N/A,ARV,Adult,SCMS from RDC,"Nevirapine 200mg, tablets, 60 Tabs",Nevirapine,Generic,200mg,Tablet,"Aurobindo Unit III, India",12135,60,60440,205496,3.4,0.06,328.79,5725,15671.53,TRUE,12/12/07,12/12/07,,
117-ET-T01,Pre-PQ Process,SO-1009,DN-495,Ethiopia,PMO - US,From RDC,N/A - From RDC,N/A,ARV,Adult,SCMS from RDC,"Lamivudine 150mg, tablets, 60 Tabs",Lamivudine,Generic,150mg,Tablet,"Aurobindo Unit III, India",12136,60,14040,42681.6,3.04,0.05,68.29,,,FALSE,12/20/07,12/20/07,,
117-ET-T01,Pre-PQ Process,SO-1524,DN-521,Ethiopia,PMO - US,From RDC,N/A - From RDC,Air,ARV,Adult,SCMS from RDC,"Lamivudine/Zidovudine 150/300mg, tablets, 60 Tabs",Lamivudine/Zidovudine,Generic,150/300mg,Tablet - FDC,"Aurobindo Unit III, India",12138,60,1797,17071.5,9.5,0.16,27.31,170,892,TRUE,12/20/07,12/20/07,,
104-CI-T01,Pre-PQ Process,SO-1408,DN-478,Côte d'Ivoire,PMO - US,From RDC,N/A - From RDC,Air,ARV,Adult,SCMS from RDC,"Indinavir 400mg [Crixivan], capsules, 180 Caps",Indinavir,Crixivan,400mg,Capsule,"MSD, Haarlem, NL",12139,180,2450,122500,50,0.28,196,,,FALSE,12/10/07,12/10/07,,
117-ET-T01,Pre-PQ Process,SO-1530,DN-525,Ethiopia,PMO - US,From RDC,N/A - From RDC,Air,ARV,Adult,SCMS from RDC,"Nevirapine 200mg, tablets, 60 Tabs",Nevirapine,Generic,200mg,Tablet,"Aurobindo Unit III, India",12143,60,1255,4267,3.4,0.06,6.83,120,1318,TRUE,12/20/07,12/20/07,,
111-MZ-T01,Pre-PQ Process,SO-1039,DN-601,Mozambique,PMO - US,From RDC,N/A - From RDC,Air,ARV,Adult,SCMS from RDC,"Indinavir 400mg [Crixivan], capsules, 180 Caps",Indinavir,Crixivan,400mg,Capsule,"MSD, Haarlem, NL",12144,180,665,33250,50,0.28,53.2,,,FALSE,4/8/08,4/5/08,,
111-MZ-T01,Pre-PQ Process,SO-1039,DN-601,Mozambique,PMO - US,From RDC,N/A - From RDC,Air,ARV,Adult,SCMS from RDC,"Ritonavir 100mg [Norvir], capsules, cool, 84 Caps",Ritonavir,Norvir,100mg,Capsule,ABBVIE (Abbott) Logis. UK,12145,84,760,7288.4,9.59,0.11,11.66,,,FALSE,4/8/08,4/5/08,,
100-ZW-T01,Pre-PQ Process,SO-710,DN-488,Zimbabwe,PMO - US,From RDC,N/A - From RDC,Air,ARV,Adult,SCMS from RDC,"Efavirenz 600mg, tablets, 30 Tabs",Efavirenz,Generic,600mg,Tablet,"Cipla, Goa, India",12146,30,1860,23101.2,12.42,0.41,36.96,,,FALSE,1/14/08,1/14/08,,
100-ZW-T01,Pre-PQ Process,SO-710,DN-488,Zimbabwe,PMO - US,From RDC,N/A - From RDC,Air,ARV,Adult,SCMS from RDC,"Efavirenz 600mg, tablets, 30 Tabs",Efavirenz,Generic,600mg,Tablet,"Cipla, Goa, India",12147,30,1860,23101.2,12.42,0.41,36.96,,,FALSE,1/14/08,1/14/08,,
114-UG-T01,Pre-PQ Process,SO-1302,DN-489,Uganda,PMO - US,From RDC,N/A - From RDC,Air,ARV,Adult,SCMS from RDC,"Lamivudine/Zidovudine 150/300mg, tablets, 60 Tabs",Lamivudine/Zidovudine,Generic,150/300mg,Tablet - FDC,"Cipla, Goa, India",12148,60,16,152,9.5,0.16,0.24,,,FALSE,1/15/08,1/15/08,,
100-ZW-T01,Pre-PQ Process,SO-899,DN-469,Zimbabwe,PMO - US,From RDC,N/A - From RDC,Truck,ARV,Adult,SCMS from RDC,"Lamivudine/Zidovudine 150/300mg, tablets, 60 Tabs",Lamivudine/Zidovudine,Generic,150/300mg,Tablet - FDC,"Aurobindo Unit III, India",12149,60,1560,14820,9.5,0.16,23.71,147,1671.84,TRUE,12/7/07,12/7/07,,
110-ZM-T01,Pre-PQ Process,SO-1489,DN-510,Zambia,PMO - US,From RDC,N/A - From RDC,Air,ARV,Adult,SCMS from RDC,"Abacavir 300mg, tablets, 60 Tabs",Abacavir,Generic,300mg,Tablet,"Aurobindo Unit III, India",12150,60,8251,227150.03,27.53,0.46,363.44,822,3303.52,TRUE,2/14/08,2/14/08,,
106-HT-T01,Pre-PQ Process,SO-1287,DN-614,Haiti,PMO - US,From RDC,N/A - From RDC,Air,ARV,Pediatric,SCMS from RDC,"Stavudine 1mg/ml, powder for oral solution, 200 ml",Stavudine,Generic,1mg/ml,Oral solution,"Aurobindo Unit III, India",12151,200,300,420,1.4,0.01,0.67,,,FALSE,3/4/08,2/21/08,,
110-ZM-T01,Pre-PQ Process,SO-1188,DN-552,Zambia,PMO - US,From RDC,N/A - From RDC,N/A,ARV,Pediatric,SCMS from RDC,"Nevirapine 10mg/ml, oral suspension, Bottle, 240 ml",Nevirapine,Generic,10mg/ml,Oral suspension,"Aurobindo Unit III, India",12154,240,1004,6224.8,6.2,0.03,9.96,358,1778.7,TRUE,1/25/08,1/25/08,,
106-HT-T01,Pre-PQ Process,SO-1288,DN-445,Haiti,PMO - US,From RDC,N/A - From RDC,Air,ARV,Adult,SCMS from RDC,"Lamivudine 150mg, tablets, 60 Tabs",Lamivudine,Generic,150mg,Tablet,"Ranbaxy, Paonta Shahib, India",12155,60,5000,15200,3.04,0.05,24.32,,,FALSE,1/22/08,1/22/08,,
119-NA-T01,Pre-PQ Process,SO-1676,DN-583,Namibia,PMO - US,From RDC,N/A - From RDC,Air,ARV,Adult,SCMS from RDC,"Efavirenz 600mg, tablets, 30 Tabs",Efavirenz,Generic,600mg,Tablet,"Aurobindo Unit III, India",12159,30,19000,228190,12.01,0.4,365.1,1485,3016.95,TRUE,2/13/08,2/13/08,,
102-KE-T01,Pre-PQ Process,SO-1389,DN-595,Kenya,PMO - US,From RDC,N/A - From RDC,Truck,HRDT,HIV test,SCMS from RDC,"HIV 1/2, Bioline 3.0 Kit, Lancets, Capillary pipets, Alcohol swabs included, 25 Tests","HIV 1/2, Bioline 3.0 Kit, Lancets, Capillary pipets, Alcohol swabs included",Bioline,N/A,Test kit,"Standard Diagnostics, Korea",12163,25,1842,36840,20,0.8,58.94,662,261.86,TRUE,2/27/08,2/1/08,,
112-NG-T01,Pre-PQ Process,SO-2351,DN-717,Nigeria,PMO - US,From RDC,N/A - From RDC,Air,ARV,Adult,SCMS from RDC,"Lamivudine 150mg, tablets, 60 Tabs",Lamivudine,Generic,150mg,Tablet,"Aurobindo Unit III, India",12164,60,307,893.37,2.91,0.05,1.43,,,FALSE,4/18/08,4/18/08,,
100-ZW-T01,Pre-PQ Process,SO-2667,DN-756,Zimbabwe,PMO - US,From RDC,N/A - From RDC,Air,ARV,Adult,SCMS from RDC,"Lamivudine/Nevirapine/Stavudine 150/200/30mg, tablets, 60 Tabs",Lamivudine/Nevirapine/Stavudine,Generic,150/200/30mg,Tablet - FDC,"Cipla, Goa, India",12165,60,37240,275576,7.4,0.12,440.92,,,FALSE,6/11/08,6/11/08,,
106-HT-T01,Pre-PQ Process,SO-2753,DN-827,Haiti,PMO - US,From RDC,N/A - From RDC,Air,ARV,Adult,SCMS from RDC,"Nevirapine 200mg, tablets, 60 Tabs",Nevirapine,Generic,200mg,Tablet,"Aurobindo Unit III, India",12166,60,1057,3593.8,3.4,0.06,5.75,100,1651,TRUE,7/16/08,7/16/08,,
102-GY-T01,Pre-PQ Process,SO-1005,DN-618,Guyana,PMO - US,From RDC,N/A - From RDC,N/A,HRDT,HIV test,SCMS from RDC,"HIV 1/2, Stat-Pak HIV, Kit, 20 Tests","HIV 1/2, Stat-Pak HIV, Kit",Stat-Pak,N/A,Test kit,Chembio Diagnostics Sys. Inc.,12167,20,45,1215,27,1.35,1.94,13,798.58,TRUE,2/21/08,2/21/08,,
112-NG-T01,Pre-PQ Process,SO-1571,DN-620,Nigeria,PMO - US,From RDC,N/A - From RDC,Air,ARV,Adult,SCMS from RDC,"Stavudine 30mg, capsules, 60 Caps",Stavudine,Generic,30mg,Capsule,"Aurobindo Unit III, India",12168,60,447,679.44,1.52,0.03,1.09,1054,2722.38,TRUE,2/14/08,2/14/08,,
109-TZ-T01,Pre-PQ Process,SO-1941,DN-653,Tanzania,PMO - US,From RDC,N/A - From RDC,N/A,ARV,Adult,SCMS from RDC,"Efavirenz 600mg, tablets, 30 Tabs",Efavirenz,Generic,600mg,Tablet,"Aurobindo Unit III, India",12169,30,32997,409822.75,12.42,0.41,655.72,2867,10288.1,TRUE,4/1/08,4/1/08,,
106-HT-T01,Pre-PQ Process,SO-2047,DN-742,Haiti,PMO - US,From RDC,N/A - From RDC,Air,ARV,Pediatric,SCMS from RDC,"Abacavir 20mg/ml, oral solution, Bottle, 240 ml",Abacavir,Generic,20mg/ml,Oral solution,"Aurobindo Unit III, India",12170,240,160,2640,16.5,0.07,4.22,,,FALSE,6/2/08,6/2/08,,
110-ZM-T01,Pre-PQ Process,SO-1889,DN-712,Zambia,PMO - US,From RDC,N/A - From RDC,N/A,ARV,Adult,SCMS from RDC,"Lamivudine/Zidovudine 150/300mg, tablets, 60 Tabs",Lamivudine/Zidovudine,Generic,150/300mg,Tablet - FDC,"Aurobindo Unit III, India",12171,60,50000,472500,9.45,0.16,756,4655,2347.91,TRUE,5/9/08,5/9/08,,
114-UG-T01,Pre-PQ Process,SO-2342,DN-715,Uganda,PMO - US,From RDC,N/A - From RDC,Air,ARV,Adult,SCMS from RDC,"Efavirenz 600mg, tablets, 30 Tabs",Efavirenz,Generic,600mg,Tablet,"Aurobindo Unit III, India",12172,30,860,10328.6,12.01,0.4,16.53,76,675,TRUE,6/2/08,6/2/08,,
112-NG-T01,Pre-PQ Process,SO-11220,DN-833,Nigeria,PMO - US,From RDC,N/A - From RDC,Air,ARV,Adult,SCMS from RDC,"Lamivudine 150mg, tablets, 60 Tabs",Lamivudine,Generic,150mg,Tablet,"Aurobindo Unit III, India",12174,60,957,2775.3,2.9,0.05,4.44,,,FALSE,7/16/08,7/16/08,,
123-NG-T01,Pre-PQ Process,SO-2552,DN-834,Nigeria,PMO - US,From RDC,N/A - From RDC,Air,ARV,Adult,SCMS from RDC,"Stavudine 30mg, capsules, 60 Caps",Stavudine,Generic,30mg,Capsule,"Aurobindo Unit III, India",12175,60,7876,11971.52,1.52,0.03,19.15,,,FALSE,7/16/08,7/16/08,,
114-UG-T01,Pre-PQ Process,SO-2675,DN-835,Uganda,PMO - US,From RDC,N/A - From RDC,Air,ARV,Adult,SCMS from RDC,"Lamivudine/Nevirapine/Zidovudine 150/200/300mg, tablets, 60 Tabs",Lamivudine/Nevirapine/Zidovudine,Generic,150/300/200mg,Tablet - FDC,"Aurobindo Unit III, India",12176,60,7296,96890.88,13.28,0.22,155.03,824,3182.52,TRUE,8/4/08,8/4/08,,
110-ZM-T01,Pre-PQ Process,SO-979,DN-642,Zambia,PMO - US,From RDC,N/A - From RDC,N/A,ARV,Pediatric,SCMS from RDC,"Lamivudine 10mg/ml, oral solution, Bottle, 240 ml",Lamivudine,Generic,10mg/ml,Oral solution,"Aurobindo Unit III, India",12177,240,30563,60209.11,1.97,0.01,96.33,10621,37199.06,TRUE,3/17/08,3/17/08,,
106-HT-T01,Pre-PQ Process,SO-2595,DN-837,Haiti,PMO - US,From RDC,N/A - From RDC,Air,ARV,Adult,SCMS from RDC,"Lamivudine/Zidovudine 150/300mg, tablets, 60 Tabs",Lamivudine/Zidovudine,Generic,150/300mg,Tablet - FDC,"Aurobindo Unit III, India",12178,60,16752,158306.4,9.45,0.16,253.29,1580,11572,TRUE,8/1/08,8/1/08,,
112-NG-T01,Pre-PQ Process,SO-10030,DN-840,Nigeria,PMO - US,From RDC,N/A - From RDC,Air,ARV,Adult,SCMS from RDC,"Stavudine 30mg, capsules, 60 Caps",Stavudine,Generic,30mg,Capsule,"Aurobindo Unit III, India",12179,60,850,1317.5,1.55,0.03,2.11,555,10575.63,TRUE,8/3/08,8/3/08,,
110-ZM-T01,Pre-PQ Process,SO-2550,DN-839,Zambia,PMO - US,From RDC,N/A - From RDC,Truck,ARV,Adult,SCMS from RDC,"Lamivudine/Nevirapine/Stavudine 150/200/30mg, tablets, 60 Tabs",Lamivudine/Nevirapine/Stavudine,Generic,150/200/30mg,Tablet - FDC,"Strides, Bangalore, India.",12180,60,60000,432000,7.2,0.12,691.2,,,FALSE,8/20/08,8/20/08,,
112-NG-T01,Pre-PQ Process,SO-10030,DN-840,Nigeria,PMO - US,From RDC,N/A - From RDC,Air,ARV,Adult,SCMS from RDC,"Abacavir 300mg, tablets, 60 Tabs",Abacavir,Generic,300mg,Tablet,Mylan (formerly Matrix) Nashik,12181,60,4,105.2,26.3,0.44,0.17,,,FALSE,8/3/08,8/3/08,,
112-NG-T01,Pre-PQ Process,SO-10030,DN-840,Nigeria,PMO - US,From RDC,N/A - From RDC,Air,ARV,Adult,SCMS from RDC,"Lamivudine/Nevirapine/Stavudine 150/200/30mg, tablets, 60 Tabs",Lamivudine/Nevirapine/Stavudine,Generic,150/200/30mg,Tablet - FDC,"Cipla, Goa, India",12182,60,4685,34669,7.4,0.12,55.47,,,FALSE,8/3/08,8/3/08,,
105-GY-T01,Pre-PQ Process,SO-11630,DN-841,Guyana,PMO - US,From RDC,N/A - From RDC,Air,ARV,Adult,SCMS from RDC,"Nevirapine 200mg, tablets, 60 Tabs",Nevirapine,Generic,200mg,Tablet,"Aurobindo Unit III, India",12183,60,3710,12614,3.4,0.06,20.18,,,FALSE,7/25/08,7/25/08,,
110-ZM-T01,Pre-PQ Process,SO-1884,DN-778,Zambia,PMO - US,From RDC,N/A - From RDC,N/A,ARV,Pediatric,SCMS from RDC,"Lopinavir/Ritonavir 80/20mg/ml [Kaletra], oral solution, cool, Bottle 5 x 60 ml",Lopinavir/Ritonavir,Kaletra,80/20mg/ml,Oral solution,ABBVIE (Abbott) Logis. UK,12184,300,1260,51786,41.1,0.14,82.86,1185,2350.53,TRUE,6/19/08,6/19/08,,
110-ZM-T01,Pre-PQ Process,SO-1883,DN-780,Zambia,PMO - US,From RDC,N/A - From RDC,N/A,ARV,Pediatric,SCMS from RDC,"Efavirenz 200mg, capsule, 90 Caps",Efavirenz,Generic,200mg,Capsule,"Aurobindo Unit III, India",12185,90,3330,53280,16,0.18,85.25,404,2313.55,TRUE,6/16/08,6/16/08,,
106-HT-T01,Pre-PQ Process,SO-2042,DN-682,Haiti,PMO - US,From RDC,N/A - From RDC,Air,ARV,Adult,SCMS from RDC,"Stavudine 30mg, capsules, 60 Caps",Stavudine,Generic,30mg,Capsule,"Aurobindo Unit III, India",12186,60,4305,6543.6,1.52,0.03,10.47,,,FALSE,3/21/08,3/21/08,,
106-HT-T01,Pre-PQ Process,SO-2042,DN-682,Haiti,PMO - US,From RDC,N/A - From RDC,Air,ARV,Pediatric,SCMS from RDC,"Didanosine 200mg, chewable/dispersible tablets, 60 Tabs",Didanosine,Generic,200mg,Chewable/dispersible tablet,"Aurobindo Unit III, India",12187,60,75,1162.5,15.5,0.26,1.86,,,FALSE,3/21/08,3/21/08,,
106-HT-T01,Pre-PQ Process,SO-2042,DN-682,Haiti,PMO - US,From RDC,N/A - From RDC,Air,ARV,Adult,SCMS from RDC,"Abacavir 300mg, tablets, 60 Tabs",Abacavir,Generic,300mg,Tablet,Mylan (formerly Matrix) Nashik,12188,60,190,5230.7,27.53,0.46,8.37,,,FALSE,3/21/08,3/21/08,,
114-UG-T01,Pre-PQ Process,SO-2792,DN-793,Uganda,PMO - US,From RDC,N/A - From RDC,Air,ARV,Pediatric,SCMS from RDC,"Zidovudine 10mg/ml, oral solution, Bottle, 240 ml",Zidovudine,Generic,10mg/ml,Oral solution,"Aurobindo Unit III, India",12189,240,6036,12675.6,2.1,0.01,20.28,2253,15923.41,TRUE,7/22/08,7/22/08,,
119-NA-T01,Pre-PQ Process,SO-1970,DN-680,Namibia,PMO - US,From RDC,N/A - From RDC,Air,HRDT,HIV test,SCMS from RDC,"HIV 1/2, Clearview Complete Kit, 25 Tests","HIV 1/2, Clearview Complete Kit",Clearview,N/A,Test kit,Inverness USA,12191,25,229,17175,75,3,27.48,140,1286.7,TRUE,3/19/08,3/19/08,,
112-NG-T01,Pre-PQ Process,SO-2350,DN-718,Nigeria,PMO - US,From RDC,N/A - From RDC,Air,ARV,Pediatric,SCMS from RDC,"Stavudine 1mg/ml, powder for oral solution, 200 ml",Stavudine,Generic,1mg/ml,Oral solution,"Aurobindo Unit III, India",12192,200,55,77,1.4,0.01,0.12,,,FALSE,4/21/08,4/21/08,,
109-TZ-T01,Pre-PQ Process,SO-1652,DN-637,Tanzania,PMO - US,From RDC,N/A - From RDC,Air,ARV,Adult,SCMS from RDC,"Efavirenz 600mg, tablets, 30 Tabs",Efavirenz,Generic,600mg,Tablet,"Aurobindo Unit III, India",12195,30,17000,211140,12.42,0.41,337.82,6007,20395.6,TRUE,3/28/08,3/28/08,,
111-MZ-T01,Pre-PQ Process,SO-2423,DN-810,Mozambique,PMO - US,From RDC,N/A - From RDC,Truck,ARV,Adult,SCMS from RDC,"Zidovudine 300mg, tablets, 60 Tabs",Zidovudine,Generic,300mg,Tablet,"Aurobindo Unit III, India",12196,60,7110,57946.5,8.15,0.14,92.71,,,FALSE,8/7/08,8/7/08,,
110-ZM-T01,Pre-PQ Process,SO-1892,DN-694,Zambia,PMO - US,From RDC,N/A - From RDC,N/A,ARV,Adult,SCMS from RDC,"Efavirenz 600mg, tablets, 30 Tabs",Efavirenz,Generic,600mg,Tablet,Mylan (formerly Matrix) Nashik,12197,30,50000,600500,12.01,0.4,960.8,3897,15007.8,TRUE,4/10/08,4/10/08,,
111-MZ-T01,Pre-PQ Process,SO-1615,DN-698,Mozambique,PMO - US,From RDC,N/A - From RDC,Air,ARV,Adult,SCMS from RDC,"Ritonavir 100mg [Norvir], capsules, cool, 84 Caps",Ritonavir,Norvir,100mg,Capsule,ABBVIE (Abbott) Logis. UK,12198,84,360,3452.4,9.59,0.11,5.52,,,FALSE,6/23/08,6/23/08,,
102-BW-T01,Pre-PQ Process,SO-2041,DN-678,Botswana,PMO - US,From RDC,N/A - From RDC,Truck,HRDT,HIV test,SCMS from RDC,"HIV 1/2, Determine HIV Kit, without Lancets, 100 Tests","HIV 1/2, Determine HIV Kit, without Lancets",Determine,N/A,Test kit,Inverness Japan,12199,100,200,14398,71.99,0.72,23.04,1693,1220.73,TRUE,3/25/08,3/25/08,,
102-BW-T01,Pre-PQ Process,SO-2041,DN-678,Botswana,PMO - US,From RDC,N/A - From RDC,Truck,HRDT,HIV test - Ancillary,SCMS from RDC,"HIV, Lancet, Safety, for HIV Test kits, 100 Pcs","HIV, Lancet, Safety, for HIV Test kits, 100 Pcs",Generic,N/A,Test kit - Ancillary,Inverness Japan,12200,100,200,2,0.01,0,0,,,FALSE,3/25/08,3/25/08,,
102-BW-T01,Pre-PQ Process,SO-2041,DN-678,Botswana,PMO - US,From RDC,N/A - From RDC,Truck,HRDT,HIV test,SCMS from RDC,"HIV 1/2, Uni-Gold HIV Kit, 20 Tests","HIV 1/2, Uni-Gold HIV Kit",Uni-Gold,N/A,Test kit,"Trinity Biotech, Plc",12201,20,1000,32000,32,1.6,51.2,,,FALSE,3/25/08,3/25/08,,
102-KE-T01,Pre-PQ Process,SO-1973,DN-697,Kenya,PMO - US,From RDC,N/A - From RDC,Truck,HRDT,HIV test,SCMS from RDC,"HIV 1/2, Determine HIV Kit, without Lancets, 100 Tests","HIV 1/2, Determine HIV Kit, without Lancets",Determine,N/A,Test kit,Inverness Japan,12202,100,2000,159980,79.99,0.8,255.97,490,405.97,TRUE,3/31/08,3/31/08,,
130-NG-T01,Pre-PQ Process,SO-2500,DN-729,Nigeria,PMO - US,From RDC,N/A - From RDC,Air,ARV,Adult,SCMS from RDC,"Nevirapine 200mg, tablets, 60 Tabs",Nevirapine,Generic,200mg,Tablet,"Aurobindo Unit III, India",12203,60,1666,5664.4,3.4,0.06,9.06,,,FALSE,5/9/08,5/9/08,,
117-ET-T01,Pre-PQ Process,SO-1974,DN-703,Ethiopia,PMO - US,From RDC,N/A - From RDC,Air,ARV,Adult,SCMS from RDC,"Nevirapine 200mg, tablets, 60 Tabs",Nevirapine,Generic,200mg,Tablet,Hetero Unit III Hyderabad IN,12204,60,1440,4896,3.4,0.06,7.83,,,FALSE,4/21/08,4/21/08,,
119-NA-T01,Pre-PQ Process,SO-1929,DN-650,Namibia,PMO - US,From RDC,N/A - From RDC,Air,HRDT,HIV test - Ancillary,SCMS from RDC,"HIV, Lancet, Safety, for HIV Test kits, 100 Pcs","HIV, Lancet, Safety, for HIV Test kits, 100 Pcs",Generic,N/A,Test kit - Ancillary,Inverness Japan,12205,100,90,0.9,0.01,0,0,,,FALSE,4/17/08,4/17/08,,
119-NA-T01,Pre-PQ Process,SO-1930,DN-651,Namibia,PMO - US,From RDC,N/A - From RDC,Air,HRDT,HIV test,SCMS from RDC,"HIV 1/2, Uni-Gold HIV Kit, 20 Tests","HIV 1/2, Uni-Gold HIV Kit",Uni-Gold,N/A,Test kit,"Trinity Biotech, Plc",12206,20,763,24416,32,1.6,39.07,441,6148.1,TRUE,3/11/08,3/11/08,,
102-KE-T01,Pre-PQ Process,SO-2692,DN-760,Kenya,PMO - US,From RDC,N/A - From RDC,Truck,HRDT,HIV test,SCMS from RDC,"HIV 1/2, Determine HIV Kit, without Lancets, 100 Tests","HIV 1/2, Determine HIV Kit, without Lancets",Determine,N/A,Test kit,Inverness Japan,12207,100,1000,79990,79.99,0.8,127.98,,,TRUE,5/26/08,5/26/08,,
114-UG-T01,Pre-PQ Process,SO-2344,DN-818,Uganda,PMO - US,From RDC,N/A - From RDC,Air,ARV,Adult,SCMS from RDC,"Efavirenz 600mg, tablets, 30 Tabs",Efavirenz,Generic,600mg,Tablet,"Aurobindo Unit III, India",12210,30,1300,15613,12.01,0.4,24.98,,,FALSE,8/21/08,8/21/08,,
106-HT-T01,Pre-PQ Process,SO-23751,DN-1145,Haiti,PMO - US,From RDC,N/A - From RDC,Air,ARV,Pediatric,SCMS from RDC,"Efavirenz 50mg, capsule, 30 Caps",Efavirenz,Generic,50mg,Capsule,"Aurobindo Unit III, India",12211,30,1446,3239.04,2.24,0.07,6.35,83,1608.72,TRUE,3/31/09,3/31/09,,
113-ZW-T01,Pre-PQ Process,SO-13991,DN-1015,Zimbabwe,PMO - US,From RDC,N/A - From RDC,Truck,ARV,Adult,SCMS from RDC,"Efavirenz 600mg, tablets, 30 Tabs",Efavirenz,Generic,600mg,Tablet,"Aurobindo Unit III, India",12212,30,4000,48040,12.01,0.4,94.16,,,FALSE,11/19/08,11/19/08,,
104-CI-T01,Pre-PQ Process,SO-19330,DN-1031,Côte d'Ivoire,PMO - US,From RDC,N/A - From RDC,Air,ARV,Adult,SCMS from RDC,"Lamivudine/Zidovudine 150/300mg, tablets, 60 Tabs",Lamivudine/Zidovudine,Generic,150/300mg,Tablet - FDC,"Aurobindo Unit III, India",12213,60,27224,254544.4,9.35,0.16,498.91,2506,23382.04,TRUE,1/5/09,1/5/09,,
104-CI-T01,Pre-PQ Process,SO-16200,DN-1046,Côte d'Ivoire,PMO - US,From RDC,N/A - From RDC,Air,ARV,Adult,SCMS from RDC,"Lamivudine/Stavudine 150/30mg, tablets, 60 Tabs",Lamivudine/Stavudine,Generic,150/30mg,Tablet - FDC,Mylan (formerly Matrix) Nashik,12214,60,21360,83304,3.9,0.06,163.28,1567,21821.95,TRUE,2/10/09,2/10/09,,
104-CI-T01,Pre-PQ Process,SO-16210,DN-1047,Côte d'Ivoire,PMO - US,From RDC,N/A - From RDC,Air,ARV,Adult,SCMS from RDC,"Lamivudine/Nevirapine/Zidovudine 150/200/300mg, tablets, 60 Tabs",Lamivudine/Nevirapine/Zidovudine,Generic,150/300/200mg,Tablet - FDC,"Aurobindo Unit III, India",12215,60,10000,118000,11.8,0.2,231.28,1456,5048.32,TRUE,1/19/09,1/19/09,,
114-UG-T01,Pre-PQ Process,SO-17760,DN-1143,Uganda,PMO - US,From RDC,N/A - From RDC,Air,ARV,Adult,SCMS from RDC,"Efavirenz 600mg, tablets, 30 Tabs",Efavirenz,Generic,600mg,Tablet,"Aurobindo Unit III, India",12216,30,3713,40843,11,0.37,80.05,,,FALSE,4/2/09,4/2/09,,
102-KE-T01,Pre-PQ Process,SO-11430,DN-964,Kenya,PMO - US,From RDC,N/A - From RDC,Truck,HRDT,HIV test,SCMS from RDC,"HIV 1/2, Determine HIV Kit, without Lancets, 100 Tests","HIV 1/2, Determine HIV Kit, without Lancets",Determine,N/A,Test kit,Inverness Japan,12218,100,5000,399950,79.99,0.8,783.9,,,FALSE,10/21/08,10/21/08,,
114-UG-T01,Pre-PQ Process,SO-17750,DN-1083,Uganda,PMO - US,From RDC,N/A - From RDC,Air,ARV,Adult,SCMS from RDC,"Emtricitabine/Tenofovir Disoproxil Fumarate 200/300mg [Truvada], tablets, 30 Tabs",Emtricitabine/Tenofovir Disoproxil Fumarate,Truvada,300/200mg,Tablet - FDC,"Aspen-OSD, Port Elizabeth, SA",12219,30,1166,30607.5,26.25,0.88,59.99,145,1742.25,TRUE,3/3/09,3/3/09,,
114-UG-T01,Pre-PQ Process,SO-17750,DN-1083,Uganda,PMO - US,From RDC,N/A - From RDC,Air,ARV,Adult,SCMS from RDC,"Lamivudine/Nevirapine/Zidovudine 150/200/300mg, tablets, 60 Tabs",Lamivudine/Nevirapine/Zidovudine,Generic,150/300/200mg,Tablet - FDC,"Aurobindo Unit III, India",12220,60,312,3681.6,11.8,0.2,7.22,,,FALSE,3/3/09,3/3/09,,
126-NG-T01,Pre-PQ Process,SO-10800,DN-872,Nigeria,PMO - US,From RDC,N/A - From RDC,Air,ARV,Adult,SCMS from RDC,"Lamivudine 150mg, tablets, 60 Tabs",Lamivudine,Generic,150mg,Tablet,"Aurobindo Unit III, India",12222,60,1300,3770,2.9,0.05,6.03,65,1020.98,TRUE,8/18/08,8/18/08,,
132-NG-T01,Pre-PQ Process,SO-2707,DN-921,Nigeria,PMO - US,From RDC,N/A - From RDC,Air,ARV,Adult,SCMS from RDC,"Emtricitabine/Tenofovir Disoproxil Fumarate 200/300mg [Truvada], tablets, 30 Tabs",Emtricitabine/Tenofovir Disoproxil Fumarate,Truvada,300/200mg,Tablet - FDC,"Aspen-OSD, Port Elizabeth, SA",12224,30,45000,1181250,26.25,0.88,1890,,,FALSE,9/28/08,9/28/08,,
110-ZM-T01,Pre-PQ Process,SO-2476,DN-864,Zambia,PMO - US,From RDC,N/A - From RDC,Air,ARV,Adult,SCMS from RDC,"Nevirapine 200mg, tablets, 60 Tabs",Nevirapine,Generic,200mg,Tablet,Hetero Unit III Hyderabad IN,12225,60,39068,132831.2,3.4,0.06,212.53,4510,3540.35,TRUE,8/27/08,8/27/08,,
132-NG-T01,Pre-PQ Process,SO-15540,DN-939,Nigeria,PMO - US,From RDC,N/A - From RDC,Air,ARV,Adult,SCMS from RDC,"Emtricitabine/Tenofovir Disoproxil Fumarate 200/300mg [Truvada], tablets, 30 Tabs",Emtricitabine/Tenofovir Disoproxil Fumarate,Truvada,300/200mg,Tablet - FDC,"Aspen-OSD, Port Elizabeth, SA",12228,30,45000,1181250,26.25,0.88,1890,3951,11584.54,TRUE,9/28/08,9/28/08,,
111-MZ-T01,Pre-PQ Process,SO-15080,DN-1034,Mozambique,PMO - US,From RDC,N/A - From RDC,Air,ARV,Adult,SCMS from RDC,"Lamivudine/Stavudine 150/30mg, tablets, 60 Tabs",Lamivudine/Stavudine,Generic,150/30mg,Tablet - FDC,Mylan (formerly Matrix) Nashik,12230,60,27150,105885,3.9,0.06,207.53,,,FALSE,2/21/09,2/21/09,,
111-MZ-T01,Pre-PQ Process,SO-15080,DN-1034,Mozambique,PMO - US,From RDC,N/A - From RDC,Air,ARV,Adult,SCMS from RDC,"Nevirapine 200mg, tablets, 60 Tabs",Nevirapine,Generic,200mg,Tablet,Hetero Unit III Hyderabad IN,12231,60,6,19.2,3.2,0.05,0.04,,,FALSE,2/21/09,2/21/09,,
113-ZW-T01,Pre-PQ Process,SO-14000,DN-1044,Zimbabwe,PMO - US,From RDC,N/A - From RDC,Truck,ARV,Adult,SCMS from RDC,"Lamivudine/Stavudine 150/30mg, tablets, 30 Tabs",Lamivudine/Stavudine,Generic,150/30mg,Tablet - FDC,"Cipla, Goa, India",12232,30,8000,16000,2,0.07,31.36,,,FALSE,2/16/09,2/16/09,,
110-ZM-T01,Pre-PQ Process,SO-2477,DN-854,Zambia,PMO - US,From RDC,N/A - From RDC,Truck,ARV,Pediatric,SCMS from RDC,"Didanosine 100mg, chewable/dispersible tablets, 60 Tabs",Didanosine,Generic,100mg,Chewable/dispersible tablet,"Aurobindo Unit III, India",12233,60,3600,27900,7.75,0.13,44.64,750,813.75,TRUE,8/20/08,8/20/08,,
110-ZM-T01,Pre-PQ Process,SO-2480,DN-855,Zambia,PMO - US,From RDC,N/A - From RDC,Truck,ARV,Adult,SCMS from RDC,"Efavirenz 600mg, tablets, 30 Tabs",Efavirenz,Generic,600mg,Tablet,Mylan (formerly Matrix) Nashik,12234,30,50000,600500,12.01,0.4,960.8,3841,3558.49,TRUE,8/20/08,8/20/08,,
111-MZ-T01,Pre-PQ Process,SO-2524,DN-858,Mozambique,PMO - US,From RDC,N/A - From RDC,Truck,ARV,Adult,SCMS from RDC,"Lamivudine/Nevirapine/Stavudine 150/200/30mg, tablets, 60 Tabs",Lamivudine/Nevirapine/Stavudine,Generic,150/200/30mg,Tablet - FDC,"Strides, Bangalore, India.",12235,60,76128,548121.6,7.2,0.12,876.99,,,FALSE,9/5/08,9/5/08,,
112-NG-T01,Pre-PQ Process,SO-11031,DN-901,Nigeria,PMO - US,From RDC,N/A - From RDC,Air,ARV,Adult,SCMS from RDC,"Tenofovir Disoproxil Fumarate 300mg, tablets, 30 Tabs",Tenofovir Disoproxil Fumarate,Generic,300mg,Tablet,Mylan (formerly Matrix) Nashik,12236,30,196,2677.36,13.66,0.46,4.28,12,900,TRUE,9/10/08,9/10/08,,
117-ET-T01,Pre-PQ Process,SO-21990,DN-1051,Ethiopia,PMO - US,From RDC,N/A - From RDC,Air,ARV,Adult,SCMS from RDC,"Lamivudine/Nevirapine/Stavudine 150/200/30mg, tablets, 60 Tabs",Lamivudine/Nevirapine/Stavudine,Generic,150/200/30mg,Tablet - FDC,"Strides, Bangalore, India.",12237,60,22918,163176.16,7.12,0.12,319.83,1689,9189.57,TRUE,2/3/09,2/3/09,,
109-TZ-T01,Pre-PQ Process,SO-18722,DN-1075,Tanzania,PMO - US,From RDC,N/A - From RDC,Truck,ARV,Adult,SCMS from RDC,"Tenofovir Disoproxil Fumarate 300mg [Viread], tablets, 30 Tabs",Tenofovir Disoproxil Fumarate,Viread,300mg,Tablet,"Aspen-OSD, Port Elizabeth, SA",12238,30,883,15011,17,0.57,29.42,70,1169.9,TRUE,3/9/09,3/9/09,,
104-CI-T01,Pre-PQ Process,SO-21841,DN-1098,Côte d'Ivoire,PMO - US,From RDC,N/A - From RDC,Air,ARV,Pediatric,SCMS from RDC,"Nevirapine 10mg/ml, oral suspension, Bottle, 240 ml",Nevirapine,Generic,10mg/ml,Oral suspension,"Aurobindo Unit III, India",12242,240,2976,5713.92,1.92,0.01,11.2,209,5463.97,TRUE,2/27/09,2/27/09,,
123-NG-T01,Pre-PQ Process,SO-22590,DN-1065,Nigeria,PMO - US,From RDC,N/A - From RDC,Air,ARV,Adult,SCMS from RDC,"Efavirenz 600mg, tablets, 30 Tabs",Efavirenz,Generic,600mg,Tablet,"Aurobindo Unit III, India",12243,30,11527,135096.44,11.72,0.39,264.79,983,,TRUE,2/3/09,2/3/09,,
510-KE-T01,Pre-PQ Process,SO-12700,DN-880,Kenya,PMO - US,From RDC,N/A - From RDC,Truck,HRDT,HIV test,SCMS from RDC,"HIV 1/2, Uni-Gold HIV Kit, 20 Tests","HIV 1/2, Uni-Gold HIV Kit",Uni-Gold,N/A,Test kit,"Trinity Biotech, Plc",12244,20,168,5376,32,1.6,8.6,56,167.44,TRUE,8/8/08,8/8/08,,
123-NG-T01,Pre-PQ Process,SO-19070,DN-1039,Nigeria,PMO - US,From RDC,N/A - From RDC,Air,ARV,Adult,SCMS from RDC,"Stavudine 30mg, capsules, 60 Caps",Stavudine,Generic,30mg,Capsule,"Aurobindo Unit III, India",12245,60,4124,6392.2,1.55,0.03,12.53,273,7363.74,TRUE,2/16/09,1/19/09,,
112-NG-T01,Pre-PQ Process,SO-2728,DN-917,Nigeria,PMO - US,From RDC,N/A - From RDC,Air,ARV,Adult,SCMS from RDC,"Stavudine 30mg, capsules, 60 Caps",Stavudine,Generic,30mg,Capsule,"Aurobindo Unit III, India",12246,60,903,1399.65,1.55,0.03,2.24,,,FALSE,9/24/08,9/24/08,,
106-HT-T01,Pre-PQ Process,SO-15930,DN-944,Haiti,PMO - US,From RDC,N/A - From RDC,Air,ARV,Adult,SCMS from RDC,"Stavudine 20mg, capsules, 60 Caps",Stavudine,Generic,20mg,Capsule,"Aurobindo Unit III, India",12247,60,500,875,1.75,0.03,1.72,,,FALSE,11/4/08,11/4/08,,
110-ZM-T01,Pre-PQ Process,SO-2544,DN-1056,Zambia,PMO - US,From RDC,N/A - From RDC,Truck,ARV,Adult,SCMS from RDC,"Emtricitabine/Tenofovir Disoproxil Fumarate 200/300mg [Truvada], tablets, 30 Tabs",Emtricitabine/Tenofovir Disoproxil Fumarate,Truvada,300/200mg,Tablet - FDC,"Aspen-OSD, Port Elizabeth, SA",12248,30,100000,2625000,26.25,0.88,5145,9000,14036.31,TRUE,2/16/09,2/16/09,,
130-NG-T01,Pre-PQ Process,SO-10540,DN-844,Nigeria,PMO - US,From RDC,N/A - From RDC,Air,ARV,Adult,SCMS from RDC,"Efavirenz 600mg, tablets, 30 Tabs",Efavirenz,Generic,600mg,Tablet,"Aurobindo Unit III, India",12249,30,1030,12071.6,11.72,0.39,19.31,251,1960.81,TRUE,7/24/08,7/24/08,,
126-NG-T01,Pre-PQ Process,SO-10750,DN-846,Nigeria,PMO - US,From RDC,N/A - From RDC,Air,ARV,Adult,SCMS from RDC,"Zidovudine 300mg, tablets, 60 Tabs",Zidovudine,Generic,300mg,Tablet,"Aurobindo Unit III, India",12250,60,4500,36000,8,0.13,57.6,,,FALSE,7/24/08,7/24/08,,
151-NG-T01,Pre-PQ Process,SO-21809,DN-1156,Nigeria,PMO - US,From RDC,N/A - From RDC,Air Charter,ARV,Adult,SCMS from RDC,"Lamivudine/Nevirapine/Zidovudine 150/200/300mg, tablets, 60 Tabs",Lamivudine/Nevirapine/Zidovudine,Generic,150/300/200mg,Tablet - FDC,"Aurobindo Unit III, India",12251,60,26616,303422.4,11.4,0.19,594.71,2993,15128.37,TRUE,5/8/09,5/8/09,,
114-UG-T01,Pre-PQ Process,SO-17900,DN-987,Uganda,PMO - US,From RDC,N/A - From RDC,Air,ARV,Adult,SCMS from RDC,"Lamivudine/Nevirapine/Zidovudine 150/200/300mg, tablets, 60 Tabs",Lamivudine/Nevirapine/Zidovudine,Generic,150/300/200mg,Tablet - FDC,"Aurobindo Unit III, India",12252,60,5131,60545.8,11.8,0.2,118.67,691,8252.73,TRUE,1/6/09,1/6/09,,
114-UG-T01,Pre-PQ Process,SO-17900,DN-987,Uganda,PMO - US,From RDC,N/A - From RDC,Air,ARV,Adult,SCMS from RDC,"Lamivudine/Stavudine 150/30mg, tablets, 30 Tabs",Lamivudine/Stavudine,Generic,150/30mg,Tablet - FDC,"Cipla, Goa, India",12253,30,1082,2164,2,0.07,4.24,,,FALSE,1/6/09,1/6/09,,
109-TZ-T01,Pre-PQ Process,SO-2565,DN-853,Tanzania,PMO - US,From RDC,N/A - From RDC,Air,ARV,Adult,SCMS from RDC,"Lamivudine/Nevirapine/Stavudine 150/200/30mg, tablets, 60 Tabs",Lamivudine/Nevirapine/Stavudine,Generic,150/200/30mg,Tablet - FDC,"Cipla, Goa, India",12254,60,60332,446456.8,7.4,0.12,714.33,,,FALSE,8/29/08,8/29/08,,
117-ET-T01,Pre-PQ Process,SO-22000,DN-1060,Ethiopia,PMO - US,From RDC,N/A - From RDC,Air,ARV,Adult,SCMS from RDC,"Lamivudine/Stavudine 150/30mg, tablets, 60 Tabs",Lamivudine/Stavudine,Generic,150/30mg,Tablet - FDC,Mylan (formerly Matrix) Nashik,12255,60,27000,102600,3.8,0.06,201.1,,,FALSE,2/18/09,2/18/09,,
117-ET-T01,Pre-PQ Process,SO-22030,DN-1062,Ethiopia,PMO - US,From RDC,N/A - From RDC,Air,ARV,Adult,SCMS from RDC,"Lamivudine/Nevirapine/Stavudine 150/200/30mg, tablets, 60 Tabs",Lamivudine/Nevirapine/Stavudine,Generic,150/200/30mg,Tablet - FDC,"Cipla, Goa, India",12256,60,107556,765798.75,7.12,0.12,1500.97,14450,14144.68,TRUE,3/4/09,3/4/09,,
123-NG-T01,Pre-PQ Process,SO-2554,DN-960,Nigeria,PMO - US,From RDC,N/A - From RDC,Air,ARV,Adult,SCMS from RDC,"Zidovudine 300mg, tablets, 60 Tabs",Zidovudine,Generic,300mg,Tablet,"Aurobindo Unit III, India",12257,60,5641,45974.15,8.15,0.14,90.11,,,FALSE,10/30/08,10/30/08,,
123-NG-T01,Pre-PQ Process,SO-2554,DN-960,Nigeria,PMO - US,From RDC,N/A - From RDC,Air,ARV,Adult,SCMS from RDC,"Efavirenz 600mg, tablets, 30 Tabs",Efavirenz,Generic,600mg,Tablet,"Aurobindo Unit III, India",12258,30,11527,138439.27,12.01,0.4,271.34,,,FALSE,10/30/08,10/30/08,,
123-NG-T01,Pre-PQ Process,SO-11232,DN-958,Nigeria,PMO - US,From RDC,N/A - From RDC,Air,ARV,Adult,SCMS from RDC,"Lopinavir/Ritonavir 200/50mg [Aluvia], tablets, 120 Tabs",Lopinavir/Ritonavir,Aluvia,200/50mg,Tablet,ABBVIE Ludwigshafen Germany,12259,120,2034,83597.4,41.1,0.34,163.85,,,FALSE,10/31/08,10/31/08,,
123-NG-T01,Pre-PQ Process,SO-19070,DN-1080,Nigeria,PMO - US,From RDC,N/A - From RDC,Air,ARV,Adult,SCMS from RDC,"Efavirenz 600mg, tablets, 30 Tabs",Efavirenz,Generic,600mg,Tablet,"Aurobindo Unit III, India",12260,30,13473,148203,11,0.37,290.48,1146,3680.33,TRUE,2/16/09,2/16/09,,
112-NG-T01,Pre-PQ Process,SO-20960,DN-1124,Nigeria,PMO - US,From RDC,N/A - From RDC,Air Charter,ARV,Adult,SCMS from RDC,"Stavudine 30mg, capsules, 60 Caps",Stavudine,Generic,30mg,Capsule,"Aurobindo Unit III, India",12261,60,1033,1601.15,1.55,0.03,3.14,,,FALSE,3/19/09,3/19/09,,
151-NG-T01,Pre-PQ Process,SO-21783,DN-1131,Nigeria,PMO - US,From RDC,N/A - From RDC,Air,ARV,Adult,SCMS from RDC,"Emtricitabine/Tenofovir Disoproxil Fumarate 200/300mg [Truvada], tablets, 30 Tabs",Emtricitabine/Tenofovir Disoproxil Fumarate,Truvada,300/200mg,Tablet - FDC,"Aspen-OSD, Port Elizabeth, SA",12264,30,662,17377.5,26.25,0.88,34.06,62,6443.61,TRUE,3/24/09,3/24/09,,
151-NG-T01,Pre-PQ Process,SO-21802,DN-1136,Nigeria,PMO - US,From RDC,N/A - From RDC,Air Charter,ARV,Adult,SCMS from RDC,"Lamivudine/Nevirapine/Zidovudine 150/200/300mg, tablets, 60 Tabs",Lamivudine/Nevirapine/Zidovudine,Generic,150/300/200mg,Tablet - FDC,"Aurobindo Unit III, India",12265,60,11661,132935.4,11.4,0.19,260.55,1311,11492.86,TRUE,3/19/09,3/19/09,,
151-NG-T01,Pre-PQ Process,SO-21804,DN-1138,Nigeria,PMO - US,From RDC,N/A - From RDC,Air Charter,ARV,Adult,SCMS from RDC,"Lamivudine/Nevirapine/Zidovudine 150/200/300mg, tablets, 60 Tabs",Lamivudine/Nevirapine/Zidovudine,Generic,150/300/200mg,Tablet - FDC,"Aurobindo Unit III, India",12266,60,370,4218,11.4,0.19,8.27,42,,TRUE,3/19/09,3/19/09,,
117-ET-T01,Pre-PQ Process,SO-22190,DN-1091,Ethiopia,PMO - US,From RDC,N/A - From RDC,Air,ARV,Adult,SCMS from RDC,"Lamivudine/Zidovudine 150/300mg, tablets, 60 Tabs",Lamivudine/Zidovudine,Generic,150/300mg,Tablet - FDC,Mylan (formerly Matrix) Nashik,12267,60,5000,43800,8.76,0.15,85.85,403,1719.65,TRUE,2/18/09,2/18/09,,
111-MZ-T01,Pre-PQ Process,SO-15090,DN-933,Mozambique,PMO - US,From RDC,N/A - From RDC,Air,ARV,Adult,SCMS from RDC,"Nevirapine 200mg, tablets, 60 Tabs",Nevirapine,Generic,200mg,Tablet,Hetero Unit III Hyderabad IN,12269,60,11550,36960,3.2,0.05,59.14,,,FALSE,11/14/08,11/14/08,,
104-CI-T01,Pre-PQ Process,SO-970,DN-1163,Côte d'Ivoire,PMO - US,From RDC,N/A - From RDC,Air,ARV,Pediatric,SCMS from RDC,"Lopinavir/Ritonavir 80/20mg/ml [Kaletra], oral solution, cool, Bottle 5 x 60 ml",Lopinavir/Ritonavir,Kaletra,80/20mg/ml,Oral solution,ABBVIE (Abbott) Logis. UK,12270,300,126,5178.6,41.1,0.14,10.15,,,FALSE,3/23/09,3/23/09,,
123-NG-T01,Pre-PQ Process,SO-22830,DN-1166,Nigeria,PMO - US,From RDC,N/A - From RDC,Air Charter,ARV,Adult,SCMS from RDC,"Efavirenz 600mg, tablets, 30 Tabs",Efavirenz,Generic,600mg,Tablet,"Aurobindo Unit III, India",12271,30,25000,275000,11,0.37,539,2267,15128.37,TRUE,5/8/09,5/8/09,,
111-MZ-T01,Pre-PQ Process,SO-27430,DN-1177,Mozambique,PMO - US,From RDC,N/A - From RDC,Air,ARV,Adult,SCMS from RDC,"Stavudine 30mg, capsules, 60 Caps",Stavudine,Generic,30mg,Capsule,"Aurobindo Unit III, India",12272,60,630,976.5,1.55,0.03,1.91,42,1217.37,TRUE,5/15/09,5/15/09,,
109-TZ-T01,Pre-PQ Process,SO-18740,DN-1180,Tanzania,PMO - US,From RDC,N/A - From RDC,Truck,ARV,Adult,SCMS from RDC,"Emtricitabine/Tenofovir Disoproxil Fumarate 200/300mg [Truvada], tablets, 30 Tabs",Emtricitabine/Tenofovir Disoproxil Fumarate,Truvada,300/200mg,Tablet - FDC,"Aspen-OSD, Port Elizabeth, SA",12273,30,20240,531300,26.25,0.88,1041.35,,,FALSE,5/11/09,5/11/09,,
113-ZW-T01,Pre-PQ Process,SO-18111,DN-1214,Zimbabwe,PMO - US,From RDC,N/A - From RDC,Air,ARV,Adult,SCMS from RDC,"Lamivudine/Stavudine 150/30mg, tablets, 60 Tabs",Lamivudine/Stavudine,Generic,150/30mg,Tablet - FDC,"Cipla, Goa, India",12276,60,4000,16000,4,0.07,31.36,305,2698.04,TRUE,5/12/09,5/12/09,,
111-MZ-T01,Pre-PQ Process,SO-28550,DN-1215,Mozambique,PMO - US,From RDC,N/A - From RDC,Air,ARV,Adult,SCMS from RDC,"Lamivudine/Nevirapine/Stavudine 150/200/30mg, tablets, 60 Tabs",Lamivudine/Nevirapine/Stavudine,Generic,150/200/30mg,Tablet - FDC,"Cipla, Goa, India",12277,60,17618,126849.6,7.2,0.12,248.63,,,FALSE,6/28/09,6/28/09,,
151-NG-T01,Pre-PQ Process,SO-30021,DN-1217,Nigeria,PMO - US,From RDC,N/A - From RDC,Air Charter,ARV,Adult,SCMS from RDC,"Emtricitabine/Tenofovir Disoproxil Fumarate 200/300mg [Truvada], tablets, 30 Tabs",Emtricitabine/Tenofovir Disoproxil Fumarate,Truvada,300/200mg,Tablet - FDC,"Aspen-OSD, Port Elizabeth, SA",12278,30,27439,720273.75,26.25,0.88,1411.74,2561,15128.47,TRUE,5/8/09,5/8/09,,
106-HT-T01,Pre-PQ Process,SO-24841,DN-1219,Haiti,PMO - US,From RDC,N/A - From RDC,Air,ARV,Adult,SCMS from RDC,"Efavirenz 600mg, tablets, 30 Tabs",Efavirenz,Generic,600mg,Tablet,"Aurobindo Unit III, India",12279,30,7323,71179.56,9.72,0.32,139.51,631,7584.12,TRUE,5/22/09,5/22/09,,
106-HT-T01,Pre-PQ Process,SO-24840,DN-1221,Haiti,PMO - US,From RDC,N/A - From RDC,Air,ARV,Adult,SCMS from RDC,"Efavirenz 600mg, tablets, 30 Tabs",Efavirenz,Generic,600mg,Tablet,"Aurobindo Unit III, India",12280,30,10065,97831.8,9.72,0.32,191.75,,,FALSE,5/22/09,5/22/09,,
114-UG-T01,Pre-PQ Process,SO-26160,DN-1225,Uganda,PMO - US,From RDC,N/A - From RDC,Air,ARV,Adult,SCMS from RDC,"Stavudine 30mg, capsules, 60 Caps",Stavudine,Generic,30mg,Capsule,"Aurobindo Unit III, India",12281,60,60,89.4,1.49,0.02,0.18,4,526.41,TRUE,5/22/09,5/22/09,,
110-ZM-T01,Pre-PQ Process,SO-17611,DN-1228,Zambia,PMO - US,From RDC,N/A - From RDC,Truck,ARV,Adult,SCMS from RDC,"Efavirenz 600mg, tablets, 30 Tabs",Efavirenz,Generic,600mg,Tablet,Mylan (formerly Matrix) Nashik,12282,30,11546,127006,11,0.37,248.93,,,FALSE,6/8/09,6/8/09,,
104-CI-T01,Pre-PQ Process,SO-27520,DN-1234,Côte d'Ivoire,PMO - US,From RDC,N/A - From RDC,Air,ARV,Adult,SCMS from RDC,"Zidovudine 300mg, tablets, 60 Tabs",Zidovudine,Generic,300mg,Tablet,"Aurobindo Unit III, India",12283,60,10000,77100,7.71,0.13,151.12,,,FALSE,6/11/09,6/11/09,,
104-CI-T01,Pre-PQ Process,SO-27520,DN-1234,Côte d'Ivoire,PMO - US,From RDC,N/A - From RDC,Air,ARV,Adult,SCMS from RDC,"Lamivudine/Nevirapine/Zidovudine 150/200/300mg, tablets, 60 Tabs",Lamivudine/Nevirapine/Zidovudine,Generic,150/300/200mg,Tablet - FDC,"Aurobindo Unit III, India",12284,60,15000,173400,11.56,0.19,339.86,,,FALSE,6/11/09,6/11/09,,
112-NG-T01,Pre-PQ Process,SO-21050,DN-1244,Nigeria,PMO - US,From RDC,N/A - From RDC,Air Charter,ARV,Adult,SCMS from RDC,"Lamivudine 150mg, tablets, 60 Tabs",Lamivudine,Generic,150mg,Tablet,"Aurobindo Unit III, India",12286,60,1140,3306,2.9,0.05,6.48,,,FALSE,6/16/09,6/16/09,,
112-NG-T01,Pre-PQ Process,SO-21052,DN-1257,Nigeria,PMO - US,From RDC,N/A - From RDC,Air,ARV,Adult,SCMS from RDC,"Lamivudine/Zidovudine 150/300mg, tablets, 60 Tabs",Lamivudine/Zidovudine,Generic,150/300mg,Tablet - FDC,Mylan (formerly Matrix) Nashik,12289,60,1747,15303.72,8.76,0.15,30,148,1012.18,TRUE,6/5/09,6/5/09,,
123-NG-T01,Pre-PQ Process,SO-24482,DN-1263,Nigeria,PMO - US,From RDC,N/A - From RDC,Air Charter,ARV,Adult,SCMS from RDC,"Lamivudine/Nevirapine/Stavudine 150/200/30mg, tablets, 60 Tabs",Lamivudine/Nevirapine/Stavudine,Generic,150/200/30mg,Tablet - FDC,"Cipla, Goa, India",12290,60,3235,23033.2,7.12,0.12,45.15,,,FALSE,6/16/09,6/16/09,,
102-KE-T01,Pre-PQ Process,SO-27850,DN-1275,Kenya,PMO - US,From RDC,N/A - From RDC,Air,HRDT,HIV test,SCMS from RDC,"HIV 1/2, Uni-Gold HIV Kit, 20 Tests","HIV 1/2, Uni-Gold HIV Kit",Uni-Gold,N/A,Test kit,"Trinity Biotech, Plc",12293,20,2500,80000,32,1.6,156.8,,,TRUE,5/28/09,5/28/09,,
106-HT-T01,Pre-PQ Process,SO-24832,DN-1278,Haiti,PMO - US,From RDC,N/A - From RDC,Air,ARV,Pediatric,SCMS from RDC,"Efavirenz 50mg, capsule, 30 Caps",Efavirenz,Generic,50mg,Capsule,"Aurobindo Unit III, India",12294,30,1428,3198.72,2.24,0.07,6.27,83,7789.85,TRUE,6/18/09,6/18/09,,
151-NG-T01,Pre-PQ Process,SO-30022,DN-1290,Nigeria,PMO - US,From RDC,N/A - From RDC,Air Charter,ARV,Adult,SCMS from RDC,"Emtricitabine/Tenofovir Disoproxil Fumarate 200/300mg [Truvada], tablets, 30 Tabs",Emtricitabine/Tenofovir Disoproxil Fumarate,Truvada,300/200mg,Tablet - FDC,"Aspen-OSD, Port Elizabeth, SA",12295,30,24269,637061.25,26.25,0.88,1248.64,2094,7329.83,TRUE,6/16/09,6/16/09,,
114-UG-T01,Pre-PQ Process,SO-26170,DN-1293,Uganda,PMO - US,From RDC,N/A - From RDC,Air,ARV,Adult,SCMS from RDC,"Lamivudine/Nevirapine/Zidovudine 150/200/300mg, tablets, 60 Tabs",Lamivudine/Nevirapine/Zidovudine,Generic,150/300/200mg,Tablet - FDC,Mylan (formerly Matrix) Nashik,12296,60,10372,119900.32,11.56,0.19,235,1312,14569.14,TRUE,6/29/09,6/29/09,,
151-NG-T01,Pre-PQ Process,SO-22520,DN-1294,Nigeria,PMO - US,From RDC,N/A - From RDC,Air Charter,ARV,Adult,SCMS from RDC,"Emtricitabine/Tenofovir Disoproxil Fumarate 200/300mg [Truvada], tablets, 30 Tabs",Emtricitabine/Tenofovir Disoproxil Fumarate,Truvada,300/200mg,Tablet - FDC,"Aspen-OSD, Port Elizabeth, SA",12297,30,27314,716992.5,26.25,0.88,1405.31,2363,7329.83,TRUE,6/16/09,6/16/09,,
110-ZM-T01,Pre-PQ Process,SO-29070,DN-1325,Zambia,PMO - US,From RDC,N/A - From RDC,Truck,ARV,Adult,SCMS from RDC,"Lamivudine/Tenofovir Disoproxil Fumarate 300/300mg, tablets, 30 Tabs",Lamivudine/Tenofovir Disoproxil Fumarate,Generic,300/300mg,Tablet - FDC,Mylan (formerly Matrix) Nashik,12299,30,92000,1058000,11.5,0.38,2073.68,7579,6759.28,TRUE,9/29/09,9/29/09,,
111-MZ-T01,Pre-PQ Process,SO-26423,DN-1332,Mozambique,PMO - US,From RDC,N/A - From RDC,Truck,ARV,Adult,SCMS from RDC,"Lamivudine/Stavudine 150/30mg, tablets, 60 Tabs",Lamivudine/Stavudine,Generic,150/30mg,Tablet - FDC,"Cipla, Goa, India",12300,60,23100,87780,3.8,0.06,172.05,,,FALSE,8/27/09,8/27/09,,
151-NG-T01,Pre-PQ Process,SO-32644,DN-1338,Nigeria,PMO - US,From RDC,N/A - From RDC,Air Charter,ARV,Adult,SCMS from RDC,"Lamivudine/Nevirapine/Zidovudine 150/200/300mg, tablets, 60 Tabs",Lamivudine/Nevirapine/Zidovudine,Generic,150/300/200mg,Tablet - FDC,"Aurobindo Unit III, India",12301,60,5800,66120,11.4,0.19,129.6,654,7445.8,TRUE,8/4/09,8/4/09,,
151-NG-T01,Pre-PQ Process,SO-27810,DN-1346,Nigeria,PMO - US,From RDC,N/A - From RDC,Air Charter,ARV,Adult,SCMS from RDC,"Emtricitabine/Tenofovir Disoproxil Fumarate 200/300mg [Truvada], tablets, 30 Tabs",Emtricitabine/Tenofovir Disoproxil Fumarate,Truvada,300/200mg,Tablet - FDC,"Aspen-OSD, Port Elizabeth, SA",12302,30,22730,596662.5,26.25,0.88,1169.46,1977,7445.8,TRUE,8/4/09,8/4/09,,
104-CI-T01,Pre-PQ Process,SO-27533,DN-1357,Côte d'Ivoire,PMO - US,From RDC,N/A - From RDC,Air Charter,ARV,Adult,SCMS from RDC,"Efavirenz 600mg, tablets, 30 Tabs",Efavirenz,Generic,600mg,Tablet,"Emcure Plot No.P-2, I.T-B.T. Park, Phase II, MIDC, Hinjwadi, Pune, India",12303,30,3280,31881.6,9.72,0.32,62.49,229,1854.88,TRUE,8/11/09,8/11/09,,
151-NG-T01,Pre-PQ Process,SO-27817,DN-1367,Nigeria,PMO - US,From RDC,N/A - From RDC,Air Charter,ARV,Adult,SCMS from RDC,"Emtricitabine/Tenofovir Disoproxil Fumarate 200/300mg, tablets, 30 Tabs",Emtricitabine/Tenofovir Disoproxil Fumarate,Generic,200/300mg,Tablet - FDC,Mylan (formerly Matrix) Nashik,12304,30,5794,68079.5,11.75,0.39,133.44,,,FALSE,8/4/09,8/4/09,,
106-HT-T01,Pre-PQ Process,SO-32730,DN-1374,Haiti,PMO - US,From RDC,N/A - From RDC,Air,ARV,Pediatric,SCMS from RDC,"Efavirenz 200mg, capsule, 90 Caps",Efavirenz,Generic,200mg,Capsule,"Aurobindo Unit III, India",12305,90,525,6683.25,12.73,0.14,13.1,,,FALSE,7/31/09,7/31/09,,
111-MZ-T01,Pre-PQ Process,SO-26420,DN-1377,Mozambique,PMO - US,From RDC,N/A - From RDC,Truck,ARV,Adult,SCMS from RDC,"Lamivudine/Nevirapine/Stavudine 150/200/30mg, tablets, 60 Tabs",Lamivudine/Nevirapine/Stavudine,Generic,150/200/30mg,Tablet - FDC,"Strides, Bangalore, India.",12307,60,76000,541120,7.12,0.12,1060.6,5597,1799.88,TRUE,9/17/09,9/17/09,,
107-RW-T01,Pre-PQ Process,SO-32800,DN-1385,Rwanda,PMO - US,From RDC,N/A - From RDC,Air,ARV,Adult,SCMS from RDC,"Lamivudine 150mg, tablets, 60 Tabs",Lamivudine,Generic,150mg,Tablet,"Aurobindo Unit III, India",12309,60,8766,21389.04,2.44,0.04,41.92,447,4257.01,TRUE,7/31/09,7/31/09,,
114-UG-T01,Pre-PQ Process,SO-32920,DN-1397,Uganda,PMO - US,From RDC,N/A - From RDC,Air,ARV,Adult,SCMS from RDC,"Nevirapine 200mg, tablets, 60 Tabs",Nevirapine,Generic,200mg,Tablet,Hetero Unit III Hyderabad IN,12310,60,1650,4785,2.9,0.05,9.38,,,FALSE,8/24/09,8/24/09,,
114-UG-T01,Pre-PQ Process,SO-32950,DN-1399,Uganda,PMO - US,From RDC,N/A - From RDC,Air,ARV,Adult,SCMS from RDC,"Lamivudine/Zidovudine 150/300mg, tablets, 60 Tabs",Lamivudine/Zidovudine,Generic,150/300mg,Tablet - FDC,Mylan (formerly Matrix) Nashik,12311,60,24000,210240,8.76,0.15,412.07,5748,38957.51,TRUE,8/28/09,8/28/09,,
114-UG-T01,Pre-PQ Process,SO-32950,DN-1399,Uganda,PMO - US,From RDC,N/A - From RDC,Air,ARV,Adult,SCMS from RDC,"Lamivudine/Nevirapine/Zidovudine 150/200/300mg, tablets, 60 Tabs",Lamivudine/Nevirapine/Zidovudine,Generic,150/300/200mg,Tablet - FDC,"Aurobindo Unit III, India",12312,60,34000,385900,11.35,0.19,756.36,,,FALSE,8/28/09,8/28/09,,
104-CI-T01,Pre-PQ Process,SO-32210,DN-1401,Côte d'Ivoire,PMO - US,From RDC,N/A - From RDC,Air,ARV,Adult,SCMS from RDC,"Lamivudine/Nevirapine/Zidovudine 150/200/300mg, tablets, 60 Tabs",Lamivudine/Nevirapine/Zidovudine,Generic,150/300/200mg,Tablet - FDC,"Aurobindo Unit III, India",12313,60,28170,319729.5,11.35,0.19,626.67,,,FALSE,9/8/09,9/8/09,,
110-ZM-T01,Pre-PQ Process,SO-29080,DN-1404,Zambia,PMO - US,From RDC,N/A - From RDC,Truck,ARV,Adult,SCMS from RDC,"Lamivudine/Tenofovir Disoproxil Fumarate 300/300mg, tablets, 30 Tabs",Lamivudine/Tenofovir Disoproxil Fumarate,Generic,300/300mg,Tablet - FDC,Mylan (formerly Matrix) Nashik,12314,30,92000,1058000,11.5,0.38,2073.68,7678,6759.28,TRUE,9/22/09,9/22/09,,
110-ZM-T01,Pre-PQ Process,SO-29090,DN-1406,Zambia,PMO - US,From RDC,N/A - From RDC,Truck,ARV,Adult,SCMS from RDC,"Lamivudine/Tenofovir Disoproxil Fumarate 300/300mg, tablets, 30 Tabs",Lamivudine/Tenofovir Disoproxil Fumarate,Generic,300/300mg,Tablet - FDC,Mylan (formerly Matrix) Nashik,12315,30,92095,1059092.5,11.5,0.38,2075.82,7686,6759.28,TRUE,9/22/09,9/22/09,,
113-ZW-T01,Pre-PQ Process,SO-21020,DN-1411,Zimbabwe,PMO - US,From RDC,N/A - From RDC,Truck,ARV,Adult,SCMS from RDC,"Lamivudine/Stavudine 150/30mg, tablets, 60 Tabs",Lamivudine/Stavudine,Generic,150/30mg,Tablet - FDC,"Cipla, Goa, India",12316,60,4000,16000,4,0.07,31.36,,,FALSE,9/22/09,9/22/09,,
110-ZM-T01,Pre-PQ Process,SO-29030,DN-1407,Zambia,PMO - US,From RDC,N/A - From RDC,Truck,ARV,Adult,SCMS from RDC,"Nevirapine 200mg, tablets, 60 Tabs",Nevirapine,Generic,200mg,Tablet,"Aurobindo Unit III, India",12317,60,15718,47154,3,0.05,92.42,,,FALSE,10/19/09,10/19/09,,
104-CI-T01,Pre-PQ Process,SO-33250,DN-1428,Côte d'Ivoire,PMO - US,From RDC,N/A - From RDC,Air,ARV,Adult,SCMS from RDC,"Emtricitabine/Tenofovir Disoproxil Fumarate 200/300mg, tablets, 30 Tabs",Emtricitabine/Tenofovir Disoproxil Fumarate,Generic,200/300mg,Tablet - FDC,Mylan (formerly Matrix) Nashik,12318,30,666,7825.5,11.75,0.39,15.34,54,1713.01,TRUE,9/21/09,9/21/09,,
109-TZ-T01,Pre-PQ Process,SO-31281,DN-1430,Tanzania,PMO - US,From RDC,N/A - From RDC,Truck,ARV,Adult,SCMS from RDC,"Abacavir 300mg, tablets, 60 Tabs",Abacavir,Generic,300mg,Tablet,"Aurobindo Unit III, India",12319,60,9243,235234.34,25.45,0.42,461.06,936,2233.61,TRUE,9/25/09,9/25/09,,
110-ZM-T01,Pre-PQ Process,SO-32850,DN-1432,Zambia,PMO - US,From RDC,N/A - From RDC,Truck,ARV,Adult,SCMS from RDC,"Lamivudine/Nevirapine/Stavudine 150/200/30mg, tablets, 60 Tabs",Lamivudine/Nevirapine/Stavudine,Generic,150/200/30mg,Tablet - FDC,"Cipla, Goa, India",12320,60,61520,438022.4,7.12,0.12,858.52,23888,13518.56,TRUE,10/2/09,10/2/09,,
151-NG-T01,Pre-PQ Process,SO-33330,DN-1433,Nigeria,PMO - US,From RDC,N/A - From RDC,Air Charter,ARV,Adult,SCMS from RDC,"Lamivudine/Nevirapine/Zidovudine 150/200/300mg, tablets, 60 Tabs",Lamivudine/Nevirapine/Zidovudine,Generic,150/300/200mg,Tablet - FDC,"Aurobindo Unit III, India",12321,60,40230,458622,11.4,0.19,898.9,4531,30983.24,TRUE,10/20/09,10/20/09,,
151-NG-T01,Pre-PQ Process,SO-33337,DN-1439,Nigeria,PMO - US,From RDC,N/A - From RDC,Air Charter,ARV,Adult,SCMS from RDC,"Lamivudine/Nevirapine/Zidovudine 150/200/300mg, tablets, 60 Tabs",Lamivudine/Nevirapine/Zidovudine,Generic,150/300/200mg,Tablet - FDC,"Aurobindo Unit III, India",12322,60,1756,20018.4,11.4,0.19,39.24,198,9341.49,TRUE,10/20/09,10/20/09,,
104-CI-T01,Pre-PQ Process,SO-32830,DN-1451,Côte d'Ivoire,PMO - US,From RDC,N/A - From RDC,Air,ARV,Pediatric,SCMS from RDC,"Nevirapine 10mg/ml, oral suspension, Bottle, 240 ml",Nevirapine,Generic,10mg/ml,Oral suspension,"Aurobindo Unit III, India",12323,240,1547,2970.24,1.92,0.01,5.82,581,1234.9,TRUE,8/25/09,10/7/09,,
111-MZ-T01,Pre-PQ Process,SO-26424,DN-1457,Mozambique,PMO - US,From RDC,N/A - From RDC,Truck,ARV,Adult,SCMS from RDC,"Lamivudine 150mg, tablets, 60 Tabs",Lamivudine,Generic,150mg,Tablet,"Aurobindo Unit III, India",12324,60,2592,6324.48,2.44,0.04,12.4,,,FALSE,10/7/09,10/7/09,,
117-ET-T01,Pre-PQ Process,SO-33640,DN-1472,Ethiopia,PMO - US,From RDC,N/A - From RDC,Air,ARV,Adult,SCMS from RDC,"Lamivudine 150mg, tablets, 60 Tabs",Lamivudine,Generic,150mg,Tablet,"Aurobindo Unit III, India",12325,60,4234,10330.96,2.44,0.04,20.25,212,1489.4,TRUE,9/29/09,9/29/09,,
100-LB-T01,Pre-PQ Process,SO-33890,DN-1486,Lebanon,PMO - US,From RDC,N/A - From RDC,Air,ARV,Pediatric,SCMS from RDC,"Nevirapine 10mg/ml, oral suspension, Bottle, 240 ml",Nevirapine,Generic,10mg/ml,Oral suspension,"Aurobindo Unit III, India",12326,240,50,0.5,0.01,0,0,,,FALSE,11/18/09,11/18/09,,
100-LB-T01,Pre-PQ Process,SO-33910,DN-1488,Lebanon,PMO - US,From RDC,N/A - From RDC,Air,ARV,Adult,SCMS from RDC,"Nevirapine 200mg, tablets, 60 Tabs",Nevirapine,Generic,200mg,Tablet,Hetero Unit III Hyderabad IN,12327,60,200,2,0.01,0,0,,,FALSE,11/24/09,11/24/09,,
110-ZM-T01,Pre-PQ Process,SO-33320,DN-1499,Zambia,PMO - US,From RDC,N/A - From RDC,Air,ARV,Adult,SCMS from RDC,"Efavirenz 600mg, tablets, 30 Tabs",Efavirenz,Generic,600mg,Tablet,"Emcure Plot No.P-2, I.T-B.T. Park, Phase II, MIDC, Hinjwadi, Pune, India",12328,30,13941,80578.98,5.78,0.19,173.73,986,5097.09,TRUE,10/23/09,10/23/09,,
114-UG-T01,Pre-PQ Process,SO-34290,DN-1528,Uganda,PMO - US,From RDC,N/A - From RDC,Air,ARV,Adult,SCMS from RDC,"Lamivudine/Stavudine 150/30mg, tablets, 60 Tabs",Lamivudine/Stavudine,Generic,150/30mg,Tablet - FDC,"Cipla, Goa, India",12329,60,60,240,4,0.07,0.52,4,396.08,TRUE,11/23/09,11/23/09,,
117-ET-T01,Pre-PQ Process,SO-34581,DN-1584,Ethiopia,PMO - US,From RDC,N/A - From RDC,Air,ARV,Adult,SCMS from RDC,"Nevirapine 200mg, tablets, 60 Tabs",Nevirapine,Generic,200mg,Tablet,Hetero Unit III Hyderabad IN,12330,60,4460,12934,2.9,0.05,27.89,250,1366.22,TRUE,12/2/09,12/2/09,,
113-ZW-T01,Pre-PQ Process,SO-224,DN-32,Zimbabwe,PMO - US,From RDC,N/A - From RDC,N/A,ARV,Adult,SCMS from RDC,"Efavirenz 600mg, tablets, 30 Tabs",Efavirenz,Generic,600mg,Tablet,"Aurobindo Unit III, India",12334,30,7000,113750,16.25,0.54,,581,1886.21,TRUE,3/23/07,3/23/07,,
112-NG-T01,Pre-PQ Process,SO-339,DN-27,Nigeria,PMO - US,From RDC,N/A - From RDC,N/A,ARV,Pediatric,SCMS from RDC,"Zidovudine 10mg/ml, oral solution, Bottle, 240 ml",Zidovudine,Generic,10mg/ml,Oral solution,"Aurobindo Unit III, India",12335,240,1200,2580,2.15,0.01,,,,FALSE,2/22/07,2/22/07,,
107-RW-T01,Pre-PQ Process,SO-239,DN-70,Rwanda,PMO - US,From RDC,N/A - From RDC,Air,HRDT,HIV test,SCMS from RDC,"HIV 1/2, Uni-Gold HIV Kit, 20 Tests","HIV 1/2, Uni-Gold HIV Kit",Uni-Gold,N/A,Test kit,"Trinity Biotech, Plc",12336,20,500,16000,32,1.6,,,,FALSE,4/10/07,4/10/07,,
111-MZ-T01,Pre-PQ Process,SO-501,DN-126,Mozambique,PMO - US,From RDC,N/A - From RDC,Air,ARV,Pediatric,SCMS from RDC,"Zidovudine 10mg/ml, oral solution, Bottle, 240 ml",Zidovudine,Generic,10mg/ml,Oral solution,"Aurobindo Unit III, India",12337,240,650,2567.5,3.95,0.02,,193,478.51,TRUE,6/1/07,6/1/07,,
111-MZ-T01,Pre-PQ Process,SO-293,DN-44,Mozambique,PMO - US,From RDC,N/A - From RDC,Air,ARV,Adult,SCMS from RDC,"Efavirenz 600mg, tablets, 30 Tabs",Efavirenz,Generic,600mg,Tablet,"Aurobindo Unit III, India",12341,30,23035,385836.25,16.75,0.56,,,,FALSE,4/17/07,4/17/07,,
111-MZ-T01,Pre-PQ Process,SO-293,DN-44,Mozambique,PMO - US,From RDC,N/A - From RDC,Air,ARV,Pediatric,SCMS from RDC,"Lamivudine 10mg/ml, oral solution, Bottle, 240 ml",Lamivudine,Generic,10mg/ml,Oral solution,"Cipla, Goa, India",12342,240,540,1317.6,2.44,0.01,,,,FALSE,4/17/07,4/17/07,,
100-BW-T01,Pre-PQ Process,SO-424,DN-83,Botswana,PMO - US,From RDC,N/A - From RDC,N/A,HRDT,HIV test,SCMS from RDC,"HIV 1/2, Uni-Gold HIV Kit, 20 Tests","HIV 1/2, Uni-Gold HIV Kit",Uni-Gold,N/A,Test kit,"Trinity Biotech, Plc",12346,20,500,16000,32,1.6,,164,1225.37,TRUE,4/27/07,4/27/07,,
100-CI-T01,Pre-PQ Process,SO-434,DN-78,Côte d'Ivoire,PMO - US,From RDC,N/A - From RDC,N/A,ARV,Adult,SCMS from RDC,"Efavirenz 600mg, tablets, 30 Tabs",Efavirenz,Generic,600mg,Tablet,"Aurobindo Unit III, India",12349,30,8148,132405,16.25,0.54,,742,2658,TRUE,4/30/07,4/30/07,,
111-MZ-T01,Pre-PQ Process,SO-500,DN-152,Mozambique,PMO - US,From RDC,N/A - From RDC,Air,ARV,Adult,SCMS from RDC,"Lopinavir/Ritonavir 200/50mg [Aluvia], tablets, 120 Tabs",Lopinavir/Ritonavir,Aluvia,200/50mg,Tablet,ABBVIE Ludwigshafen Germany,12350,120,900,36990,41.1,0.34,,,,FALSE,6/8/07,6/8/07,,
111-MZ-T01,Pre-PQ Process,SO-544,DN-153,Mozambique,PMO - US,From RDC,N/A - From RDC,Air,ARV,Pediatric,SCMS from RDC,"Zidovudine 10mg/ml, oral solution, Bottle, 240 ml",Zidovudine,Generic,10mg/ml,Oral solution,"Aurobindo Unit III, India",12351,240,8100,31995,3.95,0.02,,2952,,TRUE,6/8/07,6/8/07,,
104-CI-T01,Pre-PQ Process,SO-585,DN-193,Côte d'Ivoire,PMO - US,From RDC,N/A - From RDC,N/A,ARV,Adult,SCMS from RDC,"Abacavir 300mg, tablets, 60 Tabs",Abacavir,Generic,300mg,Tablet,"Aurobindo Unit III, India",12352,60,2100,75180,35.8,0.6,120.29,,,FALSE,6/28/07,6/28/07,,
112-NG-T01,Pre-PQ Process,SO-563,DN-209,Nigeria,PMO - US,From RDC,N/A - From RDC,N/A,ARV,Adult,SCMS from RDC,"Nevirapine 200mg, tablets, 60 Tabs",Nevirapine,Generic,200mg,Tablet,"Aurobindo Unit III, India",12354,60,538,1920.66,3.57,0.06,3.07,,,FALSE,7/3/07,7/3/07,,
110-ZM-T01,Pre-PQ Process,SO-637,DN-177,Zambia,PMO - US,From RDC,N/A - From RDC,Air,ARV,Pediatric,SCMS from RDC,"Abacavir 20mg/ml, oral solution, Bottle, 240 ml",Abacavir,Generic,20mg/ml,Oral solution,"Aurobindo Unit III, India",12355,240,192,4128,21.5,0.09,,70,650.12,TRUE,6/15/07,6/15/07,,
107-RW-T01,Pre-PQ Process,SO-602,DN-156,Rwanda,PMO - US,From RDC,N/A - From RDC,Air,ARV,Adult,SCMS from RDC,"Lamivudine 150mg, tablets, 60 Tabs",Lamivudine,Generic,150mg,Tablet,"Ranbaxy, Paonta Shahib, India",12358,60,3431,11356.61,3.31,0.06,,216,2520.47,TRUE,6/5/07,6/5/07,,
111-MZ-T01,Pre-PQ Process,SO-578,DN-184,Mozambique,PMO - US,From RDC,N/A - From RDC,Air,ARV,Adult,SCMS from RDC,"Abacavir/Lamivudine/Zidovudine 300/150/300mg [Trizivir], tablets, 60 Tabs",Abacavir/Lamivudine/Zidovudine,Trizivir,300/150/300mg,Tablet - FDC,GSK Ware (UK),12364,60,1171,81970,70,1.17,,,,FALSE,7/11/07,7/11/07,,
112-NG-T01,Pre-PQ Process,SO-563,DN-209,Nigeria,PMO - US,From RDC,N/A - From RDC,N/A,ARV,Pediatric,SCMS from RDC,"Zidovudine 10mg/ml, oral solution, Bottle, 240 ml",Zidovudine,Generic,10mg/ml,Oral solution,"Aurobindo Unit III, India",12365,240,278,1098.1,3.95,0.02,1.76,,,FALSE,7/3/07,7/3/07,,
111-MZ-T01,Pre-PQ Process,SO-576,DN-148,Mozambique,PMO - US,From RDC,N/A - From RDC,Air,ARV,Pediatric,SCMS from RDC,"Efavirenz 50mg [Stocrin/Sustiva], capsule, 30 Caps",Efavirenz,Stocrin/Sustiva,50mg,Capsule,"MSD Manati, Puerto Rico, (USA)",12366,30,1844,6306.48,3.42,0.11,,,,FALSE,6/13/07,6/13/07,,
117-ET-T01,Pre-PQ Process,SO-582,DN-157,Ethiopia,PMO - US,From RDC,N/A - From RDC,N/A,HRDT,HIV test,SCMS from RDC,"HIV 1/2, Uni-Gold HIV Kit, 20 Tests","HIV 1/2, Uni-Gold HIV Kit",Uni-Gold,N/A,Test kit,"Trinity Biotech, Plc",12368,20,200,6400,32,1.6,,,,FALSE,5/24/07,5/24/07,,
104-CI-T01,Pre-PQ Process,SO-617,DN-163,Côte d'Ivoire,PMO - US,From RDC,N/A - From RDC,Air,ARV,Adult,SCMS from RDC,"Zidovudine 300mg, tablets, 60 Tabs",Zidovudine,Generic,300mg,Tablet,"Aurobindo Unit III, India",12369,60,4374,37266.48,8.52,0.14,,230,1432,TRUE,6/15/07,6/15/07,,
109-TZ-T01,Pre-PQ Process,SO-441,DN-246,Tanzania,PMO - US,From RDC,N/A - From RDC,Air,ARV,Adult,SCMS from RDC,"Abacavir 300mg, tablets, 60 Tabs",Abacavir,Generic,300mg,Tablet,"Aurobindo Unit III, India",12372,60,4776,170980.8,35.8,0.6,273.57,,,FALSE,8/13/07,8/13/07,,
104-CI-T01,Pre-PQ Process,SO-524,DN-268,Côte d'Ivoire,PMO - US,From RDC,N/A - From RDC,N/A,ARV,Adult,SCMS from RDC,"Efavirenz 600mg, tablets, 30 Tabs",Efavirenz,Generic,600mg,Tablet,"Aurobindo Unit III, India",12373,30,5344,86893.44,16.26,0.54,139.03,,,FALSE,8/14/07,8/14/07,,
110-ZM-T01,Pre-PQ Process,SO-621,DN-224,Zambia,PMO - US,From RDC,N/A - From RDC,N/A,ARV,Pediatric,SCMS from RDC,"Abacavir 20mg/ml, oral solution, Bottle, 240 ml",Abacavir,Generic,20mg/ml,Oral solution,"Aurobindo Unit III, India",12375,240,350,7525,21.5,0.09,12.04,124,874.57,TRUE,7/9/07,7/9/07,,
110-ZM-T01,Pre-PQ Process,SO-314,DN-270,Zambia,PMO - US,From RDC,N/A - From RDC,N/A,ARV,Adult,SCMS from RDC,"Efavirenz 600mg, tablets, 30 Tabs",Efavirenz,Generic,600mg,Tablet,"Aurobindo Unit III, India",12378,30,48348,786138.5,16.26,0.54,1257.82,,,FALSE,8/7/07,8/7/07,,
111-MZ-T01,Pre-PQ Process,SO-502,DN-282,Mozambique,PMO - US,From RDC,N/A - From RDC,Air,ARV,Pediatric,SCMS from RDC,"Zidovudine 10mg/ml, oral solution, Bottle, 240 ml",Zidovudine,Generic,10mg/ml,Oral solution,"Aurobindo Unit III, India",12379,240,7750,30612.5,3.95,0.02,48.98,,,FALSE,10/10/07,10/10/07,,
109-TZ-T01,Pre-PQ Process,SO-768,DN-239,Tanzania,PMO - US,From RDC,N/A - From RDC,Air,ARV,Adult,SCMS from RDC,"Nevirapine 200mg, tablets, 60 Tabs",Nevirapine,Generic,200mg,Tablet,"Aurobindo Unit III, India",12384,60,11807,42150.99,3.57,0.06,67.44,1050,3291,TRUE,7/30/07,7/30/07,,
104-CI-T01,Pre-PQ Process,SO-523,DN-260,Côte d'Ivoire,PMO - US,From RDC,N/A - From RDC,N/A,ARV,Adult,SCMS from RDC,"Lamivudine/Nevirapine/Stavudine 150/200/30mg, tablets, 60 Tabs",Lamivudine/Nevirapine/Stavudine,Generic,150/200/30mg,Tablet - FDC,"Cipla, Goa, India",12388,60,23472,176040,7.5,0.12,281.66,,,FALSE,8/3/07,8/3/07,,
104-CI-T01,Pre-PQ Process,SO-844,DN-315,Côte d'Ivoire,PMO - US,From RDC,N/A - From RDC,N/A,ARV,Adult,SCMS from RDC,"Lamivudine/Stavudine 150/30mg, tablets, 30 Tabs",Lamivudine/Stavudine,Generic,150/30mg,Tablet - FDC,"Cipla, Goa, India",12391,30,55032,110064,2,0.07,176.1,3673,12438,TRUE,8/24/07,8/24/07,,
109-TZ-T01,Pre-PQ Process,SO-455,DN-290,Tanzania,PMO - US,From RDC,N/A - From RDC,N/A,ARV,Adult,SCMS from RDC,"Ritonavir 100mg [Norvir], capsules, cool, 4 x 84 Caps",Ritonavir,Norvir,100mg,Capsule,ABBVIE (Abbott) Logis. UK,12393,336,157,6022.52,38.36,0.11,9.64,,,FALSE,9/10/07,9/10/07,,
111-MZ-T01,Pre-PQ Process,SO-298,DN-304,Mozambique,PMO - US,From RDC,N/A - From RDC,Air,ARV,Pediatric,SCMS from RDC,"Lamivudine 10mg/ml, oral solution, Bottle, 240 ml",Lamivudine,Generic,10mg/ml,Oral solution,"Cipla, Goa, India",12395,240,2744,6695.36,2.44,0.01,10.71,,,FALSE,9/21/07,9/21/07,,
111-MZ-T01,Pre-PQ Process,SO-298,DN-304,Mozambique,PMO - US,From RDC,N/A - From RDC,Air,ARV,Pediatric,SCMS from RDC,"Zidovudine 10mg/ml, oral solution, Bottle, 240 ml",Zidovudine,Generic,10mg/ml,Oral solution,"Aurobindo Unit III, India",12396,240,2185,8630.75,3.95,0.02,13.81,,,FALSE,9/21/07,9/21/07,,
104-CI-T01,Pre-PQ Process,SO-589,DN-314,Côte d'Ivoire,PMO - US,From RDC,N/A - From RDC,N/A,ARV,Pediatric,SCMS from RDC,"Efavirenz 50mg [Stocrin/Sustiva], capsule, 30 Caps",Efavirenz,Stocrin/Sustiva,50mg,Capsule,"MSD, Haarlem, NL",12397,30,738,2560.86,3.47,0.12,4.1,,,FALSE,8/24/07,8/24/07,,
111-MZ-T01,Pre-PQ Process,SO-944,DN-310,Mozambique,PMO - US,From RDC,N/A - From RDC,Air,HRDT,HIV test,SCMS from RDC,"HIV 1/2, Uni-Gold HIV Kit, 20 Tests","HIV 1/2, Uni-Gold HIV Kit",Uni-Gold,N/A,Test kit,"Trinity Biotech, Plc",12399,20,2500,80000,32,1.6,128,841,3818.4,TRUE,9/21/07,9/21/07,,
110-ZM-T01,Pre-PQ Process,SO-908,DN-319,Zambia,PMO - US,From RDC,N/A - From RDC,Air,ARV,Adult,SCMS from RDC,"Lamivudine 150mg, tablets, 60 Tabs",Lamivudine,Generic,150mg,Tablet,"Aurobindo Unit III, India",12400,60,30000,91200,3.04,0.05,145.92,,,FALSE,8/29/07,8/29/07,,
109-TZ-T01,Pre-PQ Process,SO-1075,DN-360,Tanzania,PMO - US,From RDC,N/A - From RDC,N/A,ARV,Pediatric,SCMS from RDC,"Efavirenz 200mg [Stocrin/Sustiva], capsule, 90 Caps",Efavirenz,Stocrin/Sustiva,200mg,Capsule,MSD South Granville Australia,12404,90,1987,64418.54,32.42,0.36,103.07,238,2465,TRUE,10/11/07,10/11/07,,
110-ZM-T01,Pre-PQ Process,SO-940,DN-366,Zambia,PMO - US,From RDC,N/A - From RDC,N/A,ARV,Adult,SCMS from RDC,"Zidovudine 300mg, tablets, 60 Tabs",Zidovudine,Generic,300mg,Tablet,"Aurobindo Unit III, India",12406,60,12420,101223,8.15,0.14,161.96,,,FALSE,9/27/07,9/27/07,,
110-ZM-T01,Pre-PQ Process,SO-1077,DN-367,Zambia,PMO - US,From RDC,N/A - From RDC,N/A,ARV,Adult,SCMS from RDC,"Lamivudine/Nevirapine/Stavudine 150/200/30mg, tablets, 60 Tabs",Lamivudine/Nevirapine/Stavudine,Generic,150/200/30mg,Tablet - FDC,"Cipla, Goa, India",12407,60,16974,125607.6,7.4,0.12,200.97,1732,7927.55,TRUE,9/28/07,9/28/07,,
110-ZM-T01,Pre-PQ Process,SO-1066,DN-368,Zambia,PMO - US,From RDC,N/A - From RDC,N/A,ARV,Pediatric,SCMS from RDC,"Efavirenz 200mg, capsule, 90 Caps",Efavirenz,Generic,200mg,Capsule,"Aurobindo Unit III, India",12408,90,604,9664,16,0.18,15.46,72,723.59,TRUE,10/2/07,10/2/07,,
104-CI-T01,Pre-PQ Process,SO-963,DN-323,Côte d'Ivoire,PMO - US,From RDC,N/A - From RDC,N/A,ARV,Pediatric,SCMS from RDC,"Didanosine 100mg, chewable/dispersible tablets, 60 Tabs",Didanosine,Generic,100mg,Chewable/dispersible tablet,"Aurobindo Unit III, India",12411,60,1696,13144,7.75,0.13,21.03,,,FALSE,9/14/07,9/14/07,,
113-ZW-T01,Pre-PQ Process,SO-891,DN-382,Zimbabwe,PMO - US,From RDC,N/A - From RDC,Truck,HRDT,HIV test,SCMS from RDC,"HIV 1/2, Bioline 3.0 Kit, Lancets, Capillary pipets, Alcohol swabs included, 25 Tests","HIV 1/2, Bioline 3.0 Kit, Lancets, Capillary pipets, Alcohol swabs included",Bioline,N/A,Test kit,"Standard Diagnostics, Korea",12413,25,2492,49840,20,0.8,79.74,738,3085.84,TRUE,10/5/07,10/5/07,,
104-CI-T01,Pre-PQ Process,SO-964,DN-379,Côte d'Ivoire,PMO - US,From RDC,N/A - From RDC,Air,ARV,Adult,SCMS from RDC,"Zidovudine 300mg, tablets, 60 Tabs",Zidovudine,Generic,300mg,Tablet,"Ranbaxy, Paonta Shahib, India",12416,60,5794,47221.1,8.15,0.14,75.55,,,FALSE,10/15/07,10/15/07,,
110-ZM-T01,Pre-PQ Process,SO-909,DN-400,Zambia,PMO - US,From RDC,N/A - From RDC,N/A,ARV,Adult,SCMS from RDC,"Stavudine 20mg, capsules, 60 Caps",Stavudine,Generic,20mg,Capsule,"Aurobindo Unit III, India",12418,60,1381,2416.75,1.75,0.03,3.87,232,1320.08,TRUE,11/2/07,11/2/07,,
110-ZM-T01,Pre-PQ Process,SO-572,DN-388,Zambia,PMO - US,From RDC,N/A - From RDC,N/A,ARV,Adult,SCMS from RDC,"Efavirenz 600mg, tablets, 30 Tabs",Efavirenz,Generic,600mg,Tablet,"Aurobindo Unit III, India",12421,30,11254,182990.05,16.26,0.54,292.78,,,FALSE,11/9/07,11/9/07,,
112-NG-T01,Pre-PQ Process,SO-1221,DN-409,Nigeria,PMO - US,From RDC,N/A - From RDC,Air,ARV,Adult,SCMS from RDC,"Efavirenz 600mg, tablets, 30 Tabs",Efavirenz,Generic,600mg,Tablet,"Aurobindo Unit III, India",12424,30,1200,14904,12.42,0.41,23.85,,,FALSE,11/16/07,11/16/07,,
111-MZ-T01,Pre-PQ Process,SO-1064,DN-415,Mozambique,PMO - US,From RDC,N/A - From RDC,Air,HRDT,HIV test,SCMS from RDC,"HIV 1/2, Uni-Gold HIV Kit, 20 Tests","HIV 1/2, Uni-Gold HIV Kit",Uni-Gold,N/A,Test kit,"Trinity Biotech, Plc",12425,20,5000,160000,32,1.6,256,,,FALSE,11/30/07,11/30/07,,
112-NG-T01,Pre-PQ Process,SO-1109,DN-422,Nigeria,PMO - US,From RDC,N/A - From RDC,Air,ARV,Adult,SCMS from RDC,"Lamivudine/Nevirapine/Stavudine 150/200/30mg, tablets, 60 Tabs",Lamivudine/Nevirapine/Stavudine,Generic,150/200/30mg,Tablet - FDC,"Cipla, Goa, India",12426,60,1246,9345,7.5,0.12,14.95,,,FALSE,11/9/07,11/9/07,,
104-CI-T01,Pre-PQ Process,SO-1245,DN-423,Côte d'Ivoire,PMO - US,From RDC,N/A - From RDC,Air,ARV,Adult,SCMS from RDC,"Saquinavir 200mg [Invirase], capsules, 270 Caps",Saquinavir,Invirase,200mg,Capsule,Roche Basel,12428,270,23,1808.72,78.64,0.29,2.89,,,FALSE,11/13/07,11/13/07,,
110-ZM-T01,Pre-PQ Process,SO-1653,DN-608,Zambia,PMO - US,From RDC,N/A - From RDC,Air,ARV,Adult,SCMS from RDC,"Efavirenz 600mg, tablets, 30 Tabs",Efavirenz,Generic,600mg,Tablet,Mylan (formerly Matrix) Nashik,12429,30,25338,314697.97,12.42,0.41,503.52,1974,7836.6,TRUE,4/10/08,4/10/08,,
111-MZ-T01,Pre-PQ Process,SO-1039,DN-603,Mozambique,PMO - US,From RDC,N/A - From RDC,Air,ARV,Adult,SCMS from RDC,"Lamivudine/Zidovudine 150/300mg, tablets, 60 Tabs",Lamivudine/Zidovudine,Generic,150/300mg,Tablet - FDC,"Cipla, Goa, India",12431,60,7128,67716,9.5,0.16,108.35,,,FALSE,4/8/08,4/8/08,,
104-CI-T01,Pre-PQ Process,SO-1101,DN-434,Côte d'Ivoire,PMO - US,From RDC,N/A - From RDC,Air,ARV,Pediatric,SCMS from RDC,"Didanosine 200mg, chewable/dispersible tablets, 60 Tabs",Didanosine,Generic,200mg,Chewable/dispersible tablet,"Aurobindo Unit III, India",12432,60,7744,297059.84,38.36,0.64,475.3,,,FALSE,11/22/07,11/22/07,,
104-CI-T01,Pre-PQ Process,SO-1101,DN-434,Côte d'Ivoire,PMO - US,From RDC,N/A - From RDC,Air,ARV,Adult,SCMS from RDC,"Efavirenz 600mg, tablets, 30 Tabs",Efavirenz,Generic,600mg,Tablet,"Strides, Bangalore, India.",12433,30,34020,422528.4,12.42,0.41,676.05,,,FALSE,11/22/07,11/22/07,,
117-ET-T01,Pre-PQ Process,SO-919,DN-389,Ethiopia,PMO - US,From RDC,N/A - From RDC,N/A,ARV,Adult,SCMS from RDC,"Lamivudine 150mg, tablets, 60 Tabs",Lamivudine,Generic,150mg,Tablet,"Aurobindo Unit III, India",12434,60,3145,9560.8,3.04,0.05,15.3,162,810.86,TRUE,10/31/07,10/31/07,,
114-UG-T01,Pre-PQ Process,SO-1300,DN-435,Uganda,PMO - US,From RDC,N/A - From RDC,Air,ARV,Adult,SCMS from RDC,"Zidovudine 300mg, tablets, 60 Tabs",Zidovudine,Generic,300mg,Tablet,"Aurobindo Unit III, India",12435,60,140,1141,8.15,0.14,1.83,,,FALSE,12/10/07,12/10/07,,
104-CI-T01,Pre-PQ Process,SO-1308,DN-448,Côte d'Ivoire,PMO - US,From RDC,N/A - From RDC,Air,ARV,Adult,SCMS from RDC,"Stavudine 30mg, capsules, 60 Caps",Stavudine,Generic,30mg,Capsule,"Aurobindo Unit III, India",12438,60,6200,10850,1.75,0.03,17.36,354,4147.9,TRUE,12/18/07,12/18/07,,
110-ZM-T01,Pre-PQ Process,SO-1031,DN-454,Zambia,PMO - US,From RDC,N/A - From RDC,Air,ARV,Adult,SCMS from RDC,"Lopinavir/Ritonavir 200/50mg [Aluvia], tablets, 120 Tabs",Lopinavir/Ritonavir,Aluvia,200/50mg,Tablet,ABBVIE (Abbott) Logis. UK,12439,120,12240,503064,41.1,0.34,804.9,2662,9736.5,TRUE,12/6/07,12/6/07,,
110-ZM-T01,Pre-PQ Process,SO-628,DN-493,Zambia,PMO - US,From RDC,N/A - From RDC,N/A,ARV,Pediatric,SCMS from RDC,"Lopinavir/Ritonavir 80/20mg/ml [Kaletra], oral solution, cool, Bottle 5 x 60 ml",Lopinavir/Ritonavir,Kaletra,80/20mg/ml,Oral solution,ABBVIE (Abbott) Logis. UK,12441,300,746,30660.6,41.1,0.14,49.06,88,1566.21,TRUE,12/28/07,12/28/07,,
106-HT-T01,Pre-PQ Process,SO-1289,DN-498,Haiti,PMO - US,From RDC,N/A - From RDC,Air,ARV,Adult,SCMS from RDC,"Nevirapine 200mg, tablets, 60 Tabs",Nevirapine,Generic,200mg,Tablet,"Aurobindo Unit III, India",12443,60,42000,142800,3.4,0.06,228.48,3957,32483.5,TRUE,12/31/07,12/31/07,,
110-ZM-T01,Pre-PQ Process,SO-1316,DN-506,Zambia,PMO - US,From RDC,N/A - From RDC,Truck,ARV,Adult,SCMS from RDC,"Nevirapine 200mg, tablets, 60 Tabs",Nevirapine,Generic,200mg,Tablet,"Cipla, Goa, India",12446,60,77724,264261.6,3.4,0.06,422.82,8554,24405,TRUE,12/19/07,12/19/07,,
117-ET-T01,Pre-PQ Process,SO-1530,DN-537,Ethiopia,PMO - US,From RDC,N/A - From RDC,Air,ARV,Adult,SCMS from RDC,"Nevirapine 200mg, tablets, 60 Tabs",Nevirapine,Generic,200mg,Tablet,"Aurobindo Unit III, India",12447,60,12745,43333,3.4,0.06,69.33,1197,8332,TRUE,12/20/07,12/25/07,,
112-NG-T01,Pre-PQ Process,SO-1430,DN-567,Nigeria,PMO - US,From RDC,N/A - From RDC,Air,ARV,Adult,SCMS from RDC,"Lamivudine/Nevirapine/Zidovudine 150/200/300mg, tablets, 60 Tabs",Lamivudine/Nevirapine/Zidovudine,Generic,150/300/200mg,Tablet - FDC,"Aurobindo Unit III, India",12451,60,4836,99138,20.5,0.34,158.62,531,3228,TRUE,1/16/08,1/24/08,,
104-CI-T01,Pre-PQ Process,SO-1657,DN-568,Côte d'Ivoire,PMO - US,From RDC,N/A - From RDC,Air,ARV,Adult,SCMS from RDC,"Lopinavir/Ritonavir 200/50mg [Aluvia], tablets, 120 Tabs",Lopinavir/Ritonavir,Aluvia,200/50mg,Tablet,ABBVIE Ludwigshafen Germany,12452,120,2121,87173.1,41.1,0.34,139.48,465,2206,TRUE,1/25/08,1/25/08,,
117-ET-T01,Pre-PQ Process,SO-1522,DN-519,Ethiopia,PMO - US,From RDC,N/A - From RDC,Air,ARV,Adult,SCMS from RDC,"Efavirenz 600mg, tablets, 30 Tabs",Efavirenz,Generic,600mg,Tablet,"Aurobindo Unit III, India",12453,30,67624,839890.06,12.42,0.41,1343.82,5840,20222.4,TRUE,1/31/08,1/31/08,,
111-MZ-T01,Pre-PQ Process,SO-1039,DN-601,Mozambique,PMO - US,From RDC,N/A - From RDC,Air,ARV,Adult,SCMS from RDC,"Lamivudine/Nevirapine/Zidovudine 150/200/300mg, tablets, 60 Tabs",Lamivudine/Nevirapine/Zidovudine,Generic,150/300/200mg,Tablet - FDC,"Aurobindo Unit III, India",12454,60,42700,576450,13.5,0.22,922.32,,,FALSE,4/8/08,4/5/08,,
107-RW-T01,Pre-PQ Process,SO-1534,DN-590,Rwanda,PMO - US,From RDC,N/A - From RDC,Air,ARV,Pediatric,SCMS from RDC,"Lamivudine 10mg/ml, oral solution, Bottle, 240 ml",Lamivudine,Generic,10mg/ml,Oral solution,"Aurobindo Unit III, India",12455,240,2000,3940,1.97,0.01,6.3,,,FALSE,2/29/08,2/29/08,,
110-ZM-T01,Pre-PQ Process,SO-1315,DN-508,Zambia,PMO - US,From RDC,N/A - From RDC,N/A,ARV,Adult,SCMS from RDC,"Nevirapine 200mg, tablets, 60 Tabs",Nevirapine,Generic,200mg,Tablet,"Aurobindo Unit III, India",12456,60,58680,199512,3.4,0.06,319.22,5557,15245.25,TRUE,12/28/07,12/28/07,,
110-ZM-T01,Pre-PQ Process,SO-1035,DN-555,Zambia,PMO - US,From RDC,N/A - From RDC,N/A,ARV,Adult,SCMS from RDC,"Efavirenz 600mg, tablets, 30 Tabs",Efavirenz,Generic,600mg,Tablet,Mylan (formerly Matrix) Nashik,12459,30,14465,179655.3,12.42,0.41,287.45,1135,4428.75,TRUE,1/25/08,1/25/08,,
104-CI-T01,Pre-PQ Process,SO-1104,DN-569,Côte d'Ivoire,PMO - US,From RDC,N/A - From RDC,Air,ARV,Pediatric,SCMS from RDC,"Lamivudine 10mg/ml, oral solution, Bottle, 240 ml",Lamivudine,Generic,10mg/ml,Oral solution,"Aurobindo Unit III, India",12460,240,15000,29550,1.97,0.01,47.28,,,FALSE,1/29/08,1/29/08,,
107-RW-T01,Pre-PQ Process,SO-1222,DN-571,Rwanda,PMO - US,From RDC,N/A - From RDC,Air,HRDT,HIV test,SCMS from RDC,"HIV 1/2, Determine HIV Kit, without Lancets, 100 Tests","HIV 1/2, Determine HIV Kit, without Lancets",Determine,N/A,Test kit,Inverness Japan,12461,100,2093,150675.06,71.99,0.72,241.08,,,FALSE,1/28/08,1/28/08,,
107-RW-T01,Pre-PQ Process,SO-1223,DN-572,Rwanda,PMO - US,From RDC,N/A - From RDC,Air,HRDT,HIV test - Ancillary,SCMS from RDC,"HIV, Lancet, Safety, for HIV Test kits, 100 Pcs","HIV, Lancet, Safety, for HIV Test kits, 100 Pcs",Generic,N/A,Test kit - Ancillary,Inverness Japan,12462,100,1250,12.5,0.01,0,0.02,,,FALSE,1/28/08,1/28/08,,
106-HT-T01,Pre-PQ Process,SO-1288,DN-445,Haiti,PMO - US,From RDC,N/A - From RDC,Air,ARV,Adult,SCMS from RDC,"Stavudine 20mg, capsules, 60 Caps",Stavudine,Generic,20mg,Capsule,"Aurobindo Unit III, India",12464,60,100,175,1.75,0.03,0.28,,,FALSE,1/22/08,1/22/08,,
112-NG-T01,Pre-PQ Process,SO-1430,DN-551,Nigeria,PMO - US,From RDC,N/A - From RDC,Air,ARV,Pediatric,SCMS from RDC,"Lamivudine 10mg/ml, oral solution, Bottle, 240 ml",Lamivudine,Generic,10mg/ml,Oral solution,"Aurobindo Unit III, India",12465,240,4,10.36,2.59,0.01,0.02,,,FALSE,1/16/08,1/16/08,,
117-ET-T01,Pre-PQ Process,SO-1529,DN-524,Ethiopia,PMO - US,From RDC,N/A - From RDC,Air,ARV,Pediatric,SCMS from RDC,"Zidovudine 10mg/ml, oral solution, Bottle, 240 ml",Zidovudine,Generic,10mg/ml,Oral solution,"Aurobindo Unit III, India",12470,240,3326,7150.9,2.15,0.01,11.44,1225,4485.25,TRUE,2/4/08,2/4/08,,
104-CI-T01,Pre-PQ Process,SO-1284,DN-610,Côte d'Ivoire,PMO - US,From RDC,N/A - From RDC,Air,ARV,Adult,SCMS from RDC,"Lamivudine/Nevirapine/Stavudine 150/200/30mg, tablets, 60 Tabs",Lamivudine/Nevirapine/Stavudine,Generic,150/200/30mg,Tablet - FDC,"Cipla, Goa, India",12471,60,35600,263440,7.4,0.12,421.5,3731,6778.91,TRUE,2/5/08,2/19/08,,
104-CI-T01,Pre-PQ Process,SO-1663,DN-611,Côte d'Ivoire,PMO - US,From RDC,N/A - From RDC,Air,ARV,Adult,SCMS from RDC,"Lamivudine/Zidovudine 150/300mg, tablets, 60 Tabs",Lamivudine/Zidovudine,Generic,150/300mg,Tablet - FDC,"Aurobindo Unit III, India",12472,60,371,3524.5,9.5,0.16,5.64,4689,8321.29,TRUE,3/6/08,2/19/08,,
113-ZW-T01,Pre-PQ Process,SO-1874,DN-803,Zimbabwe,PMO - US,From RDC,N/A - From RDC,Air,HRDT,HIV test,SCMS from RDC,"HIV 1/2, Bioline 3.0 Kit, Lancets, Capillary pipets, Alcohol swabs included, 25 Tests","HIV 1/2, Bioline 3.0 Kit, Lancets, Capillary pipets, Alcohol swabs included",Bioline,N/A,Test kit,"Standard Diagnostics, Korea",12473,25,9700,194000,20,0.8,310.4,2907,12781.58,TRUE,7/1/08,7/1/08,,
106-HT-T01,Pre-PQ Process,SO-2071,DN-693,Haiti,PMO - US,From RDC,N/A - From RDC,Air,ARV,Pediatric,SCMS from RDC,"Efavirenz 30mg/ml [Stocrin/Sustiva], oral solution, Bottle, 180 ml",Efavirenz,Stocrin/Sustiva,30mg/ml,Oral solution,"MSD, Haarlem, NL",12475,180,70,1187.2,16.96,0.09,1.9,30,933.09,TRUE,4/11/08,4/11/08,,
106-HT-T01,Pre-PQ Process,SO-2071,DN-693,Haiti,PMO - US,From RDC,N/A - From RDC,Air,ARV,Pediatric,SCMS from RDC,"Efavirenz 30mg/ml [Stocrin/Sustiva], oral solution, Bottle, 180 ml",Efavirenz,Stocrin/Sustiva,30mg/ml,Oral solution,"MSD, Haarlem, NL",12476,180,31,525.76,16.96,0.09,0.84,,,FALSE,4/11/08,4/11/08,,
112-NG-T01,Pre-PQ Process,SO-2351,DN-717,Nigeria,PMO - US,From RDC,N/A - From RDC,Air,ARV,Adult,SCMS from RDC,"Stavudine 30mg, capsules, 60 Caps",Stavudine,Generic,30mg,Capsule,"Aurobindo Unit III, India",12477,60,1521,2311.92,1.52,0.03,3.7,,,FALSE,4/18/08,4/18/08,,
112-NG-T01,Pre-PQ Process,SO-2351,DN-717,Nigeria,PMO - US,From RDC,N/A - From RDC,Air,ARV,Adult,SCMS from RDC,"Stavudine 30mg, capsules, 60 Caps",Stavudine,Generic,30mg,Capsule,"Aurobindo Unit III, India",12478,60,420,638.4,1.52,0.03,1.02,,,FALSE,4/18/08,4/18/08,,
112-NG-T01,Pre-PQ Process,SO-2351,DN-717,Nigeria,PMO - US,From RDC,N/A - From RDC,Air,ARV,Adult,SCMS from RDC,"Efavirenz 600mg, tablets, 30 Tabs",Efavirenz,Generic,600mg,Tablet,"Aurobindo Unit III, India",12479,30,3077,36954.77,12.01,0.4,59.13,,,FALSE,4/18/08,4/18/08,,
112-NG-T01,Pre-PQ Process,SO-2351,DN-717,Nigeria,PMO - US,From RDC,N/A - From RDC,Air,ARV,Adult,SCMS from RDC,"Abacavir 300mg, tablets, 60 Tabs",Abacavir,Generic,300mg,Tablet,Mylan (formerly Matrix) Nashik,12480,60,15,412.95,27.53,0.46,0.66,,,FALSE,4/18/08,4/18/08,,
109-TZ-T01,Pre-PQ Process,SO-2560,DN-826,Tanzania,PMO - US,From RDC,N/A - From RDC,Air,ARV,Adult,SCMS from RDC,"Lamivudine/Zidovudine 150/300mg, tablets, 60 Tabs",Lamivudine/Zidovudine,Generic,150/300mg,Tablet - FDC,"Aurobindo Unit III, India",12481,60,122590,1158475.5,9.45,0.16,1853.56,,,FALSE,7/29/08,7/29/08,,
113-ZW-T01,Pre-PQ Process,SO-2790,DN-798,Zimbabwe,PMO - US,From RDC,N/A - From RDC,Truck,ARV,Adult,SCMS from RDC,"Lamivudine/Nevirapine/Stavudine 150/200/30mg, tablets, 60 Tabs",Lamivudine/Nevirapine/Stavudine,Generic,150/200/30mg,Tablet - FDC,"Cipla, Goa, India",12482,60,9732,72016.8,7.4,0.12,115.23,911,2705.71,TRUE,7/30/08,7/30/08,,
106-HT-T01,Pre-PQ Process,SO-1916,DN-658,Haiti,PMO - US,From RDC,N/A - From RDC,Air,HRDT,HIV test,SCMS from RDC,"HIV 1/2, Determine HIV Kit, without Lancets, 100 Tests","HIV 1/2, Determine HIV Kit, without Lancets",Determine,N/A,Test kit,Inverness Japan,12483,100,345,23115,67,0.67,36.98,60,1328.2,TRUE,3/19/08,3/19/08,,
109-TZ-T01,Pre-PQ Process,SO-2556,DN-748,Tanzania,PMO - US,From RDC,N/A - From RDC,Truck,ARV,Adult,SCMS from RDC,"Efavirenz 600mg, tablets, 30 Tabs",Efavirenz,Generic,600mg,Tablet,"Aurobindo Unit III, India",12484,30,75000,900750,12.01,0.4,1441.2,15566,9330,TRUE,6/30/08,6/30/08,,
110-ZM-T01,Pre-PQ Process,SO-1992,DN-689,Zambia,PMO - US,From RDC,N/A - From RDC,Air,ARV,Adult,SCMS from RDC,"Lamivudine/Zidovudine 150/300mg, tablets, 60 Tabs",Lamivudine/Zidovudine,Generic,150/300mg,Tablet - FDC,"Aurobindo Unit III, India",12485,60,6597,62671.5,9.5,0.16,100.27,617,2891.6,TRUE,4/3/08,4/3/08,,
109-TZ-T01,Pre-PQ Process,SO-2559,DN-791,Tanzania,PMO - US,From RDC,N/A - From RDC,Air,ARV,Adult,SCMS from RDC,"Lamivudine/Nevirapine/Stavudine 150/200/30mg, tablets, 60 Tabs",Lamivudine/Nevirapine/Stavudine,Generic,150/200/30mg,Tablet - FDC,"Cipla, Goa, India",12486,60,155319,1149360.6,7.4,0.12,1838.98,28334,80239.66,TRUE,9/16/08,9/16/08,,
112-NG-T01,Pre-PQ Process,SO-1571,DN-620,Nigeria,PMO - US,From RDC,N/A - From RDC,Air,ARV,Adult,SCMS from RDC,"Lamivudine/Nevirapine/Zidovudine 150/200/300mg, tablets, 60 Tabs",Lamivudine/Nevirapine/Zidovudine,Generic,150/300/200mg,Tablet - FDC,"Cipla, Goa, India",12487,60,8940,120690,13.5,0.22,193.1,,,FALSE,2/14/08,2/14/08,,
111-MZ-T01,Pre-PQ Process,SO-2015,DN-665,Mozambique,PMO - US,From RDC,N/A - From RDC,Air,ARV,Adult,SCMS from RDC,"Efavirenz 600mg, tablets, 30 Tabs",Efavirenz,Generic,600mg,Tablet,"Aurobindo Unit III, India",12488,30,33787,419634.53,12.42,0.41,671.42,6081,3316.9,TRUE,6/5/08,6/5/08,,
106-HT-T01,Pre-PQ Process,SO-2053,DN-744,Haiti,PMO - US,From RDC,N/A - From RDC,Air,ARV,Adult,SCMS from RDC,"Stavudine 20mg, capsules, 60 Caps",Stavudine,Generic,20mg,Capsule,"Aurobindo Unit III, India",12490,60,39,68.25,1.75,0.03,0.11,,,FALSE,6/2/08,6/2/08,,
110-ZM-T01,Pre-PQ Process,SO-1806,DN-625,Zambia,PMO - US,From RDC,N/A - From RDC,N/A,ARV,Adult,SCMS from RDC,"Nevirapine 200mg, tablets, 60 Tabs",Nevirapine,Generic,200mg,Tablet,Hetero Unit III Hyderabad IN,12492,60,40000,136000,3.4,0.06,217.6,,,FALSE,3/28/08,3/28/08,,
114-UG-T01,Pre-PQ Process,SO-2341,DN-714,Uganda,PMO - US,From RDC,N/A - From RDC,Air,ARV,Adult,SCMS from RDC,"Lamivudine/Zidovudine 150/300mg, tablets, 60 Tabs",Lamivudine/Zidovudine,Generic,150/300mg,Tablet - FDC,"Aurobindo Unit III, India",12493,60,800,7560,9.45,0.16,12.1,75,935.8,TRUE,5/19/08,5/19/08,,
109-TZ-T01,Pre-PQ Process,SO-2558,DN-764,Tanzania,PMO - US,From RDC,N/A - From RDC,Truck,ARV,Adult,SCMS from RDC,"Lamivudine/Zidovudine 150/300mg, tablets, 60 Tabs",Lamivudine/Zidovudine,Generic,150/300mg,Tablet - FDC,"Aurobindo Unit III, India",12495,60,112191,1060205,9.45,0.16,1696.33,10453,8831.92,TRUE,6/30/08,6/30/08,,
123-NG-T01,Pre-PQ Process,SO-2553,DN-836,Nigeria,PMO - US,From RDC,N/A - From RDC,Air,ARV,Pediatric,SCMS from RDC,"Efavirenz 200mg, capsule, 90 Caps",Efavirenz,Generic,200mg,Capsule,"Aurobindo Unit III, India",12496,90,1132,18112,16,0.18,28.98,,,FALSE,7/31/08,7/31/08,,
104-CI-T01,Pre-PQ Process,SO-2043,DN-684,Côte d'Ivoire,PMO - US,From RDC,N/A - From RDC,Air,ARV,Pediatric,SCMS from RDC,"Stavudine 1mg/ml, powder for oral solution, 200 ml",Stavudine,Generic,1mg/ml,Oral solution,"Aurobindo Unit III, India",12497,200,1971,2759.4,1.4,0.01,4.42,,,FALSE,4/8/08,4/8/08,,
117-ET-T01,Pre-PQ Process,SO-2358,DN-720,Ethiopia,PMO - US,From RDC,N/A - From RDC,Air,ARV,Pediatric,SCMS from RDC,"Stavudine 1mg/ml, powder for oral solution, 200 ml",Stavudine,Generic,1mg/ml,Oral solution,"Aurobindo Unit III, India",12498,200,3000,4200,1.4,0.01,6.72,342,1850.7,TRUE,4/21/08,4/21/08,,
102-KE-T01,Pre-PQ Process,SO-1975,DN-675,Kenya,PMO - US,From RDC,N/A - From RDC,Truck,HRDT,HIV test - Ancillary,SCMS from RDC,"HIV, Lancet, Safety, for HIV Test kits, 100 Pcs","HIV, Lancet, Safety, for HIV Test kits, 100 Pcs",Generic,N/A,Test kit - Ancillary,Inverness Japan,12499,100,1550,15.5,0.01,0,0.02,,,FALSE,3/5/08,3/5/08,,
106-HT-T01,Pre-PQ Process,SO-2042,DN-682,Haiti,PMO - US,From RDC,N/A - From RDC,Air,ARV,Adult,SCMS from RDC,"Stavudine 30mg, capsules, 60 Caps",Stavudine,Generic,30mg,Capsule,"Aurobindo Unit III, India",12500,60,7770,11810.4,1.52,0.03,18.9,,,FALSE,3/21/08,3/21/08,,
104-CI-T01,Pre-PQ Process,SO-791,DN-641,Côte d'Ivoire,PMO - US,From RDC,N/A - From RDC,N/A,HRDT,HIV test,SCMS from RDC,"HIV 1/2, Determine HIV Kit, without Lancets, 100 Tests","HIV 1/2, Determine HIV Kit, without Lancets",Determine,N/A,Test kit,Inverness Japan,12501,100,1505,108344.95,71.99,0.72,173.35,,,FALSE,3/3/08,3/3/08,,
109-TZ-T01,Pre-PQ Process,SO-1652,DN-637,Tanzania,PMO - US,From RDC,N/A - From RDC,Air,ARV,Adult,SCMS from RDC,"Lamivudine/Zidovudine 150/300mg, tablets, 60 Tabs",Lamivudine/Zidovudine,Generic,150/300mg,Tablet - FDC,"Aurobindo Unit III, India",12502,60,48610,461795,9.5,0.16,738.87,,,FALSE,3/28/08,3/28/08,,
106-HT-T01,Pre-PQ Process,SO-2069,DN-704,Haiti,PMO - US,From RDC,N/A - From RDC,Air,ARV,Adult,SCMS from RDC,"Zidovudine 300mg, tablets, 60 Tabs",Zidovudine,Generic,300mg,Tablet,"Aurobindo Unit III, India",12503,60,3115,25387.25,8.15,0.14,40.62,178,2599,TRUE,4/21/08,4/21/08,,
109-TZ-T01,Pre-PQ Process,SO-2001,DN-757,Tanzania,PMO - US,From RDC,N/A - From RDC,Air,ARV,Adult,SCMS from RDC,"Lamivudine/Zidovudine 150/300mg, tablets, 60 Tabs",Lamivudine/Zidovudine,Generic,150/300mg,Tablet - FDC,"Aurobindo Unit III, India",12504,60,6722,63859,9.5,0.16,102.17,634,1108.08,TRUE,6/30/08,6/30/08,,
110-ZM-T01,Pre-PQ Process,SO-1894,DN-808,Zambia,PMO - US,From RDC,N/A - From RDC,Truck,ARV,Adult,SCMS from RDC,"Efavirenz 600mg, tablets, 30 Tabs",Efavirenz,Generic,600mg,Tablet,Mylan (formerly Matrix) Nashik,12505,30,55000,660550,12.01,0.4,1056.88,3925,2196.18,TRUE,7/23/08,7/23/08,,
104-CI-T01,Pre-PQ Process,SO-1307,DN-626,Côte d'Ivoire,PMO - US,From RDC,N/A - From RDC,Air,ARV,Adult,SCMS from RDC,"Nevirapine 200mg, tablets, 60 Tabs",Nevirapine,Generic,200mg,Tablet,"Aurobindo Unit III, India",12506,60,17621,59911.4,3.4,0.06,95.86,1650,3428.5,TRUE,2/27/08,2/27/08,,
104-CI-T01,Pre-PQ Process,SO-1838,DN-632,Côte d'Ivoire,PMO - US,From RDC,N/A - From RDC,Air,HRDT,HIV test,SCMS from RDC,"HIV 1/2, Determine HIV Kit, without Lancets, 100 Tests","HIV 1/2, Determine HIV Kit, without Lancets",Determine,N/A,Test kit,Inverness Japan,12507,100,250,17997.5,71.99,0.72,28.8,,,FALSE,3/13/08,3/13/08,,
113-ZW-T01,Pre-PQ Process,SO-1922,DN-644,Zimbabwe,PMO - US,From RDC,N/A - From RDC,Truck,ARV,Adult,SCMS from RDC,"Zidovudine 300mg, tablets, 60 Tabs",Zidovudine,Generic,300mg,Tablet,"Aurobindo Unit III, India",12508,60,6295,51304.25,8.15,0.14,82.09,,,FALSE,3/12/08,3/12/08,,
106-HT-T01,Pre-PQ Process,SO-2348,DN-745,Haiti,PMO - US,From RDC,N/A - From RDC,Air,ARV,Adult,SCMS from RDC,"Zidovudine 300mg, tablets, 60 Tabs",Zidovudine,Generic,300mg,Tablet,"Aurobindo Unit III, India",12509,60,1925,15688.75,8.15,0.14,25.1,111,1355.06,TRUE,6/2/08,6/2/08,,
102-KE-T01,Pre-PQ Process,SO-2692,DN-760,Kenya,PMO - US,From RDC,N/A - From RDC,Truck,HRDT,HIV test - Ancillary,SCMS from RDC,"HIV, Lancet, Safety, for HIV Test kits, 100 Pcs","HIV, Lancet, Safety, for HIV Test kits, 100 Pcs",Generic,N/A,Test kit - Ancillary,Inverness Japan,12510,100,1000,10,0.01,0,0.02,,,FALSE,5/26/08,5/26/08,,
106-HT-T01,Pre-PQ Process,SO-2055,DN-690,Haiti,PMO - US,From RDC,N/A - From RDC,Air,ARV,Adult,SCMS from RDC,"Lopinavir/Ritonavir 200/50mg [Aluvia], tablets, 120 Tabs",Lopinavir/Ritonavir,Aluvia,200/50mg,Tablet,ABBVIE Ludwigshafen Germany,12511,120,240,9864,41.1,0.34,15.78,,,FALSE,4/14/08,4/14/08,,
100-PK-T01,Pre-PQ Process,SO-2497,DN-741,Pakistan,PMO - US,From RDC,N/A - From RDC,Air,HRDT,HIV test,SCMS from RDC,"HIV 1/2, Uni-Gold HIV Kit, 20 Tests","HIV 1/2, Uni-Gold HIV Kit",Uni-Gold,N/A,Test kit,"Trinity Biotech, Plc",12513,20,10,320,32,1.6,0.51,3,400.75,TRUE,5/20/08,5/20/08,,
111-MZ-T01,Pre-PQ Process,SO-1882,DN-817,Mozambique,PMO - US,From RDC,N/A - From RDC,Air,ARV,Adult,SCMS from RDC,"Lamivudine/Nevirapine/Stavudine 150/200/30mg, tablets, 60 Tabs",Lamivudine/Nevirapine/Stavudine,Generic,150/200/30mg,Tablet - FDC,"Strides, Bangalore, India.",12515,60,138325,995940,7.2,0.12,1593.5,,,FALSE,8/7/08,8/7/08,,
109-TZ-T01,Pre-PQ Process,SO-2564,DN-751,Tanzania,PMO - US,From RDC,N/A - From RDC,Air,ARV,Adult,SCMS from RDC,"Stavudine 30mg, capsules, 60 Caps",Stavudine,Generic,30mg,Capsule,"Aurobindo Unit III, India",12516,60,75318,114483.36,1.52,0.03,183.17,5040,22965.4,TRUE,7/1/08,7/1/08,,
109-TZ-T01,Pre-PQ Process,SO-1696,DN-763,Tanzania,PMO - US,From RDC,N/A - From RDC,Air,ARV,Adult,SCMS from RDC,"Efavirenz 600mg, tablets, 30 Tabs",Efavirenz,Generic,600mg,Tablet,"Aurobindo Unit III, India",12517,30,101445,1259946.9,12.42,0.41,2015.92,,,FALSE,7/9/08,7/9/08,,
109-TZ-T01,Pre-PQ Process,SO-1696,DN-763,Tanzania,PMO - US,From RDC,N/A - From RDC,Air,ARV,Adult,SCMS from RDC,"Lamivudine/Zidovudine 150/300mg, tablets, 60 Tabs",Lamivudine/Zidovudine,Generic,150/300mg,Tablet - FDC,"Aurobindo Unit III, India",12518,60,58086,551817,9.5,0.16,882.91,,,FALSE,7/9/08,7/9/08,,
114-UG-T01,Pre-PQ Process,SO-2677,DN-789,Uganda,PMO - US,From RDC,N/A - From RDC,Air,ARV,Adult,SCMS from RDC,"Stavudine 30mg, capsules, 60 Caps",Stavudine,Generic,30mg,Capsule,"Aurobindo Unit III, India",12519,60,500,775,1.55,0.03,1.24,33,578.24,TRUE,7/10/08,7/10/08,,
111-MZ-T01,Pre-PQ Process,SO-15084,DN-1024,Mozambique,PMO - US,From RDC,N/A - From RDC,Air,ARV,Pediatric,SCMS from RDC,"Efavirenz 200mg, capsule, 90 Caps",Efavirenz,Generic,200mg,Capsule,"Aurobindo Unit III, India",12521,90,560,8545.6,15.26,0.17,16.75,,,FALSE,2/9/09,2/9/09,,
111-MZ-T01,Pre-PQ Process,SO-18330,DN-1002,Mozambique,PMO - US,From RDC,N/A - From RDC,Air,ARV,Adult,SCMS from RDC,"Ritonavir 100mg [Norvir], capsules, cool, 4 x 84 Caps",Ritonavir,Norvir,100mg,Capsule,ABBVIE (Abbott) France,12522,336,180,0,0,0,0,256,2765.64,TRUE,11/27/08,11/27/08,,
102-KE-T01,Pre-PQ Process,SO-11440,DN-965,Kenya,PMO - US,From RDC,N/A - From RDC,Truck,HRDT,HIV test,SCMS from RDC,"HIV 1/2, Determine HIV Kit, without Lancets, 100 Tests","HIV 1/2, Determine HIV Kit, without Lancets",Determine,N/A,Test kit,Inverness Japan,12523,100,5000,399950,79.99,0.8,783.9,,,FALSE,10/23/08,10/23/08,,
105-GY-T01,Pre-PQ Process,SO-18470,DN-1017,Guyana,PMO - US,From RDC,N/A - From RDC,Air,ARV,Adult,SCMS from RDC,"Lamivudine 150mg, tablets, 60 Tabs",Lamivudine,Generic,150mg,Tablet,"Aurobindo Unit III, India",12524,60,420,1218,2.9,0.05,2.39,,,FALSE,11/21/08,11/21/08,,
110-ZM-T01,Pre-PQ Process,SO-2494,DN-1005,Zambia,PMO - US,From RDC,N/A - From RDC,Truck,ARV,Adult,SCMS from RDC,"Nevirapine 200mg, tablets, 60 Tabs",Nevirapine,Generic,200mg,Tablet,Hetero Unit III Hyderabad IN,12525,60,50000,170000,3.4,0.06,333.2,2809,3629.37,TRUE,12/1/08,12/1/08,,
110-ZM-T01,Pre-PQ Process,SO-15290,DN-999,Zambia,PMO - US,From RDC,N/A - From RDC,Air,ARV,Pediatric,SCMS from RDC,"Zidovudine 10mg/ml, oral solution, Bottle, 240 ml",Zidovudine,Generic,10mg/ml,Oral solution,"Aurobindo Unit III, India",12526,240,1800,3780,2.1,0.01,7.41,671,5110.76,TRUE,11/14/08,11/14/08,,
112-NG-T01,Pre-PQ Process,SO-11020,DN-1013,Nigeria,PMO - US,From RDC,N/A - From RDC,Air,ARV,Pediatric,SCMS from RDC,"Stavudine 1mg/ml, powder for oral solution, 200 ml",Stavudine,Generic,1mg/ml,Oral solution,"Aurobindo Unit III, India",12527,200,36,50.4,1.4,0.01,0.1,4,857.17,TRUE,11/20/08,11/20/08,,
100-PK-T01,Pre-PQ Process,SO-14930,DN-1004,Pakistan,PMO - US,From RDC,N/A - From RDC,Air,HRDT,HIV test,SCMS from RDC,"HIV 1/2, Bioline 3.0 Kit, Lancets, Capillary pipets, Alcohol swabs included, 25 Tests","HIV 1/2, Bioline 3.0 Kit, Lancets, Capillary pipets, Alcohol swabs included",Bioline,N/A,Test kit,"Standard Diagnostics, Korea",12530,25,16,320,20,0.8,0.63,,,FALSE,11/17/08,11/17/08,,
132-NG-T01,Pre-PQ Process,SO-2681,DN-843,Nigeria,PMO - US,From RDC,N/A - From RDC,Air,ARV,Adult,SCMS from RDC,"Emtricitabine/Tenofovir Disoproxil Fumarate 200/300mg [Truvada], tablets, 30 Tabs",Emtricitabine/Tenofovir Disoproxil Fumarate,Truvada,300/200mg,Tablet - FDC,"Aspen-OSD, Port Elizabeth, SA",12531,30,15000,393750,26.25,0.88,630,1309,7463.74,TRUE,7/28/08,7/28/08,,
110-ZM-T01,Pre-PQ Process,SO-2482,DN-938,Zambia,PMO - US,From RDC,N/A - From RDC,Truck,ARV,Adult,SCMS from RDC,"Efavirenz 600mg, tablets, 30 Tabs",Efavirenz,Generic,600mg,Tablet,Mylan (formerly Matrix) Nashik,12532,30,50000,600500,12.01,0.4,960.8,3817,4579.42,TRUE,10/6/08,10/6/08,,
110-ZM-T01,Pre-PQ Process,SO-16670,DN-993,Zambia,PMO - US,From RDC,N/A - From RDC,Truck,ARV,Adult,SCMS from RDC,"Nevirapine 200mg, tablets, 60 Tabs",Nevirapine,Generic,200mg,Tablet,Hetero Unit III Hyderabad IN,12533,60,138,469.2,3.4,0.06,0.92,,,FALSE,12/1/08,12/1/08,,
102-KE-T01,Pre-PQ Process,SO-11480,DN-994,Kenya,PMO - US,From RDC,N/A - From RDC,Truck,HRDT,HIV test,SCMS from RDC,"HIV 1/2, Uni-Gold HIV Kit, 20 Tests","HIV 1/2, Uni-Gold HIV Kit",Uni-Gold,N/A,Test kit,"Trinity Biotech, Plc",12534,20,1250,40000,32,1.6,78.4,393,157.5,TRUE,10/31/08,10/31/08,,
123-NG-T01,Pre-PQ Process,SO-11231,DN-862,Nigeria,PMO - US,From RDC,N/A - From RDC,Air,ARV,Adult,SCMS from RDC,"Emtricitabine/Tenofovir Disoproxil Fumarate 200/300mg [Truvada], tablets, 30 Tabs",Emtricitabine/Tenofovir Disoproxil Fumarate,Truvada,300/200mg,Tablet - FDC,"Aspen-OSD, Port Elizabeth, SA",12535,30,20000,525000,26.25,0.88,840,1741,10665.71,TRUE,7/31/08,7/31/08,,
114-UG-T01,Pre-PQ Process,SO-17450,DN-970,Uganda,PMO - US,From RDC,N/A - From RDC,Ocean,ARV,Adult,SCMS from RDC,"Lamivudine/Stavudine 150/30mg, tablets, 30 Tabs",Lamivudine/Stavudine,Generic,150/30mg,Tablet - FDC,"Cipla, Goa, India",12536,30,1166,2332,2,0.07,4.57,71,1240,TRUE,2/2/09,2/2/09,,
111-MZ-T01,Pre-PQ Process,SO-2424,DN-850,Mozambique,PMO - US,From RDC,N/A - From RDC,Air,ARV,Adult,SCMS from RDC,"Efavirenz 600mg, tablets, 30 Tabs",Efavirenz,Generic,600mg,Tablet,"Aurobindo Unit III, India",12537,30,9650,115896.5,12.01,0.4,185.43,,,FALSE,9/5/08,9/5/08,,
111-MZ-T01,Pre-PQ Process,SO-2424,DN-850,Mozambique,PMO - US,From RDC,N/A - From RDC,Air,ARV,Adult,SCMS from RDC,"Lamivudine/Nevirapine/Zidovudine 150/200/300mg, tablets, 60 Tabs",Lamivudine/Nevirapine/Zidovudine,Generic,150/300/200mg,Tablet - FDC,"Aurobindo Unit III, India",12538,60,16990,229365,13.5,0.22,366.98,,,FALSE,9/5/08,9/5/08,,
111-MZ-T01,Pre-PQ Process,SO-2424,DN-850,Mozambique,PMO - US,From RDC,N/A - From RDC,Air,ARV,Adult,SCMS from RDC,"Lamivudine 150mg, tablets, 60 Tabs",Lamivudine,Generic,150mg,Tablet,Hetero Unit III Hyderabad IN,12539,60,120,349.2,2.91,0.05,0.56,,,FALSE,9/5/08,9/5/08,,
104-CI-T01,Pre-PQ Process,SO-21870,DN-1087,Côte d'Ivoire,PMO - US,From RDC,N/A - From RDC,Air,ARV,Adult,SCMS from RDC,"Nevirapine 200mg, tablets, 60 Tabs",Nevirapine,Generic,200mg,Tablet,"Aurobindo Unit III, India",12541,60,22566,67698,3,0.05,132.69,2113,5574.06,TRUE,3/2/09,3/2/09,,
114-UG-T01,Pre-PQ Process,SO-17752,DN-1093,Uganda,PMO - US,From RDC,N/A - From RDC,Air,ARV,Adult,SCMS from RDC,"Lamivudine/Nevirapine/Zidovudine 150/200/300mg, tablets, 60 Tabs",Lamivudine/Nevirapine/Zidovudine,Generic,150/300/200mg,Tablet - FDC,"Aurobindo Unit III, India",12542,60,88,1038.4,11.8,0.2,2.04,10,1002.2,TRUE,3/3/09,3/3/09,,
114-UG-T01,Pre-PQ Process,SO-17911,DN-1094,Uganda,PMO - US,From RDC,N/A - From RDC,Air,ARV,Adult,SCMS from RDC,"Efavirenz 600mg, tablets, 30 Tabs",Efavirenz,Generic,600mg,Tablet,"Aurobindo Unit III, India",12543,30,9,99,11,0.37,0.19,1,966.37,TRUE,3/19/09,3/19/09,,
114-UG-T01,Pre-PQ Process,SO-17700,DN-992,Uganda,PMO - US,From RDC,N/A - From RDC,Air,ARV,Adult,SCMS from RDC,"Lamivudine/Nevirapine/Stavudine 150/200/30mg, tablets, 60 Tabs",Lamivudine/Nevirapine/Stavudine,Generic,150/200/30mg,Tablet - FDC,"Strides, Bangalore, India.",12544,60,965,6948,7.2,0.12,13.62,,,FALSE,1/9/09,1/9/09,,
123-NG-T01,Pre-PQ Process,SO-23040,DN-1106,Nigeria,PMO - US,From RDC,N/A - From RDC,Air,ARV,Adult,SCMS from RDC,"Stavudine 30mg, capsules, 60 Caps",Stavudine,Generic,30mg,Capsule,"Aurobindo Unit III, India",12545,60,11142,17270.1,1.55,0.03,33.85,739,6315.3,TRUE,2/26/09,2/26/09,,
104-CI-T01,Pre-PQ Process,SO-21842,DN-1097,Côte d'Ivoire,PMO - US,From RDC,N/A - From RDC,Air,ARV,Pediatric,SCMS from RDC,"Zidovudine 10mg/ml, oral solution, Bottle, 240 ml",Zidovudine,Generic,10mg/ml,Oral solution,"Aurobindo Unit III, India",12546,240,1643,3450.3,2.1,0.01,6.76,483,7293.9,TRUE,3/18/09,3/18/09,,
114-UG-T01,Pre-PQ Process,SO-17754,DN-1125,Uganda,PMO - US,From RDC,N/A - From RDC,Air,ARV,Adult,SCMS from RDC,"Emtricitabine/Tenofovir Disoproxil Fumarate 200/300mg [Truvada], tablets, 30 Tabs",Emtricitabine/Tenofovir Disoproxil Fumarate,Truvada,300/200mg,Tablet - FDC,"Aspen-OSD, Port Elizabeth, SA",12547,30,328,8610,26.25,0.88,16.88,,,FALSE,4/8/09,4/8/09,,
112-NG-T01,Pre-PQ Process,SO-2728,DN-917,Nigeria,PMO - US,From RDC,N/A - From RDC,Air,ARV,Adult,SCMS from RDC,"Efavirenz 600mg, tablets, 30 Tabs",Efavirenz,Generic,600mg,Tablet,"Aurobindo Unit III, India",12548,30,1957,22936.04,11.72,0.39,36.7,,,FALSE,9/24/08,9/24/08,,
106-HT-T01,Pre-PQ Process,SO-15930,DN-944,Haiti,PMO - US,From RDC,N/A - From RDC,Air,ARV,Adult,SCMS from RDC,"Efavirenz 600mg, tablets, 30 Tabs",Efavirenz,Generic,600mg,Tablet,"Aurobindo Unit III, India",12549,30,24599,270589,11,0.37,530.35,,,FALSE,11/4/08,11/4/08,,
131-NG-T01,Pre-PQ Process,SO-15051,DN-1057,Nigeria,PMO - US,From RDC,N/A - From RDC,Air,ARV,Adult,SCMS from RDC,"Efavirenz 600mg, tablets, 30 Tabs",Efavirenz,Generic,600mg,Tablet,"Aurobindo Unit III, India",12550,30,14000,154000,11,0.37,301.84,1169,13538.35,TRUE,1/19/09,1/19/09,,
130-NG-T01,Pre-PQ Process,SO-10540,DN-844,Nigeria,PMO - US,From RDC,N/A - From RDC,Air,ARV,Adult,SCMS from RDC,"Nevirapine 200mg, tablets, 60 Tabs",Nevirapine,Generic,200mg,Tablet,"Aurobindo Unit III, India",12551,60,1672,5684.8,3.4,0.06,9.1,,,FALSE,7/24/08,7/24/08,,
114-UG-T01,Pre-PQ Process,SO-17900,DN-987,Uganda,PMO - US,From RDC,N/A - From RDC,Air,ARV,Adult,SCMS from RDC,"Lamivudine/Stavudine 150/30mg, tablets, 30 Tabs",Lamivudine/Stavudine,Generic,150/30mg,Tablet - FDC,"Cipla, Goa, India",12552,30,938,1876,2,0.07,3.68,,,FALSE,1/6/09,1/6/09,,
117-ET-T01,Pre-PQ Process,SO-22000,DN-1060,Ethiopia,PMO - US,From RDC,N/A - From RDC,Air,ARV,Adult,SCMS from RDC,"Tenofovir Disoproxil Fumarate 300mg, tablets, 30 Tabs",Tenofovir Disoproxil Fumarate,Generic,300mg,Tablet,Mylan (formerly Matrix) Nashik,12553,30,3100,41168,13.28,0.44,80.69,,,FALSE,2/18/09,2/18/09,,
117-ET-T01,Pre-PQ Process,SO-22010,DN-1061,Ethiopia,PMO - US,From RDC,N/A - From RDC,Air,ARV,Adult,SCMS from RDC,"Lamivudine/Nevirapine/Stavudine 150/200/30mg, tablets, 60 Tabs",Lamivudine/Nevirapine/Stavudine,Generic,150/200/30mg,Tablet - FDC,"Cipla, Goa, India",12554,60,17103,121773.36,7.12,0.12,238.68,,,FALSE,1/29/09,1/29/09,,
123-NG-T01,Pre-PQ Process,SO-2554,DN-960,Nigeria,PMO - US,From RDC,N/A - From RDC,Air,ARV,Adult,SCMS from RDC,"Lamivudine/Zidovudine 150/300mg, tablets, 60 Tabs",Lamivudine/Zidovudine,Generic,150/300mg,Tablet - FDC,Mylan (formerly Matrix) Nashik,12555,60,2708,25590.6,9.45,0.16,50.16,,,FALSE,10/30/08,10/30/08,,
104-CI-T01,Pre-PQ Process,SO-21840,DN-1120,Côte d'Ivoire,PMO - US,From RDC,N/A - From RDC,Air,ARV,Adult,SCMS from RDC,"Efavirenz 600mg, tablets, 30 Tabs",Efavirenz,Generic,600mg,Tablet,"Aurobindo Unit III, India",12556,30,36391,386472.4,10.62,0.35,757.49,4156,11180.32,TRUE,5/26/09,5/26/09,,
104-CI-T01,Pre-PQ Process,SO-21840,DN-1120,Côte d'Ivoire,PMO - US,From RDC,N/A - From RDC,Air,ARV,Pediatric,SCMS from RDC,"Lamivudine 10mg/ml, oral solution, Bottle, 240 ml",Lamivudine,Generic,10mg/ml,Oral solution,"Aurobindo Unit III, India",12557,240,3060,5814,1.9,0.01,11.4,,,FALSE,5/26/09,5/26/09,,
151-NG-T01,Pre-PQ Process,SO-21801,DN-1135,Nigeria,PMO - US,From RDC,N/A - From RDC,Air Charter,ARV,Adult,SCMS from RDC,"Lamivudine/Nevirapine/Zidovudine 150/200/300mg, tablets, 60 Tabs",Lamivudine/Nevirapine/Zidovudine,Generic,150/300/200mg,Tablet - FDC,"Aurobindo Unit III, India",12558,60,15944,181761.6,11.4,0.19,356.25,1793,11492.86,TRUE,3/19/09,3/19/09,,
104-CI-T01,Pre-PQ Process,SO-27030,DN-1161,Côte d'Ivoire,PMO - US,From RDC,N/A - From RDC,Air,ARV,Pediatric,SCMS from RDC,"Lopinavir/Ritonavir 80/20mg/ml [Kaletra], oral solution, cool, Bottle 5 x 60 ml",Lopinavir/Ritonavir,Kaletra,80/20mg/ml,Oral solution,ABBVIE (Abbott) Logis. UK,12560,300,896,36825.6,41.1,0.14,72.18,,,TRUE,3/20/09,3/20/09,,
110-ZM-T01,Pre-PQ Process,SO-2478,DN-981,Zambia,PMO - US,From RDC,N/A - From RDC,Truck,ARV,Pediatric,SCMS from RDC,"Didanosine 100mg, chewable/dispersible tablets, 60 Tabs",Didanosine,Generic,100mg,Chewable/dispersible tablet,"Aurobindo Unit III, India",12561,60,4200,32550,7.75,0.13,63.8,867,2938.92,TRUE,11/7/08,11/7/08,,
104-CI-T01,Pre-PQ Process,SO-970,DN-1163,Côte d'Ivoire,PMO - US,From RDC,N/A - From RDC,Air,ARV,Pediatric,SCMS from RDC,"Lopinavir/Ritonavir 80/20mg/ml [Kaletra], oral solution, cool, Bottle 5 x 60 ml",Lopinavir/Ritonavir,Kaletra,80/20mg/ml,Oral solution,ABBVIE (Abbott) Logis. UK,12563,300,405,16645.5,41.1,0.14,32.63,,,FALSE,3/23/09,3/23/09,,
104-CI-T01,Pre-PQ Process,SO-21871,DN-1170,Côte d'Ivoire,PMO - US,From RDC,N/A - From RDC,Air,ARV,Adult,SCMS from RDC,"Nevirapine 200mg, tablets, 60 Tabs",Nevirapine,Generic,200mg,Tablet,Hetero Unit III Hyderabad IN,12564,60,5259,15777,3,0.05,30.92,294,5432.93,TRUE,6/19/09,6/19/09,,
110-ZM-T01,Pre-PQ Process,SO-17610,DN-1178,Zambia,PMO - US,From RDC,N/A - From RDC,Truck,ARV,Adult,SCMS from RDC,"Efavirenz 600mg, tablets, 30 Tabs",Efavirenz,Generic,600mg,Tablet,"Aurobindo Unit III, India",12565,30,60000,660000,11,0.37,1293.6,5144,13853.29,TRUE,4/27/09,4/27/09,,
111-MZ-T01,Pre-PQ Process,SO-27870,DN-1195,Mozambique,PMO - US,From RDC,N/A - From RDC,Air,ARV,Adult,SCMS from RDC,"Lamivudine/Nevirapine/Zidovudine 150/200/300mg, tablets, 60 Tabs",Lamivudine/Nevirapine/Zidovudine,Generic,150/300/200mg,Tablet - FDC,Mylan (formerly Matrix) Nashik,12567,60,26292,310245.6,11.8,0.2,608.08,3218,15990.35,TRUE,6/16/09,6/16/09,,
151-NG-T01,Pre-PQ Process,SO-22521,DN-1196,Nigeria,PMO - US,From RDC,N/A - From RDC,Air Charter,ARV,Adult,SCMS from RDC,"Lamivudine/Nevirapine/Zidovudine 150/200/300mg, tablets, 60 Tabs",Lamivudine/Nevirapine/Zidovudine,Generic,150/300/200mg,Tablet - FDC,"Aurobindo Unit III, India",12568,60,71422,814210.8,11.4,0.19,1595.85,8016,15128.37,TRUE,5/8/09,5/8/09,,
114-UG-T01,Pre-PQ Process,SO-26180,DN-1197,Uganda,PMO - US,From RDC,N/A - From RDC,Air,ARV,Adult,SCMS from RDC,"Lopinavir/Ritonavir 200/50mg [Aluvia], tablets, 120 Tabs",Lopinavir/Ritonavir,Aluvia,200/50mg,Tablet,ABBVIE Ludwigshafen Germany,12569,120,80,3288,41.1,0.34,6.44,19,1381.64,TRUE,4/24/09,4/24/09,,
151-NG-T01,Pre-PQ Process,SO-22523,DN-1202,Nigeria,PMO - US,From RDC,N/A - From RDC,Air,ARV,Adult,SCMS from RDC,"Emtricitabine/Tenofovir Disoproxil Fumarate 200/300mg [Truvada], tablets, 30 Tabs",Emtricitabine/Tenofovir Disoproxil Fumarate,Truvada,300/200mg,Tablet - FDC,"Aspen-OSD, Port Elizabeth, SA",12570,30,17933,470741.25,26.25,0.88,922.65,1564,16864.58,TRUE,4/29/09,4/29/09,,
123-NG-T01,Pre-PQ Process,SO-23431,DN-1203,Nigeria,PMO - US,From RDC,N/A - From RDC,Air Charter,ARV,Adult,SCMS from RDC,"Lamivudine/Zidovudine 150/300mg, tablets, 60 Tabs",Lamivudine/Zidovudine,Generic,150/300mg,Tablet - FDC,"Aurobindo Unit III, India",12571,60,10000,93500,9.35,0.16,183.26,905,15128.37,TRUE,5/8/09,5/8/09,,
106-HT-T01,Pre-PQ Process,SO-24830,DN-1205,Haiti,PMO - US,From RDC,N/A - From RDC,Air,ARV,Pediatric,SCMS from RDC,"Abacavir 20mg/ml, oral solution, Bottle, 240 ml",Abacavir,Generic,20mg/ml,Oral solution,"Aurobindo Unit III, India",12572,240,398,5970,15,0.06,11.7,,,FALSE,5/19/09,5/19/09,,
126-NG-T01,Pre-PQ Process,SO-26250,DN-1212,Nigeria,PMO - US,From RDC,N/A - From RDC,Air Charter,ARV,Adult,SCMS from RDC,"Lamivudine/Tenofovir Disoproxil Fumarate 300/300mg, tablets, 30 Tabs",Lamivudine/Tenofovir Disoproxil Fumarate,Generic,300/300mg,Tablet - FDC,Mylan (formerly Matrix) Nashik,12573,30,23991,275896.5,11.5,0.38,540.76,2096,15128.37,TRUE,5/8/09,5/8/09,,
106-HT-T01,Pre-PQ Process,SO-24870,DN-1218,Haiti,PMO - US,From RDC,N/A - From RDC,Air,ARV,Pediatric,SCMS from RDC,"Efavirenz 30mg/ml [Stocrin/Sustiva], oral solution, Bottle, 180 ml",Efavirenz,Stocrin/Sustiva,30mg/ml,Oral solution,"MSD, Haarlem, NL",12574,180,98,1662.08,16.96,0.09,3.26,28,988.24,TRUE,5/22/09,5/22/09,,
104-CI-T01,Pre-PQ Process,SO-21883,DN-1220,Côte d'Ivoire,PMO - US,From RDC,N/A - From RDC,Air,ARV,Adult,SCMS from RDC,"Lamivudine/Zidovudine 150/300mg, tablets, 60 Tabs",Lamivudine/Zidovudine,Generic,150/300mg,Tablet - FDC,Mylan (formerly Matrix) Nashik,12575,60,6476,56729.76,8.76,0.15,111.19,540,4881.06,TRUE,5/20/09,5/20/09,,
151-NG-T01,Pre-PQ Process,SO-22525,DN-1206,Nigeria,PMO - US,From RDC,N/A - From RDC,Ocean,ARV,Adult,SCMS from RDC,"Lamivudine/Nevirapine/Zidovudine 150/200/300mg, tablets, 60 Tabs",Lamivudine/Nevirapine/Zidovudine,Generic,150/300/200mg,Tablet - FDC,Mylan (formerly Matrix) Nashik,12576,60,13334,152007.6,11.4,0.19,297.93,1626,17096.24,TRUE,4/30/09,4/30/09,,
106-HT-T01,Pre-PQ Process,SO-24840,DN-1221,Haiti,PMO - US,From RDC,N/A - From RDC,Air,ARV,Pediatric,SCMS from RDC,"Zidovudine 100mg, capsules, 100 Caps",Zidovudine,Generic,100mg,Capsule,"Aurobindo Unit III, India",12577,100,504,2766.96,5.49,0.05,5.42,,,FALSE,5/22/09,5/22/09,,
114-UG-T01,Pre-PQ Process,SO-26140,DN-1222,Uganda,PMO - US,From RDC,N/A - From RDC,Air,ARV,Adult,SCMS from RDC,"Nevirapine 200mg, tablets, 60 Tabs",Nevirapine,Generic,200mg,Tablet,"Aurobindo Unit III, India",12578,60,107,342.4,3.2,0.05,0.67,,,FALSE,6/24/09,6/24/09,,
104-CI-T01,Pre-PQ Process,SO-27520,DN-1234,Côte d'Ivoire,PMO - US,From RDC,N/A - From RDC,Air,ARV,Adult,SCMS from RDC,"Lamivudine 150mg, tablets, 60 Tabs",Lamivudine,Generic,150mg,Tablet,"Aurobindo Unit III, India",12579,60,17100,41724,2.44,0.04,81.78,,,FALSE,6/11/09,6/11/09,,
104-CI-T01,Pre-PQ Process,SO-27520,DN-1234,Côte d'Ivoire,PMO - US,From RDC,N/A - From RDC,Air,ARV,Adult,SCMS from RDC,"Stavudine 15mg, capsules, 60 Caps",Stavudine,Generic,15mg,Capsule,"Aurobindo Unit III, India",12580,60,560,840,1.5,0.02,1.65,,,FALSE,6/11/09,6/11/09,,
100-GH-T01,Pre-PQ Process,SO-30710,DN-1236,Ghana,PMO - US,From RDC,N/A - From RDC,Truck,ARV,Pediatric,SCMS from RDC,"Lopinavir/Ritonavir 80/20mg/ml [Kaletra], oral solution, cool, Bottle 5 x 60 ml",Lopinavir/Ritonavir,Kaletra,80/20mg/ml,Oral solution,ABBVIE (Abbott) Logis. UK,12581,300,1059,10.59,0.01,0,0.02,,,TRUE,8/12/09,8/12/09,,
123-NG-T01,Pre-PQ Process,SO-22840,DN-1245,Nigeria,PMO - US,From RDC,N/A - From RDC,Air Charter,ARV,Adult,SCMS from RDC,"Stavudine 30mg, capsules, 60 Caps",Stavudine,Generic,30mg,Capsule,"Aurobindo Unit III, India",12585,60,12000,17880,1.49,0.02,35.04,789,7329.83,TRUE,6/16/09,6/16/09,,
119-NA-T01,Pre-PQ Process,SO-30460,DN-1251,Namibia,PMO - US,From RDC,N/A - From RDC,Air,ARV,Adult,SCMS from RDC,"Lamivudine/Tenofovir Disoproxil Fumarate 300/300mg, tablets, 30 Tabs",Lamivudine/Tenofovir Disoproxil Fumarate,Generic,300/300mg,Tablet - FDC,Mylan (formerly Matrix) Nashik,12586,30,5000,50000,10,0.33,98,419,2317.2,TRUE,6/15/09,6/15/09,,
114-UG-T01,Pre-PQ Process,SO-30110,DN-1256,Uganda,PMO - US,From RDC,N/A - From RDC,Air,ARV,Adult,SCMS from RDC,"Lamivudine/Nevirapine/Zidovudine 150/200/300mg, tablets, 60 Tabs",Lamivudine/Nevirapine/Zidovudine,Generic,150/300/200mg,Tablet - FDC,Mylan (formerly Matrix) Nashik,12587,60,1155,13109.25,11.35,0.19,25.69,147,1848.59,TRUE,6/24/09,6/24/09,,
114-UG-T01,Pre-PQ Process,SO-31430,DN-1281,Uganda,PMO - US,From RDC,N/A - From RDC,Air,ARV,Adult,SCMS from RDC,"Lopinavir/Ritonavir 200/50mg [Aluvia], tablets, 120 Tabs",Lopinavir/Ritonavir,Aluvia,200/50mg,Tablet,ABBVIE Ludwigshafen Germany,12591,120,220,9042,41.1,0.34,17.72,50,1359.4,TRUE,6/26/09,6/26/09,,
110-ZM-T01,Pre-PQ Process,SO-29060,DN-1285,Zambia,PMO - US,From RDC,N/A - From RDC,Truck,ARV,Adult,SCMS from RDC,"Lamivudine/Tenofovir Disoproxil Fumarate 300/300mg, tablets, 30 Tabs",Lamivudine/Tenofovir Disoproxil Fumarate,Generic,300/300mg,Tablet - FDC,Mylan (formerly Matrix) Nashik,12592,30,92000,1058000,11.5,0.38,2073.68,7101,16702.26,TRUE,7/2/09,7/2/09,,
110-ZM-T01,Pre-PQ Process,SO-31900,DN-1286,Zambia,PMO - US,From RDC,N/A - From RDC,Air,ARV,Pediatric,SCMS from RDC,"Efavirenz 200mg, capsule, 90 Caps",Efavirenz,Generic,200mg,Capsule,"Aurobindo Unit III, India",12593,90,4000,61040,15.26,0.17,119.64,481,2951.12,TRUE,7/2/09,7/2/09,,
104-CI-T01,Pre-PQ Process,SO-31960,DN-1297,Côte d'Ivoire,PMO - US,From RDC,N/A - From RDC,Air,ARV,Adult,SCMS from RDC,"Emtricitabine/Tenofovir Disoproxil Fumarate 200/300mg [Truvada], tablets, 30 Tabs",Emtricitabine/Tenofovir Disoproxil Fumarate,Truvada,300/200mg,Tablet - FDC,"Aspen-OSD, Port Elizabeth, SA",12594,30,2160,56700,26.25,0.88,111.13,186,1660.07,TRUE,6/30/09,6/30/09,,
106-HT-T01,Pre-PQ Process,SO-30170,DN-1309,Haiti,PMO - US,From RDC,N/A - From RDC,Air,ARV,Adult,SCMS from RDC,"Lamivudine/Zidovudine 150/300mg, tablets, 60 Tabs",Lamivudine/Zidovudine,Generic,150/300mg,Tablet - FDC,"Aurobindo Unit III, India",12597,60,25824,226218.23,8.76,0.15,443.39,2359,26714.63,TRUE,6/24/09,6/24/09,,
110-ZM-T01,Pre-PQ Process,SO-32510,DN-1329,Zambia,PMO - US,From RDC,N/A - From RDC,Truck,ARV,Adult,SCMS from RDC,"Lamivudine/Nevirapine/Stavudine 150/200/30mg, tablets, 60 Tabs",Lamivudine/Nevirapine/Stavudine,Generic,150/200/30mg,Tablet - FDC,"Strides, Bangalore, India.",12598,60,35000,249200,7.12,0.12,488.43,2604,2448.71,TRUE,9/4/09,9/4/09,,
151-NG-T01,Pre-PQ Process,SO-32640,DN-1342,Nigeria,PMO - US,From RDC,N/A - From RDC,Air Charter,ARV,Adult,SCMS from RDC,"Lamivudine/Nevirapine/Zidovudine 150/200/300mg, tablets, 60 Tabs",Lamivudine/Nevirapine/Zidovudine,Generic,150/300/200mg,Tablet - FDC,"Aurobindo Unit III, India",12599,60,23670,269838,11.4,0.19,528.88,2666,7445.8,TRUE,8/4/09,8/4/09,,
151-NG-T01,Pre-PQ Process,SO-27815,DN-1351,Nigeria,PMO - US,From RDC,N/A - From RDC,Air Charter,ARV,Adult,SCMS from RDC,"Emtricitabine/Tenofovir Disoproxil Fumarate 200/300mg [Truvada], tablets, 30 Tabs",Emtricitabine/Tenofovir Disoproxil Fumarate,Truvada,300/200mg,Tablet - FDC,"Aspen-OSD, Port Elizabeth, SA",12600,30,671,17613.75,26.25,0.88,34.52,59,7445.8,TRUE,8/4/09,8/4/09,,
110-ZM-T01,Pre-PQ Process,SO-31951,DN-1362,Zambia,PMO - US,From RDC,N/A - From RDC,Truck,ARV,Adult,SCMS from RDC,"Zidovudine 300mg, tablets, 60 Tabs",Zidovudine,Generic,300mg,Tablet,Hetero Unit III Hyderabad IN,12601,60,12294,94786.74,7.71,0.13,185.78,629,8281.69,TRUE,9/15/09,9/15/09,,
114-UG-T01,Pre-PQ Process,SO-31460,DN-1300,Uganda,PMO - US,From RDC,N/A - From RDC,Air,ARV,Adult,SCMS from RDC,"Nevirapine 200mg, tablets, 60 Tabs",Nevirapine,Generic,200mg,Tablet,"Aurobindo Unit III, India",12602,60,2250,6525,2.9,0.05,12.79,,,FALSE,9/15/09,9/15/09,,
114-UG-T01,Pre-PQ Process,SO-30120,DN-1369,Uganda,PMO - US,From RDC,N/A - From RDC,Air,ARV,Adult,SCMS from RDC,"Lamivudine/Zidovudine 150/300mg, tablets, 60 Tabs",Lamivudine/Zidovudine,Generic,150/300mg,Tablet - FDC,Mylan (formerly Matrix) Nashik,12603,60,2420,21199.2,8.76,0.15,41.55,202,1534.1,TRUE,8/10/09,8/10/09,,
111-MZ-T01,Pre-PQ Process,SO-32530,DN-1380,Mozambique,PMO - US,From RDC,N/A - From RDC,Truck,ARV,Adult,SCMS from RDC,"Lamivudine/Nevirapine/Stavudine 150/200/30mg, tablets, 60 Tabs",Lamivudine/Nevirapine/Stavudine,Generic,150/200/30mg,Tablet - FDC,"Strides, Bangalore, India.",12604,60,42000,299040,7.12,0.12,586.12,,,FALSE,9/17/09,9/17/09,,
111-MZ-T01,Pre-PQ Process,SO-32570,DN-1396,Mozambique,PMO - US,From RDC,N/A - From RDC,Truck,ARV,Adult,SCMS from RDC,"Lamivudine/Stavudine 150/30mg, tablets, 60 Tabs",Lamivudine/Stavudine,Generic,150/30mg,Tablet - FDC,Mylan (formerly Matrix) Nashik,12608,60,17500,68250,3.9,0.06,133.77,1292,1588.05,TRUE,10/7/09,10/7/09,,
110-ZM-T01,Pre-PQ Process,SO-17660,DN-1403,Zambia,PMO - US,From RDC,N/A - From RDC,Truck,ARV,Adult,SCMS from RDC,"Efavirenz 600mg, tablets, 30 Tabs",Efavirenz,Generic,600mg,Tablet,"Aurobindo Unit III, India",12609,30,88000,968000,11,0.37,1897.28,7579,6759.28,TRUE,9/22/09,9/22/09,,
109-TZ-T01,Pre-PQ Process,SO-18750,DN-1431,Tanzania,PMO - US,From RDC,N/A - From RDC,Truck,ARV,Adult,SCMS from RDC,"Tenofovir Disoproxil Fumarate 300mg [Viread], tablets, 30 Tabs",Tenofovir Disoproxil Fumarate,Viread,300mg,Tablet,"Aspen-OSD, Port Elizabeth, SA",12610,30,536,9112,17,0.57,17.86,41,2233.61,TRUE,9/25/09,9/25/09,,
110-ZM-T01,Pre-PQ Process,SO-32850,DN-1432,Zambia,PMO - US,From RDC,N/A - From RDC,Truck,ARV,Adult,SCMS from RDC,"Lamivudine/Zidovudine 150/300mg, tablets, 60 Tabs",Lamivudine/Zidovudine,Generic,150/300mg,Tablet - FDC,"Aurobindo Unit III, India",12611,60,111538,977072.9,8.76,0.15,1915.06,,,FALSE,10/2/09,10/2/09,,
111-MZ-T01,Pre-PQ Process,SO-26421,DN-1413,Mozambique,PMO - US,From RDC,N/A - From RDC,Air,ARV,Adult,SCMS from RDC,"Lamivudine/Nevirapine/Stavudine 150/200/30mg, tablets, 60 Tabs",Lamivudine/Nevirapine/Stavudine,Generic,150/200/30mg,Tablet - FDC,"Strides, Bangalore, India.",12612,60,98396,700579.5,7.12,0.12,1373.14,7426,2400.25,TRUE,8/27/09,8/27/09,,
151-NG-T01,Pre-PQ Process,SO-27820,DN-1440,Nigeria,PMO - US,From RDC,N/A - From RDC,Air Charter,ARV,Adult,SCMS from RDC,"Emtricitabine/Tenofovir Disoproxil Fumarate 200/300mg, tablets, 30 Tabs",Emtricitabine/Tenofovir Disoproxil Fumarate,Generic,200/300mg,Tablet - FDC,Mylan (formerly Matrix) Nashik,12613,30,121280,1425040,11.75,0.39,2793.08,9813,9341.49,TRUE,10/20/09,10/20/09,,
109-TZ-T01,Pre-PQ Process,SO-31282,DN-1459,Tanzania,PMO - US,From RDC,N/A - From RDC,Truck,ARV,Adult,SCMS from RDC,"Abacavir 300mg, tablets, 60 Tabs",Abacavir,Generic,300mg,Tablet,Mylan (formerly Matrix) Nashik,12614,60,15900,404655,25.45,0.42,793.12,1630,2217.5,TRUE,10/26/09,10/26/09,,
117-ET-T01,Pre-PQ Process,SO-33630,DN-1471,Ethiopia,PMO - US,From RDC,N/A - From RDC,Air,ARV,Adult,SCMS from RDC,"Lamivudine 150mg, tablets, 60 Tabs",Lamivudine,Generic,150mg,Tablet,"Aurobindo Unit III, India",12616,60,4275,10431,2.44,0.04,20.44,,,FALSE,10/6/09,10/6/09,,
106-HT-T01,Pre-PQ Process,SO-32770,DN-1465,Haiti,PMO - US,From RDC,N/A - From RDC,Air,ARV,Adult,SCMS from RDC,"Efavirenz 600mg, tablets, 30 Tabs",Efavirenz,Generic,600mg,Tablet,"Aurobindo Unit III, India",12617,30,36456,226756.31,6.22,0.21,444.44,3160,32104.3,TRUE,10/13/09,10/13/09,,
111-MZ-T01,Pre-PQ Process,SO-33340,DN-1485,Mozambique,PMO - US,From RDC,N/A - From RDC,Air,ARV,Adult,SCMS from RDC,"Stavudine 30mg, capsules, 60 Caps",Stavudine,Generic,30mg,Capsule,"Aurobindo Unit III, India",12618,60,945,1408.05,1.49,0.02,3.04,62,1074.8,TRUE,11/13/09,11/13/09,,
104-CI-T01,Pre-PQ Process,SO-34060,DN-1518,Côte d'Ivoire,PMO - US,From RDC,N/A - From RDC,Air,ARV,Adult,SCMS from RDC,"Emtricitabine/Tenofovir Disoproxil Fumarate 200/300mg [Truvada], tablets, 30 Tabs",Emtricitabine/Tenofovir Disoproxil Fumarate,Truvada,300/200mg,Tablet - FDC,"Aspen-OSD, Port Elizabeth, SA",12619,30,576,15120,26.25,0.88,32.6,,,TRUE,11/16/09,11/16/09,,
111-MZ-T01,Pre-PQ Process,SO-15520,DN-1549,Mozambique,PMO - US,From RDC,N/A - From RDC,Air,ARV,Adult,SCMS from RDC,"Stavudine 30mg, capsules, 60 Caps",Stavudine,Generic,30mg,Capsule,"Aurobindo Unit III, India",12620,60,735,1073.1,1.46,0.02,2.31,47,955.36,TRUE,1/6/10,1/6/10,,
111-MZ-T01,Pre-PQ Process,SO-325,DN-18,Mozambique,PMO - US,From RDC,N/A - From RDC,Air,ARV,Pediatric,SCMS from RDC,"Lamivudine 10mg/ml, oral solution, Bottle, 240 ml",Lamivudine,Generic,10mg/ml,Oral solution,"Cipla, Goa, India",12622,240,7707,18805.08,2.44,0.01,,,2123.04,TRUE,3/29/07,3/29/07,,
102-NG-T01,Pre-PQ Process,SO-131,DN-1,Nigeria,PMO - US,From RDC,N/A - From RDC,N/A,HRDT,HIV test,SCMS from RDC,"HIV 1/2, Stat-Pak HIV, Kit, 20 Tests","HIV 1/2, Stat-Pak HIV, Kit",Stat-Pak,N/A,Test kit,Chembio Diagnostics Sys. Inc.,12625,20,50000,67500,1.35,0.07,,712,,TRUE,9/20/06,7/13/06,,
110-ZM-T01,Pre-PQ Process,SO-203,DN-39,Zambia,PMO - US,From RDC,N/A - From RDC,N/A,ARV,Adult,SCMS from RDC,"Efavirenz 600mg, tablets, 30 Tabs",Efavirenz,Generic,600mg,Tablet,"Aurobindo Unit III, India",12628,30,16033,260536.25,16.25,0.54,,536,3807.29,TRUE,3/28/07,3/28/07,,
111-MZ-T01,Pre-PQ Process,SO-380,DN-88,Mozambique,PMO - US,From RDC,N/A - From RDC,Air,ARV,Pediatric,SCMS from RDC,"Efavirenz 50mg [Stocrin/Sustiva], capsule, 30 Caps",Efavirenz,Stocrin/Sustiva,50mg,Capsule,"MSD Manati, Puerto Rico, (USA)",12630,30,3756,12845.52,3.42,0.11,,,679.6,TRUE,5/4/07,5/4/07,,
110-ZM-T01,Pre-PQ Process,SO-232,DN-89,Zambia,PMO - US,From RDC,N/A - From RDC,N/A,HRDT,HIV test,SCMS from RDC,"HIV 1/2, Determine Complete HIV Kit, 100 Tests","HIV 1/2, Determine Complete HIV Kit",Determine,N/A,Test kit,ABBVIE GmbH & Co.KG Wiesbaden,12631,100,600,48000,80,0.8,,,,FALSE,5/4/07,5/4/07,,
110-ZM-T01,Pre-PQ Process,SO-309,DN-98,Zambia,PMO - US,From RDC,N/A - From RDC,N/A,ARV,Adult,SCMS from RDC,"Nevirapine 200mg, tablets, 60 Tabs",Nevirapine,Generic,200mg,Tablet,"Ranbaxy, Paonta Shahib, India",12632,60,43470,155187.9,3.57,0.06,,4398,18137.64,TRUE,4/27/07,4/27/07,,
110-ZM-T01,Pre-PQ Process,SO-478,DN-99,Zambia,PMO - US,From RDC,N/A - From RDC,N/A,ARV,Pediatric,SCMS from RDC,"Efavirenz 50mg [Stocrin/Sustiva], capsule, 30 Caps",Efavirenz,Stocrin/Sustiva,50mg,Capsule,"MSD Manati, Puerto Rico, (USA)",12633,30,1030,3574.1,3.47,0.12,,48,574.56,TRUE,4/26/07,4/26/07,,
110-ZM-T01,Pre-PQ Process,SO-205,DN-120,Zambia,PMO - US,From RDC,N/A - From RDC,N/A,ARV,Adult,SCMS from RDC,"Tenofovir Disoproxil Fumarate 300mg [Viread], tablets, 30 Tabs",Tenofovir Disoproxil Fumarate,Viread,300mg,Tablet,Gilead(Nycomed) Oranienburg DE,12635,30,4165,70805,17,0.57,,265,1483.3,TRUE,5/16/07,5/16/07,,
107-RW-T01,Pre-PQ Process,SO-490,DN-110,Rwanda,PMO - US,From RDC,N/A - From RDC,Air,ARV,Adult,SCMS from RDC,"Lamivudine/Zidovudine 150/300mg, tablets, 60 Tabs",Lamivudine/Zidovudine,Generic,150/300mg,Tablet - FDC,"Cipla, Goa, India",12637,60,38463,383860.75,9.98,0.17,,3450,20896.5,TRUE,4/19/07,4/19/07,,
110-ZM-T01,Pre-PQ Process,SO-311,DN-129,Zambia,PMO - US,From RDC,N/A - From RDC,N/A,ARV,Adult,SCMS from RDC,"Nelfinavir (as mesilate) 250mg [Viracept], tablets, 270 Tabs",Nelfinavir (as mesilate),Viracept,250mg,Tablet,Roche Madrid,12638,270,864,70346.88,81.42,0.3,,,,FALSE,5/15/07,5/15/07,,
102-NG-T01,Pre-PQ Process,SO-474,DN-138,Nigeria,PMO - US,From RDC,N/A - From RDC,N/A,HRDT,HIV test,SCMS from RDC,"HIV 1/2, Stat-Pak HIV, Kit, 20 Tests","HIV 1/2, Stat-Pak HIV, Kit",Stat-Pak,N/A,Test kit,Chembio Diagnostics Sys. Inc.,12639,20,6000,162000,27,1.35,,1833,9666,TRUE,5/24/07,5/24/07,,
110-ZM-T01,Pre-PQ Process,SO-374,DN-56,Zambia,PMO - US,From RDC,N/A - From RDC,N/A,ARV,Adult,SCMS from RDC,"Lamivudine 150mg, tablets, 60 Tabs",Lamivudine,Generic,150mg,Tablet,"Ranbaxy, Paonta Shahib, India",12641,60,3334,11035.54,3.31,0.06,,179,1170.16,TRUE,3/26/07,3/26/07,,
109-TZ-T01,Pre-PQ Process,SO-395,DN-66,Tanzania,PMO - US,From RDC,N/A - From RDC,Air,HRDT,HIV test,SCMS from RDC,"HIV 1/2, Uni-Gold HIV Kit, 20 Tests","HIV 1/2, Uni-Gold HIV Kit",Uni-Gold,N/A,Test kit,"Trinity Biotech, Plc",12644,20,100,3200,32,1.6,,66,1004.6,TRUE,4/13/07,4/13/07,,
111-MZ-T01,Pre-PQ Process,SO-260,DN-68,Mozambique,PMO - US,From RDC,N/A - From RDC,Air,ARV,Adult,SCMS from RDC,"Nelfinavir (as mesilate) 250mg [Viracept], tablets, 270 Tabs",Nelfinavir (as mesilate),Viracept,250mg,Tablet,Roche Madrid,12646,270,2579,205288.4,79.6,0.29,,663,1824.11,TRUE,5/4/07,5/4/07,,
100-CI-T01,Pre-PQ Process,SO-433,DN-77,Côte d'Ivoire,PMO - US,From RDC,N/A - From RDC,N/A,ARV,Adult,SCMS from RDC,"Efavirenz 600mg, tablets, 30 Tabs",Efavirenz,Generic,600mg,Tablet,"Aurobindo Unit III, India",12648,30,8148,132405,16.25,0.54,,743,2660,TRUE,4/30/07,4/30/07,,
100-CI-T01,Pre-PQ Process,SO-432,DN-82,Côte d'Ivoire,PMO - US,From RDC,N/A - From RDC,N/A,ARV,Adult,SCMS from RDC,"Lamivudine/Nevirapine/Stavudine 150/200/30mg, tablets, 60 Tabs",Lamivudine/Nevirapine/Stavudine,Generic,150/200/30mg,Tablet - FDC,"Cipla, Goa, India",12649,60,9000,67500,7.5,0.12,,974,3166,TRUE,4/30/07,4/30/07,,
109-TZ-T01,Pre-PQ Process,SO-306,DN-144,Tanzania,PMO - US,From RDC,N/A - From RDC,Air,HRDT,HIV test,SCMS from RDC,"HIV 1/2, Bioline 3.0 Kit, Lancets, Capillary pipets, Alcohol swabs included, 25 Tests","HIV 1/2, Bioline 3.0 Kit, Lancets, Capillary pipets, Alcohol swabs included",Bioline,N/A,Test kit,"Standard Diagnostics, Korea",12654,25,1539,30780,20,0.8,,,,FALSE,7/6/07,7/6/07,,
104-CI-T01,Pre-PQ Process,SO-517,DN-160,Côte d'Ivoire,PMO - US,From RDC,N/A - From RDC,N/A,ARV,Adult,SCMS from RDC,"Nelfinavir (as mesilate) 250mg [Viracept], tablets, 270 Tabs",Nelfinavir (as mesilate),Viracept,250mg,Tablet,Roche Madrid,12656,270,460,37453.2,81.42,0.3,,,,FALSE,6/15/07,6/15/07,,
111-MZ-T01,Pre-PQ Process,SO-671,DN-189,Mozambique,PMO - US,From RDC,N/A - From RDC,Air,ARV,Adult,SCMS from RDC,"Lamivudine/Nevirapine/Stavudine 150/200/30mg, tablets, 60 Tabs",Lamivudine/Nevirapine/Stavudine,Generic,150/200/30mg,Tablet - FDC,"Cipla, Goa, India",12658,60,62000,458800,7.4,0.12,734.08,5778,20299,TRUE,6/20/07,6/20/07,,
104-CI-T01,Pre-PQ Process,SO-518,DN-149,Côte d'Ivoire,PMO - US,From RDC,N/A - From RDC,N/A,HRDT,HIV test,SCMS from RDC,"#108853** HIV, Genie II HIV-1/HIV-2 Kit, 40 Tests","HIV, Genie II HIV-1/HIV-2 Kit",Genie,N/A,Test kit,Bio-Rad Laboratories,12659,40,160,12160,76,1.9,,173,1754,TRUE,5/18/07,5/18/07,,
104-CI-T01,Pre-PQ Process,SO-640,DN-173,Côte d'Ivoire,PMO - US,From RDC,N/A - From RDC,N/A,ARV,Adult,SCMS from RDC,"Lamivudine/Zidovudine 150/300mg, tablets, 60 Tabs",Lamivudine/Zidovudine,Generic,150/300mg,Tablet - FDC,"Aurobindo Unit III, India",12661,60,35074,374590.3,10.68,0.18,,3116,1478,TRUE,6/21/07,6/21/07,,
104-CI-T01,Pre-PQ Process,SO-641,DN-174,Côte d'Ivoire,PMO - US,From RDC,N/A - From RDC,N/A,ARV,Adult,SCMS from RDC,"Tenofovir Disoproxil Fumarate 300mg [Viread], tablets, 30 Tabs",Tenofovir Disoproxil Fumarate,Viread,300mg,Tablet,Gilead(Nycomed) Oranienburg DE,12662,30,621,10557,17,0.57,,40,1388,TRUE,6/8/07,6/8/07,,
109-TZ-T01,Pre-PQ Process,SO-758,DN-234,Tanzania,PMO - US,From RDC,N/A - From RDC,Air,HRDT,HIV test,SCMS from RDC,"HIV 1/2, Capillus HIV Kit, 100 Tests","HIV 1/2, Capillus HIV Kit",Capillus,N/A,Test kit,"Trinity Biotech, Plc",12663,100,2000,278000,139,1.39,444.8,1415,4458,TRUE,7/13/07,7/13/07,,
109-TZ-T01,Pre-PQ Process,SO-441,DN-246,Tanzania,PMO - US,From RDC,N/A - From RDC,Air,ARV,Adult,SCMS from RDC,"Efavirenz 600mg, tablets, 30 Tabs",Efavirenz,Generic,600mg,Tablet,"Aurobindo Unit III, India",12664,30,3149,51202.74,16.26,0.54,81.92,,,FALSE,8/13/07,8/13/07,,
107-RW-T01,Pre-PQ Process,SO-489,DN-248,Rwanda,PMO - US,From RDC,N/A - From RDC,Air,ARV,Pediatric,SCMS from RDC,"Lopinavir/Ritonavir 80/20mg/ml [Kaletra], oral solution, cool, Bottle 5 x 60 ml",Lopinavir/Ritonavir,Kaletra,80/20mg/ml,Oral solution,ABBVIE (Abbott) Logis. UK,12665,300,50,2055,41.1,0.14,3.29,50,661.06,TRUE,7/26/07,7/26/07,,
104-CI-T01,Pre-PQ Process,SO-733,DN-267,Côte d'Ivoire,PMO - US,From RDC,N/A - From RDC,N/A,ARV,Adult,SCMS from RDC,"Lopinavir/Ritonavir 200/50mg [Aluvia], tablets, 120 Tabs",Lopinavir/Ritonavir,Aluvia,200/50mg,Tablet,ABBVIE Ludwigshafen Germany,12666,120,3090,127122.6,41.14,0.34,203.4,650,2457,TRUE,8/3/07,8/3/07,,
104-CI-T01,Pre-PQ Process,SO-524,DN-268,Côte d'Ivoire,PMO - US,From RDC,N/A - From RDC,N/A,ARV,Pediatric,SCMS from RDC,"Zidovudine 10mg/ml, oral solution, Bottle, 240 ml",Zidovudine,Generic,10mg/ml,Oral solution,"Aurobindo Unit III, India",12667,240,5076,20050.2,3.95,0.02,32.08,,,FALSE,8/14/07,8/14/07,,
104-CI-T01,Pre-PQ Process,SO-410,DN-219,Côte d'Ivoire,PMO - US,From RDC,N/A - From RDC,N/A,HRDT,HIV test - Ancillary,SCMS from RDC,"HIV, Pepti-LAV 1|2 (HIV-1|2 Ab differenciation, Immuno-Blot)","HIV, Pepti-LAV 1|2 (HIV-1|2 Ab differenciation, Immuno-Blot)",Pepti-LAV,N/A,Test kit - Ancillary,Bio-Rad Laboratories,12669,1,2,477.3,238.65,238.65,0.76,6,1356,TRUE,7/10/07,7/10/07,,
104-CI-T01,Pre-PQ Process,SO-774,DN-242,Côte d'Ivoire,PMO - US,From RDC,N/A - From RDC,Air,ARV,Adult,SCMS from RDC,"Abacavir 300mg, tablets, 60 Tabs",Abacavir,Generic,300mg,Tablet,"Aurobindo Unit III, India",12670,60,3200,114560,35.8,0.6,183.3,,,FALSE,8/21/07,8/21/07,,
104-CI-T01,Pre-PQ Process,SO-815,DN-262,Côte d'Ivoire,PMO - US,From RDC,N/A - From RDC,N/A,ARV,Adult,SCMS from RDC,"Lamivudine 150mg, tablets, 60 Tabs",Lamivudine,Generic,150mg,Tablet,"Ranbaxy, Paonta Shahib, India",12671,60,22047,67022.88,3.04,0.05,107.24,1057,3348,TRUE,8/3/07,8/3/07,,
107-RW-T01,Pre-PQ Process,SO-824,DN-266,Rwanda,PMO - US,From RDC,N/A - From RDC,Air,HRDT,HIV test,SCMS from RDC,"HIV 1/2/O, First Response HIV 1-2.0, v.3.0 Cards Kit, 30 Tests","HIV 1/2/O, First Response HIV 1-2.0, v.3.0 Cards Kit",First Response,N/A,Test kit,Premier Med. Corp Ltd. India,12672,30,2034,33561,16.5,0.55,53.7,768,4465.1,TRUE,8/2/07,8/2/07,,
111-MZ-T01,Pre-PQ Process,SO-502,DN-282,Mozambique,PMO - US,From RDC,N/A - From RDC,Air,ARV,Pediatric,SCMS from RDC,"Abacavir 20mg/ml, oral solution, Bottle, 240 ml",Abacavir,Generic,20mg/ml,Oral solution,"Aurobindo Unit III, India",12673,240,1020,21930,21.5,0.09,35.09,,,FALSE,10/10/07,10/10/07,,
104-CI-T01,Pre-PQ Process,SO-590,DN-220,Côte d'Ivoire,PMO - US,From RDC,N/A - From RDC,N/A,ARV,Adult,SCMS from RDC,"Saquinavir 200mg [Invirase], capsules, 270 Caps",Saquinavir,Invirase,200mg,Capsule,Roche Basel,12675,270,36,2831.04,78.64,0.29,4.53,,,FALSE,7/18/07,7/18/07,,
104-CI-T01,Pre-PQ Process,SO-543,DN-227,Côte d'Ivoire,PMO - US,From RDC,N/A - From RDC,N/A,HRDT,HIV test,SCMS from RDC,"HIV 1/2, Bioline 3.0 Kit, (no accessories), 30 Tests","HIV 1/2, Bioline 3.0 Kit (no accessories)",Bioline,N/A,Test kit,"Standard Diagnostics, Korea",12676,30,167,3340,20,0.67,5.34,67,1439,TRUE,7/18/07,7/18/07,,
119-NA-T01,Pre-PQ Process,SO-884,DN-322,Namibia,PMO - US,From RDC,N/A - From RDC,N/A,HRDT,HIV test,SCMS from RDC,"HIV 1/2, Determine Complete HIV Kit, 100 Tests","HIV 1/2, Determine Complete HIV Kit",Determine,N/A,Test kit,ABBVIE GmbH & Co.KG Wiesbaden,12680,100,300,24000,80,0.8,38.4,,,FALSE,9/7/07,9/7/07,,
109-TZ-T01,Pre-PQ Process,SO-455,DN-290,Tanzania,PMO - US,From RDC,N/A - From RDC,N/A,ARV,Adult,SCMS from RDC,"Efavirenz 600mg, tablets, 30 Tabs",Efavirenz,Generic,600mg,Tablet,"Aurobindo Unit III, India",12682,30,8000,130080,16.26,0.54,208.13,,,FALSE,9/10/07,9/10/07,,
109-TZ-T01,Pre-PQ Process,SO-455,DN-290,Tanzania,PMO - US,From RDC,N/A - From RDC,N/A,ARV,Adult,SCMS from RDC,"Lopinavir/Ritonavir 200/50mg [Aluvia], tablets, 120 Tabs",Lopinavir/Ritonavir,Aluvia,200/50mg,Tablet,ABBVIE Ludwigshafen Germany,12683,120,4155,170770.5,41.1,0.34,273.23,,,FALSE,9/10/07,9/10/07,,
109-TZ-T01,Pre-PQ Process,SO-455,DN-290,Tanzania,PMO - US,From RDC,N/A - From RDC,N/A,ARV,Pediatric,SCMS from RDC,"Lopinavir/Ritonavir 80/20mg/ml [Kaletra], oral solution, cool, Bottle 5 x 60 ml",Lopinavir/Ritonavir,Kaletra,80/20mg/ml,Oral solution,ABBVIE (Abbott) Logis. UK,12684,300,147,6041.7,41.1,0.14,9.67,,,FALSE,9/10/07,9/10/07,,
111-MZ-T01,Pre-PQ Process,SO-298,DN-304,Mozambique,PMO - US,From RDC,N/A - From RDC,Air,ARV,Adult,SCMS from RDC,"Efavirenz 600mg, tablets, 30 Tabs",Efavirenz,Generic,600mg,Tablet,"Aurobindo Unit III, India",12685,30,2933,49127.75,16.75,0.56,78.6,,,FALSE,9/21/07,9/21/07,,
111-MZ-T01,Pre-PQ Process,SO-298,DN-304,Mozambique,PMO - US,From RDC,N/A - From RDC,Air,ARV,Pediatric,SCMS from RDC,"Abacavir 20mg/ml, oral solution, Bottle, 240 ml",Abacavir,Generic,20mg/ml,Oral solution,"Aurobindo Unit III, India",12686,240,59,1241.95,21.05,0.09,1.99,,,FALSE,9/21/07,9/21/07,,
104-CI-T01,Pre-PQ Process,SO-959,DN-320,Côte d'Ivoire,PMO - US,From RDC,N/A - From RDC,N/A,ARV,Adult,SCMS from RDC,"Abacavir 300mg, tablets, 60 Tabs",Abacavir,Generic,300mg,Tablet,"Cipla, Patalganga, India",12688,60,6000,165180,27.53,0.46,264.29,,,FALSE,8/30/07,8/30/07,,
100-ZW-T01,Pre-PQ Process,SO-898,DN-357,Zimbabwe,PMO - US,From RDC,N/A - From RDC,Truck,ARV,Adult,SCMS from RDC,"Lamivudine/Zidovudine 150/300mg, tablets, 60 Tabs",Lamivudine/Zidovudine,Generic,150/300mg,Tablet - FDC,"Aurobindo Unit III, India",12690,60,1560,14820,9.5,0.16,23.71,90,1106,TRUE,9/18/07,9/18/07,,
100-ZW-T01,Pre-PQ Process,SO-1074,DN-354,Zimbabwe,PMO - US,From RDC,N/A - From RDC,Truck,ARV,Adult,SCMS from RDC,"Lamivudine/Stavudine 150/30mg, tablets, 30 Tabs",Lamivudine/Stavudine,Generic,150/30mg,Tablet - FDC,"Cipla, Goa, India",12691,30,1600,3200,2,0.07,5.12,,,FALSE,9/18/07,9/18/07,,
114-UG-T01,Pre-PQ Process,SO-1081,DN-363,Uganda,PMO - US,From RDC,N/A - From RDC,N/A,ARV,Adult,SCMS from RDC,"Lamivudine/Zidovudine 150/300mg, tablets, 60 Tabs",Lamivudine/Zidovudine,Generic,150/300mg,Tablet - FDC,"Aurobindo Unit III, India",12694,60,1350,12825,9.5,0.16,20.52,80,739,TRUE,10/16/07,10/16/07,,
104-CI-T01,Pre-PQ Process,SO-963,DN-323,Côte d'Ivoire,PMO - US,From RDC,N/A - From RDC,N/A,ARV,Pediatric,SCMS from RDC,"Abacavir 20mg/ml, oral solution, Bottle, 240 ml",Abacavir,Generic,20mg/ml,Oral solution,"Aurobindo Unit III, India",12710,240,1500,24750,16.5,0.07,39.6,,,FALSE,9/14/07,9/14/07,,
117-ET-T01,Pre-PQ Process,SO-914,DN-332,Ethiopia,PMO - US,From RDC,N/A - From RDC,N/A,ARV,Pediatric,SCMS from RDC,"Nevirapine 10mg/ml, oral suspension, Bottle, 240 ml",Nevirapine,Generic,10mg/ml,Oral suspension,"Aurobindo Unit III, India",12711,240,10336,64083.2,6.2,0.03,102.53,,,FALSE,9/4/07,9/4/07,,
117-ET-T01,Pre-PQ Process,SO-914,DN-332,Ethiopia,PMO - US,From RDC,N/A - From RDC,N/A,ARV,Pediatric,SCMS from RDC,"Nevirapine 10mg/ml, oral suspension, Bottle, 240 ml",Nevirapine,Generic,10mg/ml,Oral suspension,"Aurobindo Unit III, India",12712,240,12512,77574.4,6.2,0.03,124.12,,,FALSE,9/4/07,9/4/07,,
110-ZM-T01,Pre-PQ Process,SO-626,DN-329,Zambia,PMO - US,From RDC,N/A - From RDC,N/A,ARV,Adult,SCMS from RDC,"Lopinavir/Ritonavir 200/50mg [Aluvia], tablets, 120 Tabs",Lopinavir/Ritonavir,Aluvia,200/50mg,Tablet,ABBVIE Ludwigshafen Germany,12714,120,4078,167605.8,41.1,0.34,268.17,885,4119.6,TRUE,8/31/07,8/31/07,,
104-CI-T01,Pre-PQ Process,SO-999,DN-349,Côte d'Ivoire,PMO - US,From RDC,N/A - From RDC,N/A,ARV,Adult,SCMS from RDC,"Saquinavir 200mg [Invirase], capsules, 270 Caps",Saquinavir,Invirase,200mg,Capsule,Roche Basel,12715,270,7,550.48,78.64,0.29,0.88,,,FALSE,9/12/07,9/12/07,,
110-ZM-T01,Pre-PQ Process,SO-977,DN-396,Zambia,PMO - US,From RDC,N/A - From RDC,N/A,ARV,Pediatric,SCMS from RDC,"Nevirapine 10mg/ml, oral suspension, Bottle, 240 ml",Nevirapine,Generic,10mg/ml,Oral suspension,"Aurobindo Unit III, India",12716,240,10996,68175.2,6.2,0.03,109.08,3967,13094.92,TRUE,11/12/07,11/12/07,,
106-HT-T01,Pre-PQ Process,SO-1099,DN-372,Haiti,PMO - US,From RDC,N/A - From RDC,N/A,HRDT,HIV test,SCMS from RDC,"HIV 1/2, Determine Complete HIV Kit, 100 Tests","HIV 1/2, Determine Complete HIV Kit",Determine,N/A,Test kit,ABBVIE GmbH & Co.KG Wiesbaden,12718,100,600,43200,72,0.72,69.12,137,1732.74,TRUE,10/6/07,10/6/07,,
110-ZM-T01,Pre-PQ Process,SO-535,DN-380,Zambia,PMO - US,From RDC,N/A - From RDC,N/A,HRDT,HIV test - Ancillary,SCMS from RDC,"HIV, Lancet, Safety, for HIV Test kits, 100 Pcs","HIV, Lancet, Safety, for HIV Test kits, 100 Pcs",Generic,N/A,Test kit - Ancillary,Inverness Japan,12723,100,872,8.72,0.01,0,0.01,,,FALSE,10/17/07,10/17/07,,
112-NG-T01,Pre-PQ Process,SO-565,DN-373,Nigeria,PMO - US,From RDC,N/A - From RDC,Air,ARV,Pediatric,SCMS from RDC,"Nevirapine 10mg/ml, oral suspension, Bottle, 240 ml",Nevirapine,Generic,10mg/ml,Oral suspension,"Aurobindo Unit III, India",12724,240,1622,10056.4,6.2,0.03,16.09,,,FALSE,9/20/07,9/20/07,,
111-MZ-T01,Pre-PQ Process,SO-1038,DN-426,Mozambique,PMO - US,From RDC,N/A - From RDC,Air,ARV,Adult,SCMS from RDC,"Efavirenz 600mg, tablets, 30 Tabs",Efavirenz,Generic,600mg,Tablet,"Cipla, Goa, India",12729,30,37300,463266,12.42,0.41,741.23,,,FALSE,11/29/07,11/29/07,,
104-CI-T01,Pre-PQ Process,SO-1245,DN-423,Côte d'Ivoire,PMO - US,From RDC,N/A - From RDC,Air,ARV,Adult,SCMS from RDC,"Zidovudine 300mg, tablets, 60 Tabs",Zidovudine,Generic,300mg,Tablet,"Aurobindo Unit III, India",12734,60,6,48.9,8.15,0.14,0.08,,,FALSE,11/13/07,11/13/07,,
100-ZW-T01,Pre-PQ Process,SO-1150,DN-425,Zimbabwe,PMO - US,From RDC,N/A - From RDC,Air,ARV,Adult,SCMS from RDC,"Lamivudine/Nevirapine/Stavudine 150/200/30mg, tablets, 60 Tabs",Lamivudine/Nevirapine/Stavudine,Generic,150/200/30mg,Tablet - FDC,"Cipla, Goa, India",12735,60,22,162.8,7.4,0.12,0.26,,,FALSE,11/16/07,11/16/07,,
104-CI-T01,Pre-PQ Process,SO-1546,DN-609,Côte d'Ivoire,PMO - US,From RDC,N/A - From RDC,Air,ARV,Adult,SCMS from RDC,"Lamivudine/Stavudine 150/30mg, tablets, 30 Tabs",Lamivudine/Stavudine,Generic,150/30mg,Tablet - FDC,"Cipla, Goa, India",12736,30,44000,88000,2,0.07,140.8,,,FALSE,2/19/08,2/19/08,,
104-CI-T01,Pre-PQ Process,SO-1663,DN-611,Côte d'Ivoire,PMO - US,From RDC,N/A - From RDC,Air,ARV,Adult,SCMS from RDC,"Lamivudine/Nevirapine/Stavudine 150/200/30mg, tablets, 60 Tabs",Lamivudine/Nevirapine/Stavudine,Generic,150/200/30mg,Tablet - FDC,"Cipla, Goa, India",12737,60,44400,328560,7.4,0.12,525.7,,,FALSE,3/6/08,2/19/08,,
105-GY-T01,Pre-PQ Process,SO-1233,DN-416,Guyana,PMO - US,From RDC,N/A - From RDC,Air,ARV,Adult,SCMS from RDC,"Lopinavir/Ritonavir 200/50mg [Aluvia], tablets, 120 Tabs",Lopinavir/Ritonavir,Aluvia,200/50mg,Tablet,ABBVIE Ludwigshafen Germany,12738,120,986,81049.2,82.2,0.68,129.68,,,FALSE,11/7/07,11/7/07,,
104-CI-T01,Pre-PQ Process,SO-1101,DN-434,Côte d'Ivoire,PMO - US,From RDC,N/A - From RDC,Air,ARV,Pediatric,SCMS from RDC,"Abacavir 20mg/ml, oral solution, Bottle, 240 ml",Abacavir,Generic,20mg/ml,Oral solution,"Aurobindo Unit III, India",12739,240,96,2400,25,0.1,3.84,,,FALSE,11/22/07,11/22/07,,
110-ZM-T01,Pre-PQ Process,SO-1078,DN-438,Zambia,PMO - US,From RDC,N/A - From RDC,N/A,ARV,Adult,SCMS from RDC,"Lamivudine/Nevirapine/Stavudine 150/200/30mg, tablets, 60 Tabs",Lamivudine/Nevirapine/Stavudine,Generic,150/200/30mg,Tablet - FDC,"Cipla, Goa, India",12740,60,18974,140407.6,7.4,0.12,224.65,1928,7194.3,TRUE,11/21/07,11/21/07,,
106-HT-T01,Pre-PQ Process,SO-1286,DN-458,Haiti,PMO - US,From RDC,N/A - From RDC,Air,ARV,Pediatric,SCMS from RDC,"Efavirenz 200mg, capsule, 90 Caps",Efavirenz,Generic,200mg,Capsule,"Aurobindo Unit III, India",12741,90,500,8000,16,0.18,12.8,,,FALSE,12/5/07,12/5/07,,
106-HT-T01,Pre-PQ Process,SO-1286,DN-458,Haiti,PMO - US,From RDC,N/A - From RDC,Air,ARV,Pediatric,SCMS from RDC,"Zidovudine 100mg, capsules, 100 Caps",Zidovudine,Generic,100mg,Capsule,"Aurobindo Unit III, India",12742,100,480,2635.2,5.49,0.05,4.22,,,FALSE,12/5/07,12/5/07,,
104-CI-T01,Pre-PQ Process,SO-604,DN-446,Côte d'Ivoire,PMO - US,From RDC,N/A - From RDC,Air,ARV,Adult,SCMS from RDC,"Abacavir/Lamivudine/Zidovudine 300/150/300mg [Trizivir], tablets, 60 Tabs",Abacavir/Lamivudine/Zidovudine,Trizivir,300/150/300mg,Tablet - FDC,GSK Ware (UK),12748,60,488,34160,70,1.17,54.66,,,FALSE,11/30/07,11/30/07,,
104-CI-T01,Pre-PQ Process,SO-1297,DN-449,Côte d'Ivoire,PMO - US,From RDC,N/A - From RDC,Air,ARV,Adult,SCMS from RDC,"Lopinavir/Ritonavir 200/50mg [Aluvia], tablets, 120 Tabs",Lopinavir/Ritonavir,Aluvia,200/50mg,Tablet,ABBVIE Ludwigshafen Germany,12749,120,403,16563.3,41.1,0.34,26.5,88,1603.44,TRUE,12/18/07,12/18/07,,
112-NG-T01,Pre-PQ Process,SO-567,DN-475,Nigeria,PMO - US,From RDC,N/A - From RDC,Air,ARV,Adult,SCMS from RDC,"Lamivudine 150mg, tablets, 60 Tabs",Lamivudine,Generic,150mg,Tablet,"Aurobindo Unit III, India",12751,60,645,2134.95,3.31,0.06,3.42,,,FALSE,12/3/07,12/3/07,,
112-NG-T01,Pre-PQ Process,SO-567,DN-475,Nigeria,PMO - US,From RDC,N/A - From RDC,Air,ARV,Adult,SCMS from RDC,"Lamivudine/Nevirapine/Stavudine 150/200/30mg, tablets, 60 Tabs",Lamivudine/Nevirapine/Stavudine,Generic,150/200/30mg,Tablet - FDC,"Cipla, Goa, India",12752,60,1542,11565,7.5,0.12,18.5,,,FALSE,12/3/07,12/3/07,,
111-MZ-T01,Pre-PQ Process,SO-1040,DN-487,Mozambique,PMO - US,From RDC,N/A - From RDC,Air,ARV,Adult,SCMS from RDC,"Ritonavir 100mg [Norvir], capsules, cool, 84 Caps",Ritonavir,Norvir,100mg,Capsule,ABBVIE (Abbott) Logis. UK,12753,84,210,8055.6,38.36,0.46,12.89,63,740.16,TRUE,2/8/08,2/8/08,,
104-CI-T01,Pre-PQ Process,SO-1483,DN-501,Côte d'Ivoire,PMO - US,From RDC,N/A - From RDC,Air,ARV,Adult,SCMS from RDC,"Lamivudine/Nevirapine/Stavudine 150/200/30mg, tablets, 60 Tabs",Lamivudine/Nevirapine/Stavudine,Generic,150/200/30mg,Tablet - FDC,"Cipla, Goa, India",12754,60,40000,296000,7.4,0.12,473.6,4026,13325,TRUE,12/14/07,12/14/07,,
102-NG-T01,Pre-PQ Process,SO-1504,DN-515,Nigeria,PMO - US,From RDC,N/A - From RDC,Air,HRDT,HIV test,SCMS from RDC,"#108853** HIV, Genie II HIV-1/HIV-2 Kit, 40 Tests","HIV, Genie II HIV-1/HIV-2 Kit",Genie,N/A,Test kit,Bio-Rad Laboratories,12755,40,375,28500,76,1.9,45.6,411,3147,TRUE,1/9/08,1/9/08,,
112-NG-T01,Pre-PQ Process,SO-1570,DN-535,Nigeria,PMO - US,From RDC,N/A - From RDC,Air,ARV,Adult,SCMS from RDC,"Zidovudine 300mg, tablets, 60 Tabs",Zidovudine,Generic,300mg,Tablet,"Aurobindo Unit III, India",12756,60,125,1018.75,8.15,0.14,1.63,,,FALSE,1/9/08,1/9/08,,
117-ET-T01,Pre-PQ Process,SO-1523,DN-520,Ethiopia,PMO - US,From RDC,N/A - From RDC,Air,ARV,Adult,SCMS from RDC,"Lamivudine/Zidovudine 150/300mg, tablets, 60 Tabs",Lamivudine/Zidovudine,Generic,150/300mg,Tablet - FDC,"Aurobindo Unit III, India",12759,60,9691,92064.5,9.5,0.16,147.3,899,6483,TRUE,12/20/07,12/20/07,,
111-MZ-T01,Pre-PQ Process,SO-1039,DN-601,Mozambique,PMO - US,From RDC,N/A - From RDC,Air,ARV,Adult,SCMS from RDC,"Abacavir/Lamivudine/Zidovudine 300/150/300mg [Trizivir], tablets, 60 Tabs",Abacavir/Lamivudine/Zidovudine,Trizivir,300/150/300mg,Tablet - FDC,GSK Ware (UK),12760,60,2067,144690,70,1.17,231.5,,,FALSE,4/8/08,4/5/08,,
114-UG-T01,Pre-PQ Process,SO-1820,DN-622,Uganda,PMO - US,From RDC,N/A - From RDC,N/A,ARV,Adult,SCMS from RDC,"Lamivudine/Nevirapine/Stavudine 150/200/30mg, tablets, 60 Tabs",Lamivudine/Nevirapine/Stavudine,Generic,150/200/30mg,Tablet - FDC,"Cipla, Goa, India",12761,60,1860,13764,7.4,0.12,22.02,192,1617.52,TRUE,3/11/08,3/11/08,,
100-ZW-T01,Pre-PQ Process,SO-710,DN-488,Zimbabwe,PMO - US,From RDC,N/A - From RDC,Air,ARV,Adult,SCMS from RDC,"Lamivudine/Stavudine 150/30mg, tablets, 30 Tabs",Lamivudine/Stavudine,Generic,150/30mg,Tablet - FDC,"Cipla, Goa, India",12762,30,1600,3200,2,0.07,5.12,,,FALSE,1/14/08,1/14/08,,
106-HT-T01,Pre-PQ Process,SO-1285,DN-627,Haiti,PMO - US,From RDC,N/A - From RDC,Air,ARV,Adult,SCMS from RDC,"Zidovudine 300mg, tablets, 60 Tabs",Zidovudine,Generic,300mg,Tablet,"Aurobindo Unit III, India",12763,60,3000,24450,8.15,0.14,39.12,,,FALSE,3/8/08,3/8/08,,
111-MZ-T01,Pre-PQ Process,SO-1039,DN-628,Mozambique,PMO - US,From RDC,N/A - From RDC,Air,ARV,Adult,SCMS from RDC,"Efavirenz 600mg, tablets, 30 Tabs",Efavirenz,Generic,600mg,Tablet,"Aurobindo Unit III, India",12764,30,12663,157274.45,12.42,0.41,251.64,,,FALSE,4/8/08,4/5/08,,
106-HT-T01,Pre-PQ Process,SO-1287,DN-614,Haiti,PMO - US,From RDC,N/A - From RDC,Air,ARV,Adult,SCMS from RDC,"Lamivudine 150mg, tablets, 60 Tabs",Lamivudine,Generic,150mg,Tablet,"Ranbaxy, Paonta Shahib, India",12766,60,32129,97672.16,3.04,0.05,156.28,,,FALSE,3/4/08,2/21/08,,
117-ET-T01,Pre-PQ Process,SO-1542,DN-541,Ethiopia,PMO - US,From RDC,N/A - From RDC,Air,ARV,Adult,SCMS from RDC,"Lamivudine 150mg, tablets, 60 Tabs",Lamivudine,Generic,150mg,Tablet,"Ranbaxy, Paonta Shahib, India",12770,60,29500,89680,3.04,0.05,143.49,1640,11273,TRUE,12/20/07,1/9/08,,
114-UG-T01,Pre-PQ Process,SO-1299,DN-534,Uganda,PMO - US,From RDC,N/A - From RDC,Air,ARV,Adult,SCMS from RDC,"Lamivudine/Nevirapine/Stavudine 150/200/30mg, tablets, 60 Tabs",Lamivudine/Nevirapine/Stavudine,Generic,150/200/30mg,Tablet - FDC,"Cipla, Goa, India",12771,60,6500,48100,7.4,0.12,76.96,667,3609.2,TRUE,2/15/08,2/15/08,,
104-CI-T01,Pre-PQ Process,SO-1679,DN-581,Côte d'Ivoire,PMO - US,From RDC,N/A - From RDC,Air,ARV,Adult,SCMS from RDC,"Abacavir 300mg, tablets, 60 Tabs",Abacavir,Generic,300mg,Tablet,"Aurobindo Unit III, India",12772,60,5836,160665.08,27.53,0.46,257.06,,,FALSE,2/5/08,2/5/08,,
104-CI-T01,Pre-PQ Process,SO-1112,DN-582,Côte d'Ivoire,PMO - US,From RDC,N/A - From RDC,Air,ARV,Pediatric,SCMS from RDC,"Stavudine 1mg/ml, powder for oral solution, 200 ml",Stavudine,Generic,1mg/ml,Oral solution,"Aurobindo Unit III, India",12773,200,2326,3535.52,1.52,0.01,5.66,232,1704.79,TRUE,2/1/08,2/1/08,,
114-UG-T01,Pre-PQ Process,SO-1082,DN-589,Uganda,PMO - US,From RDC,N/A - From RDC,N/A,ARV,Adult,SCMS from RDC,"Nevirapine 200mg, tablets, 60 Tabs",Nevirapine,Generic,200mg,Tablet,"Ranbaxy, Paonta Shahib, India",12774,60,328,1115.2,3.4,0.06,1.78,,,FALSE,2/28/08,2/28/08,,
100-ZW-T01,Pre-PQ Process,SO-714,DN-709,Zimbabwe,PMO - US,From RDC,N/A - From RDC,Air,ARV,Adult,SCMS from RDC,"Efavirenz 600mg, tablets, 30 Tabs",Efavirenz,Generic,600mg,Tablet,Mylan (formerly Matrix) Nashik,12776,30,1860,23101.2,12.42,0.41,36.96,,,FALSE,4/21/08,4/21/08,,
106-HT-T01,Pre-PQ Process,SO-2594,DN-802,Haiti,PMO - US,From RDC,N/A - From RDC,Air,ARV,Adult,SCMS from RDC,"Lamivudine/Zidovudine 150/300mg, tablets, 60 Tabs",Lamivudine/Zidovudine,Generic,150/300mg,Tablet - FDC,"Cipla, Goa, India",12777,60,14995,141702.75,9.45,0.16,226.72,1586,17289,TRUE,7/4/08,7/4/08,,
112-NG-T01,Pre-PQ Process,SO-2351,DN-717,Nigeria,PMO - US,From RDC,N/A - From RDC,Air,ARV,Adult,SCMS from RDC,"Emtricitabine/Tenofovir Disoproxil Fumarate 200/300mg [Truvada], tablets, 30 Tabs",Emtricitabine/Tenofovir Disoproxil Fumarate,Truvada,300/200mg,Tablet - FDC,"Aspen-OSD, Port Elizabeth, SA",12778,30,16,420,26.25,0.88,0.67,,,FALSE,4/18/08,4/18/08,,
104-CI-T01,Pre-PQ Process,SO-1901,DN-735,Côte d'Ivoire,PMO - US,From RDC,N/A - From RDC,Air,ARV,Adult,SCMS from RDC,"Lamivudine/Nevirapine/Stavudine 150/200/30mg, tablets, 60 Tabs",Lamivudine/Nevirapine/Stavudine,Generic,150/200/30mg,Tablet - FDC,"Cipla, Goa, India",12779,60,3847,28467.8,7.4,0.12,45.55,408,1514.68,TRUE,5/14/08,5/14/08,,
131-NG-T01,Pre-PQ Process,SO-2575,DN-737,Nigeria,PMO - US,From RDC,N/A - From RDC,Air,ARV,Adult,SCMS from RDC,"Lamivudine/Nevirapine/Zidovudine 150/200/300mg, tablets, 60 Tabs",Lamivudine/Nevirapine/Zidovudine,Generic,150/300/200mg,Tablet - FDC,"Cipla, Goa, India",12780,60,16610,220580.8,13.28,0.22,352.93,,,FALSE,5/14/08,5/14/08,,
109-TZ-T01,Pre-PQ Process,SO-2556,DN-748,Tanzania,PMO - US,From RDC,N/A - From RDC,Truck,ARV,Adult,SCMS from RDC,"Lamivudine 150mg, tablets, 60 Tabs",Lamivudine,Generic,150mg,Tablet,"Ranbaxy, Paonta Shahib, India",12781,60,8805,25622.55,2.91,0.05,41,,,FALSE,6/30/08,6/30/08,,
109-TZ-T01,Pre-PQ Process,SO-2556,DN-748,Tanzania,PMO - US,From RDC,N/A - From RDC,Truck,ARV,Adult,SCMS from RDC,"Nevirapine 200mg, tablets, 60 Tabs",Nevirapine,Generic,200mg,Tablet,"Ranbaxy, Paonta Shahib, India",12782,60,87768,298411.2,3.4,0.06,477.46,,,FALSE,6/30/08,6/30/08,,
104-CI-T01,Pre-PQ Process,SO-2045,DN-761,Côte d'Ivoire,PMO - US,From RDC,N/A - From RDC,Air,ARV,Pediatric,SCMS from RDC,"Nevirapine 10mg/ml, oral suspension, Bottle, 240 ml",Nevirapine,Generic,10mg/ml,Oral suspension,"Aurobindo Unit III, India",12783,240,5536,10629.12,1.92,0.01,17.01,,,FALSE,6/2/08,6/2/08,,
111-MZ-T01,Pre-PQ Process,SO-2670,DN-768,Mozambique,PMO - US,From RDC,N/A - From RDC,Truck,ARV,Adult,SCMS from RDC,"Ritonavir 100mg [Norvir], capsules, cool, 84 Caps",Ritonavir,Norvir,100mg,Capsule,ABBVIE (Abbott) Logis. UK,12784,84,1358,13023.22,9.59,0.11,20.84,387,2107.14,TRUE,7/18/08,7/18/08,,
110-ZM-T01,Pre-PQ Process,SO-2485,DN-828,Zambia,PMO - US,From RDC,N/A - From RDC,Truck,ARV,Adult,SCMS from RDC,"Lamivudine/Zidovudine 150/300mg, tablets, 60 Tabs",Lamivudine/Zidovudine,Generic,150/300mg,Tablet - FDC,"Aurobindo Unit III, India",12785,60,9474,89529.3,9.45,0.16,143.25,,,FALSE,7/29/08,7/29/08,,
109-TZ-T01,Pre-PQ Process,SO-10970,DN-831,Tanzania,PMO - US,From RDC,N/A - From RDC,Air,ARV,Adult,SCMS from RDC,"Lamivudine/Nevirapine/Stavudine 150/200/30mg, tablets, 60 Tabs",Lamivudine/Nevirapine/Stavudine,Generic,150/200/30mg,Tablet - FDC,"Cipla, Goa, India",12786,60,40000,296000,7.4,0.12,473.6,4289,24594.29,TRUE,8/21/08,8/21/08,,
106-HT-T01,Pre-PQ Process,SO-2053,DN-744,Haiti,PMO - US,From RDC,N/A - From RDC,Air,ARV,Pediatric,SCMS from RDC,"Abacavir 20mg/ml, oral solution, Bottle, 240 ml",Abacavir,Generic,20mg/ml,Oral solution,"Aurobindo Unit III, India",12788,240,224,3696,16.5,0.07,5.91,,,FALSE,6/2/08,6/2/08,,
117-ET-T01,Pre-PQ Process,SO-1950,DN-669,Ethiopia,PMO - US,From RDC,N/A - From RDC,N/A,ARV,Adult,SCMS from RDC,"Stavudine 30mg, capsules, 60 Caps",Stavudine,Generic,30mg,Capsule,"Aurobindo Unit III, India",12789,60,78460,119259.2,1.52,0.03,190.81,5184,17910,TRUE,3/27/08,3/27/08,,
106-HT-T01,Pre-PQ Process,SO-2050,DN-736,Haiti,PMO - US,From RDC,N/A - From RDC,Air,ARV,Adult,SCMS from RDC,"Abacavir 300mg, tablets, 60 Tabs",Abacavir,Generic,300mg,Tablet,Mylan (formerly Matrix) Nashik,12790,60,270,7433.1,27.53,0.46,11.89,862,9711.2,TRUE,5/29/08,5/29/08,,
106-HT-T01,Pre-PQ Process,SO-2050,DN-736,Haiti,PMO - US,From RDC,N/A - From RDC,Air,ARV,Pediatric,SCMS from RDC,"Lamivudine 10mg/ml, oral solution, Bottle, 240 ml",Lamivudine,Generic,10mg/ml,Oral solution,"Aurobindo Unit III, India",12791,240,2415,4757.55,1.97,0.01,7.61,,,FALSE,5/29/08,5/29/08,,
100-ZW-T01,Pre-PQ Process,SO-716,DN-770,Zimbabwe,PMO - US,From RDC,N/A - From RDC,Air,ARV,Adult,SCMS from RDC,"Efavirenz 600mg, tablets, 30 Tabs",Efavirenz,Generic,600mg,Tablet,"Aurobindo Unit III, India",12792,30,1860,23101.2,12.42,0.41,36.96,,,FALSE,6/9/08,6/9/08,,
136-RW-T01,Pre-PQ Process,SO-11520,DN-842,Cameroon,PMO - US,From RDC,N/A - From RDC,Air,HRDT,HIV test,SCMS from RDC,"HIV 1/2, Uni-Gold HIV Kit, 20 Tests","HIV 1/2, Uni-Gold HIV Kit",Uni-Gold,N/A,Test kit,"Trinity Biotech, Plc",12793,20,2000,64000,32,1.6,102.4,643,7805.33,TRUE,8/20/08,8/20/08,,
113-ZW-T01,Pre-PQ Process,SO-1052,DN-838,Zimbabwe,PMO - US,From RDC,N/A - From RDC,Truck,HRDT,HIV test,SCMS from RDC,"HIV 1/2, Bioline 3.0 Kit, Lancets, Capillary pipets, Alcohol swabs included, 25 Tests","HIV 1/2, Bioline 3.0 Kit, Lancets, Capillary pipets, Alcohol swabs included",Bioline,N/A,Test kit,"Standard Diagnostics, Korea",12794,25,4342,86840,20,0.8,138.94,,,FALSE,7/26/08,7/26/08,,
125-HT-T01,Pre-PQ Process,SO-1291,DN-686,Haiti,PMO - US,From RDC,N/A - From RDC,Air,HRDT,HIV test,SCMS from RDC,"HIV 1/2, Determine HIV Kit, without Lancets, 100 Tests","HIV 1/2, Determine HIV Kit, without Lancets",Determine,N/A,Test kit,Inverness Japan,12795,100,15,1080,72,0.72,1.73,,,FALSE,4/3/08,4/3/08,,
110-ZM-T01,Pre-PQ Process,SO-2545,DN-779,Zambia,PMO - US,From RDC,N/A - From RDC,Air,ARV,Adult,SCMS from RDC,"Lamivudine/Stavudine 150/30mg, tablets, 30 Tabs",Lamivudine/Stavudine,Generic,150/30mg,Tablet - FDC,"Cipla, Goa, India",12796,30,81198,162396,2,0.07,259.83,4678,30610.2,TRUE,6/19/08,6/19/08,,
106-HT-T01,Pre-PQ Process,SO-2042,DN-682,Haiti,PMO - US,From RDC,N/A - From RDC,Air,ARV,Pediatric,SCMS from RDC,"Abacavir 20mg/ml, oral solution, Bottle, 240 ml",Abacavir,Generic,20mg/ml,Oral solution,"Aurobindo Unit III, India",12797,240,128,2112,16.5,0.07,3.38,,,FALSE,3/21/08,3/21/08,,
112-NG-T01,Pre-PQ Process,SO-2356,DN-801,Nigeria,PMO - US,From RDC,N/A - From RDC,Air,ARV,Adult,SCMS from RDC,"Tenofovir Disoproxil Fumarate 300mg [Viread], tablets, 30 Tabs",Tenofovir Disoproxil Fumarate,Viread,300mg,Tablet,"Aspen-OSD, Port Elizabeth, SA",12798,30,48,816,17,0.57,1.31,4,213.75,TRUE,6/30/08,6/30/08,,
111-MZ-T01,Pre-PQ Process,SO-1615,DN-698,Mozambique,PMO - US,From RDC,N/A - From RDC,Air,ARV,Adult,SCMS from RDC,"Efavirenz 600mg, tablets, 30 Tabs",Efavirenz,Generic,600mg,Tablet,"Aurobindo Unit III, India",12800,30,2500,31050,12.42,0.41,49.68,,,FALSE,6/23/08,6/23/08,,
111-MZ-T01,Pre-PQ Process,SO-1615,DN-698,Mozambique,PMO - US,From RDC,N/A - From RDC,Air,ARV,Adult,SCMS from RDC,"Lamivudine/Zidovudine 150/300mg, tablets, 60 Tabs",Lamivudine/Zidovudine,Generic,150/300mg,Tablet - FDC,"Cipla, Goa, India",12801,60,1728,16416,9.5,0.16,26.27,,,FALSE,6/23/08,6/23/08,,
113-ZW-T01,Pre-PQ Process,SO-1921,DN-645,Zimbabwe,PMO - US,From RDC,N/A - From RDC,Truck,ARV,Adult,SCMS from RDC,"Zidovudine 300mg, tablets, 60 Tabs",Zidovudine,Generic,300mg,Tablet,"Aurobindo Unit III, India",12803,60,3180,25917,8.15,0.14,41.47,182,1593.48,TRUE,3/7/08,3/7/08,,
102-KE-T01,Pre-PQ Process,SO-1973,DN-697,Kenya,PMO - US,From RDC,N/A - From RDC,Truck,HRDT,HIV test - Ancillary,SCMS from RDC,"HIV, Lancet, Safety, for HIV Test kits, 100 Pcs","HIV, Lancet, Safety, for HIV Test kits, 100 Pcs",Generic,N/A,Test kit - Ancillary,Inverness Japan,12805,100,2000,20,0.01,0,0.03,,,FALSE,3/31/08,3/31/08,,
111-MZ-T01,Pre-PQ Process,SO-2217,DN-699,Mozambique,PMO - US,From RDC,N/A - From RDC,Air,ARV,Adult,SCMS from RDC,"Nevirapine 200mg, tablets, 60 Tabs",Nevirapine,Generic,200mg,Tablet,Hetero Unit III Hyderabad IN,12806,60,3000,10200,3.4,0.06,16.32,168,1074.95,TRUE,4/21/08,4/21/08,,
114-UG-T01,Pre-PQ Process,SO-1995,DN-683,Uganda,PMO - US,From RDC,N/A - From RDC,Air,ARV,Pediatric,SCMS from RDC,"Nevirapine 10mg/ml, oral suspension, Bottle, 240 ml",Nevirapine,Generic,10mg/ml,Oral suspension,"Aurobindo Unit III, India",12808,240,127,243.84,1.92,0.01,0.39,46,740.34,TRUE,4/17/08,4/17/08,,
117-ET-T01,Pre-PQ Process,SO-1536,DN-630,Ethiopia,PMO - US,From RDC,N/A - From RDC,Air,ARV,Adult,SCMS from RDC,"Lamivudine 150mg, tablets, 60 Tabs",Lamivudine,Generic,150mg,Tablet,"Ranbaxy, Paonta Shahib, India",12809,60,30874,93856.96,3.04,0.05,150.17,1822,9742,TRUE,2/1/08,3/6/08,,
113-ZW-T01,Pre-PQ Process,SO-1873,DN-773,Zimbabwe,PMO - US,From RDC,N/A - From RDC,Air,HRDT,HIV test - Ancillary,SCMS from RDC,"HIV, Lancet, Safety, for HIV Test kits, 100 Pcs","HIV, Lancet, Safety, for HIV Test kits, 100 Pcs",Generic,N/A,Test kit - Ancillary,Inverness Japan,12810,100,550,5.5,0.01,0,0.01,,,FALSE,6/17/08,6/17/08,,
113-ZW-T01,Pre-PQ Process,SO-1053,DN-774,Zimbabwe,PMO - US,From RDC,N/A - From RDC,Truck,HRDT,HIV test,SCMS from RDC,"HIV 1/2, Determine HIV Kit, without Lancets, 100 Tests","HIV 1/2, Determine HIV Kit, without Lancets",Determine,N/A,Test kit,Inverness Japan,12811,100,1800,129582,71.99,0.72,207.33,,,FALSE,6/17/08,6/17/08,,
114-UG-T01,Pre-PQ Process,SO-2621,DN-812,Uganda,PMO - US,From RDC,N/A - From RDC,Air,ARV,Adult,SCMS from RDC,"Lamivudine/Nevirapine/Zidovudine 150/200/300mg, tablets, 60 Tabs",Lamivudine/Nevirapine/Zidovudine,Generic,150/300/200mg,Tablet - FDC,"Aurobindo Unit III, India",12812,60,1400,18900,13.5,0.22,30.24,156,1282.6,TRUE,8/21/08,8/21/08,,
110-ZM-T01,Pre-PQ Process,SO-2484,DN-976,Zambia,PMO - US,From RDC,N/A - From RDC,Truck,ARV,Adult,SCMS from RDC,"Efavirenz 600mg, tablets, 30 Tabs",Efavirenz,Generic,600mg,Tablet,Mylan (formerly Matrix) Nashik,12813,30,35000,420350,12.01,0.4,823.89,2641,2938.92,TRUE,11/7/08,11/7/08,,
110-ZM-T01,Pre-PQ Process,SO-2487,DN-977,Zambia,PMO - US,From RDC,N/A - From RDC,Truck,ARV,Adult,SCMS from RDC,"Lamivudine/Zidovudine 150/300mg, tablets, 60 Tabs",Lamivudine/Zidovudine,Generic,150/300mg,Tablet - FDC,"Aurobindo Unit III, India",12814,60,50000,472500,9.45,0.16,926.1,4585,2938.92,TRUE,11/7/08,11/7/08,,
104-CI-T01,Pre-PQ Process,SO-16210,DN-1047,Côte d'Ivoire,PMO - US,From RDC,N/A - From RDC,Air,ARV,Adult,SCMS from RDC,"Nevirapine 200mg, tablets, 60 Tabs",Nevirapine,Generic,200mg,Tablet,"Aurobindo Unit III, India",12817,60,4100,13120,3.2,0.05,25.72,,,FALSE,1/19/09,1/19/09,,
102-KE-T01,Pre-PQ Process,SO-11460,DN-963,Kenya,PMO - US,From RDC,N/A - From RDC,Truck,HRDT,HIV test,SCMS from RDC,"HIV 1/2, Bioline 3.0 Kit, Lancets, Capillary pipets, Alcohol swabs included, 25 Tests","HIV 1/2, Bioline 3.0 Kit, Lancets, Capillary pipets, Alcohol swabs included",Bioline,N/A,Test kit,"Standard Diagnostics, Korea",12818,25,19999,399980,20,0.8,783.96,6074,1250,TRUE,10/16/08,10/16/08,,
109-TZ-T01,Pre-PQ Process,SO-2561,DN-845,Tanzania,PMO - US,From RDC,N/A - From RDC,Truck,ARV,Adult,SCMS from RDC,"Lamivudine 150mg, tablets, 60 Tabs",Lamivudine,Generic,150mg,Tablet,"Aurobindo Unit III, India",12819,60,32544,94703.04,2.91,0.05,151.52,1608,1700.32,TRUE,8/22/08,8/22/08,,
106-HT-T01,Pre-PQ Process,SO-12140,DN-860,Haiti,PMO - US,From RDC,N/A - From RDC,Air,ARV,Pediatric,SCMS from RDC,"Stavudine 1mg/ml, powder for oral solution, 200 ml",Stavudine,Generic,1mg/ml,Oral solution,"Aurobindo Unit III, India",12820,200,1500,2100,1.4,0.01,3.36,235,3022.74,TRUE,8/11/08,8/11/08,,
106-HT-T01,Pre-PQ Process,SO-12140,DN-860,Haiti,PMO - US,From RDC,N/A - From RDC,Air,ARV,Pediatric,SCMS from RDC,"Efavirenz 50mg, capsule, 30 Caps",Efavirenz,Generic,50mg,Capsule,"Aurobindo Unit III, India",12821,30,1500,3360,2.24,0.07,5.38,,,FALSE,8/11/08,8/11/08,,
112-NG-T01,Pre-PQ Process,SO-2729,DN-1008,Nigeria,PMO - US,From RDC,N/A - From RDC,Air,ARV,Adult,SCMS from RDC,"Ritonavir 100mg [Norvir], capsules, cool, 4 x 84 Caps",Ritonavir,Norvir,100mg,Capsule,ABBVIE (Abbott) France,12822,336,2,76.72,38.36,0.11,0.15,,,FALSE,11/17/08,11/17/08,,
130-NG-T01,Pre-PQ Process,SO-10660,DN-1011,Nigeria,PMO - US,From RDC,N/A - From RDC,Air,ARV,Adult,SCMS from RDC,"Lamivudine/Stavudine 150/30mg, tablets, 60 Tabs",Lamivudine/Stavudine,Generic,150/30mg,Tablet - FDC,Mylan (formerly Matrix) Nashik,12823,60,1152,4492.8,3.9,0.06,8.81,85,1266.05,TRUE,11/20/08,11/20/08,,
112-NG-T01,Pre-PQ Process,SO-2727,DN-888,Nigeria,PMO - US,From RDC,N/A - From RDC,Air,ARV,Adult,SCMS from RDC,"Emtricitabine/Tenofovir Disoproxil Fumarate 200/300mg [Truvada], tablets, 30 Tabs",Emtricitabine/Tenofovir Disoproxil Fumarate,Truvada,300/200mg,Tablet - FDC,"Aspen-OSD, Port Elizabeth, SA",12824,30,4,105,26.25,0.88,0.17,,,FALSE,8/31/08,8/31/08,,
130-NG-T01,Pre-PQ Process,SO-10550,DN-889,Nigeria,PMO - US,From RDC,N/A - From RDC,Air,ARV,Adult,SCMS from RDC,"Lamivudine/Stavudine 150/30mg, tablets, 60 Tabs",Lamivudine/Stavudine,Generic,150/30mg,Tablet - FDC,Mylan (formerly Matrix) Nashik,12825,60,784,3057.6,3.9,0.06,4.89,58,1102.98,TRUE,9/16/08,9/16/08,,
100-PK-T01,Pre-PQ Process,SO-14930,DN-1004,Pakistan,PMO - US,From RDC,N/A - From RDC,Air,HRDT,HIV test - Ancillary,SCMS from RDC,"HIV, Lancet, Safety, for HIV Test kits, 100 Pcs","HIV, Lancet, Safety, for HIV Test kits, 100 Pcs",Generic,N/A,Test kit - Ancillary,Inverness Japan,12826,100,12,0.12,0.01,0,0,,,FALSE,11/17/08,11/17/08,,
112-NG-T01,Pre-PQ Process,SO-11032,DN-920,Nigeria,PMO - US,From RDC,N/A - From RDC,Air,ARV,Adult,SCMS from RDC,"Lopinavir/Ritonavir 200/50mg [Aluvia], tablets, 120 Tabs",Lopinavir/Ritonavir,Aluvia,200/50mg,Tablet,ABBVIE Ludwigshafen Germany,12827,120,94,3863.4,41.1,0.34,6.18,27,1058,TRUE,9/26/08,9/26/08,,
102-KE-T01,Pre-PQ Process,SO-11450,DN-937,Kenya,PMO - US,From RDC,N/A - From RDC,Truck,HRDT,HIV test,SCMS from RDC,"HIV 1/2, Bioline 3.0 Kit, Lancets, Capillary pipets, Alcohol swabs included, 25 Tests","HIV 1/2, Bioline 3.0 Kit, Lancets, Capillary pipets, Alcohol swabs included",Bioline,N/A,Test kit,"Standard Diagnostics, Korea",12828,25,20000,400000,20,0.8,640,6067,1250,TRUE,9/25/08,9/25/08,,
110-ZM-T01,Pre-PQ Process,SO-2486,DN-912,Zambia,PMO - US,From RDC,N/A - From RDC,Truck,ARV,Adult,SCMS from RDC,"Lamivudine/Zidovudine 150/300mg, tablets, 60 Tabs",Lamivudine/Zidovudine,Generic,150/300mg,Tablet - FDC,"Aurobindo Unit III, India",12829,60,50000,472500,9.45,0.16,756,,,FALSE,9/23/08,9/23/08,,
127-KE-T01,Pre-PQ Process,SO-21980,DN-1049,Kenya,PMO - US,From RDC,N/A - From RDC,Air,ARV,Adult,SCMS from RDC,"Efavirenz 600mg, tablets, 30 Tabs",Efavirenz,Generic,600mg,Tablet,"Aurobindo Unit III, India",12830,30,3770,37.7,0.01,0,0.07,,,TRUE,1/15/09,1/15/09,,
109-TZ-T01,Pre-PQ Process,SO-1697,DN-893,Tanzania,PMO - US,From RDC,N/A - From RDC,N/A,ARV,Adult,SCMS from RDC,"Abacavir 300mg, tablets, 60 Tabs",Abacavir,Generic,300mg,Tablet,"Aurobindo Unit III, India",12835,60,5730,157746.9,27.53,0.46,252.4,,,FALSE,9/15/08,9/15/08,,
111-MZ-T01,Pre-PQ Process,SO-15080,DN-1034,Mozambique,PMO - US,From RDC,N/A - From RDC,Air,ARV,Adult,SCMS from RDC,"Indinavir 400mg [Crixivan], capsules, 180 Caps",Indinavir,Crixivan,400mg,Capsule,"MSD, Haarlem, NL",12836,180,252,12600,50,0.28,24.7,,,FALSE,2/21/09,2/21/09,,
113-ZW-T01,Pre-PQ Process,SO-14000,DN-1044,Zimbabwe,PMO - US,From RDC,N/A - From RDC,Truck,ARV,Adult,SCMS from RDC,"Efavirenz 600mg, tablets, 30 Tabs",Efavirenz,Generic,600mg,Tablet,"Aurobindo Unit III, India",12837,30,4000,48040,12.01,0.4,94.16,,,FALSE,2/16/09,2/16/09,,
111-MZ-T01,Pre-PQ Process,SO-2424,DN-850,Mozambique,PMO - US,From RDC,N/A - From RDC,Air,ARV,Adult,SCMS from RDC,"Lamivudine/Stavudine 150/30mg, tablets, 60 Tabs",Lamivudine/Stavudine,Generic,150/30mg,Tablet - FDC,Mylan (formerly Matrix) Nashik,12838,60,11980,46722,3.9,0.06,74.76,,,FALSE,9/5/08,9/5/08,,
117-ET-T01,Pre-PQ Process,SO-14230,DN-907,Ethiopia,PMO - US,From RDC,N/A - From RDC,Truck,ARV,Adult,SCMS from RDC,"Ritonavir 100mg [Norvir], capsules, cool, 4 x 84 Caps",Ritonavir,Norvir,100mg,Capsule,ABBVIE (Abbott) Logis. UK,12839,336,14,537.04,38.36,0.11,0.86,25,505,TRUE,9/16/08,9/16/08,,
117-ET-T01,Pre-PQ Process,SO-14230,DN-907,Ethiopia,PMO - US,From RDC,N/A - From RDC,Truck,ARV,Adult,SCMS from RDC,"Indinavir 400mg [Crixivan], capsules, 180 Caps",Indinavir,Crixivan,400mg,Capsule,"MSD, Haarlem, NL",12840,180,50,2500,50,0.28,4,,,FALSE,9/16/08,9/16/08,,
117-ET-T01,Pre-PQ Process,SO-21350,DN-1037,Ethiopia,PMO - US,From RDC,N/A - From RDC,Air,ARV,Pediatric,SCMS from RDC,"Lamivudine 10mg/ml, oral solution, Bottle, 240 ml",Lamivudine,Generic,10mg/ml,Oral solution,"Aurobindo Unit III, India",12841,240,2005,3809.5,1.9,0.01,7.47,692,4983.22,TRUE,12/19/08,12/19/08,,
114-UG-T01,Pre-PQ Process,SO-17751,DN-1077,Uganda,PMO - US,From RDC,N/A - From RDC,Air,ARV,Adult,SCMS from RDC,"Lamivudine/Nevirapine/Zidovudine 150/200/300mg, tablets, 60 Tabs",Lamivudine/Nevirapine/Zidovudine,Generic,150/300/200mg,Tablet - FDC,"Aurobindo Unit III, India",12842,60,14600,172280,11.8,0.2,337.67,1657,9995.55,TRUE,2/19/09,2/19/09,,
104-CI-T01,Pre-PQ Process,SO-21841,DN-1098,Côte d'Ivoire,PMO - US,From RDC,N/A - From RDC,Air,ARV,Pediatric,SCMS from RDC,"Zidovudine 10mg/ml, oral solution, Bottle, 240 ml",Zidovudine,Generic,10mg/ml,Oral solution,"Aurobindo Unit III, India",12843,240,2800,5880,2.1,0.01,11.52,,,FALSE,2/27/09,2/27/09,,
113-ZW-T01,Pre-PQ Process,SO-18100,DN-1115,Zimbabwe,PMO - US,From RDC,N/A - From RDC,Truck,ARV,Adult,SCMS from RDC,"Efavirenz 600mg, tablets, 30 Tabs",Efavirenz,Generic,600mg,Tablet,"Aurobindo Unit III, India",12844,30,4000,48040,12.01,0.4,94.16,,,FALSE,4/6/09,4/6/09,,
100-PK-T01,Pre-PQ Process,SO-22440,DN-1147,Pakistan,PMO - US,From RDC,N/A - From RDC,Air,HRDT,HIV test,SCMS from RDC,"HIV 1/2, Determine Complete HIV Kit, 100 Tests","HIV 1/2, Determine Complete HIV Kit",Determine,N/A,Test kit,Inverness Japan,12845,100,28,2800,100,1,5.49,,,FALSE,4/1/09,4/1/09,,
100-PK-T01,Pre-PQ Process,SO-22440,DN-1147,Pakistan,PMO - US,From RDC,N/A - From RDC,Air,HRDT,HIV test,SCMS from RDC,"HIV 1/2, Bioline 3.0 Kit, Lancets, Capillary pipets, Alcohol swabs included, 25 Tests","HIV 1/2, Bioline 3.0 Kit, Lancets, Capillary pipets, Alcohol swabs included",Bioline,N/A,Test kit,"Standard Diagnostics, Korea",12846,25,12,240,20,0.8,0.47,,,FALSE,4/1/09,4/1/09,,
113-ZW-T01,Pre-PQ Process,SO-18100,DN-1115,Zimbabwe,PMO - US,From RDC,N/A - From RDC,Truck,ARV,Adult,SCMS from RDC,"Lamivudine/Stavudine 150/30mg, tablets, 30 Tabs",Lamivudine/Stavudine,Generic,150/30mg,Tablet - FDC,"Cipla, Goa, India",12849,30,8000,16000,2,0.07,31.36,,,FALSE,4/6/09,4/6/09,,
104-CI-T01,Pre-PQ Process,SO-21880,DN-1152,Côte d'Ivoire,PMO - US,From RDC,N/A - From RDC,Air,ARV,Adult,SCMS from RDC,"Nevirapine 200mg, tablets, 60 Tabs",Nevirapine,Generic,200mg,Tablet,"Aurobindo Unit III, India",12850,60,9599,28797,3,0.05,56.44,,,FALSE,4/30/09,4/30/09,,
104-CI-T01,Pre-PQ Process,SO-21880,DN-1152,Côte d'Ivoire,PMO - US,From RDC,N/A - From RDC,Air,ARV,Adult,SCMS from RDC,"Tenofovir Disoproxil Fumarate 300mg, tablets, 30 Tabs",Tenofovir Disoproxil Fumarate,Generic,300mg,Tablet,Mylan (formerly Matrix) Nashik,12851,30,2200,29216,13.28,0.44,57.26,,,FALSE,4/30/09,4/30/09,,
110-ZM-T01,Pre-PQ Process,SO-14040,DN-905,Zambia,PMO - US,From RDC,N/A - From RDC,Air,ARV,Adult,SCMS from RDC,"Nevirapine 200mg, tablets, 60 Tabs",Nevirapine,Generic,200mg,Tablet,"Aurobindo Unit III, India",12852,60,9408,31987.2,3.4,0.06,51.18,893,6269.7,TRUE,9/23/08,9/23/08,,
123-NG-T01,Pre-PQ Process,SO-11230,DN-883,Nigeria,PMO - US,From RDC,N/A - From RDC,Air,ARV,Adult,SCMS from RDC,"Emtricitabine/Tenofovir Disoproxil Fumarate 200/300mg [Truvada], tablets, 30 Tabs",Emtricitabine/Tenofovir Disoproxil Fumarate,Truvada,300/200mg,Tablet - FDC,"Aspen-OSD, Port Elizabeth, SA",12853,30,12696,333270,26.25,0.88,533.23,1114,7641.1,TRUE,8/24/08,8/24/08,,
110-ZM-T01,Pre-PQ Process,SO-2479,DN-861,Zambia,PMO - US,From RDC,N/A - From RDC,Truck,ARV,Adult,SCMS from RDC,"Efavirenz 600mg, tablets, 30 Tabs",Efavirenz,Generic,600mg,Tablet,Mylan (formerly Matrix) Nashik,12854,30,50000,600500,12.01,0.4,960.8,,,FALSE,8/20/08,8/20/08,,
109-TZ-T01,Pre-PQ Process,SO-11860,DN-852,Tanzania,PMO - US,From RDC,N/A - From RDC,Air,ARV,Adult,SCMS from RDC,"Lamivudine/Zidovudine 150/300mg, tablets, 60 Tabs",Lamivudine/Zidovudine,Generic,150/300mg,Tablet - FDC,"Aurobindo Unit III, India",12857,60,76427,722235.1,9.45,0.16,1155.58,7017,5367.09,TRUE,8/22/08,8/22/08,,
117-ET-T01,Pre-PQ Process,SO-22000,DN-1060,Ethiopia,PMO - US,From RDC,N/A - From RDC,Air,ARV,Adult,SCMS from RDC,"Efavirenz 600mg, tablets, 30 Tabs",Efavirenz,Generic,600mg,Tablet,Mylan (formerly Matrix) Nashik,12858,30,27590,293005.8,10.62,0.35,574.29,,,FALSE,2/18/09,2/18/09,,
117-ET-T01,Pre-PQ Process,SO-22010,DN-1061,Ethiopia,PMO - US,From RDC,N/A - From RDC,Air,ARV,Adult,SCMS from RDC,"Efavirenz 600mg, tablets, 30 Tabs",Efavirenz,Generic,600mg,Tablet,"Aurobindo Unit III, India",12859,30,11549,122650.38,10.62,0.35,240.39,,,FALSE,1/29/09,1/29/09,,
117-ET-T01,Pre-PQ Process,SO-22030,DN-1062,Ethiopia,PMO - US,From RDC,N/A - From RDC,Air,ARV,Adult,SCMS from RDC,"Efavirenz 600mg, tablets, 30 Tabs",Efavirenz,Generic,600mg,Tablet,"Aurobindo Unit III, India",12860,30,35299,374875.38,10.62,0.35,734.76,,,FALSE,3/4/09,3/4/09,,
123-NG-T01,Pre-PQ Process,SO-2554,DN-960,Nigeria,PMO - US,From RDC,N/A - From RDC,Air,ARV,Adult,SCMS from RDC,"Nevirapine 200mg, tablets, 60 Tabs",Nevirapine,Generic,200mg,Tablet,"Aurobindo Unit III, India",12862,60,6002,20406.8,3.4,0.06,40,,,FALSE,10/30/08,10/30/08,,
123-NG-T01,Pre-PQ Process,SO-13000,DN-1026,Nigeria,PMO - US,From RDC,N/A - From RDC,Air,ARV,Adult,SCMS from RDC,"Stavudine 30mg, capsules, 60 Caps",Stavudine,Generic,30mg,Capsule,"Aurobindo Unit III, India",12863,60,7876,12207.8,1.55,0.03,23.93,521,4608.92,TRUE,12/17/08,12/17/08,,
131-NG-T01,Pre-PQ Process,SO-22800,DN-1123,Nigeria,PMO - US,From RDC,N/A - From RDC,Air Charter,ARV,Adult,SCMS from RDC,"Efavirenz 600mg, tablets, 30 Tabs",Efavirenz,Generic,600mg,Tablet,"Aurobindo Unit III, India",12864,30,16000,155520,9.72,0.32,304.82,1364,,TRUE,3/19/09,3/19/09,,
112-NG-T01,Pre-PQ Process,SO-20960,DN-1124,Nigeria,PMO - US,From RDC,N/A - From RDC,Air Charter,ARV,Adult,SCMS from RDC,"Lamivudine/Zidovudine 150/300mg, tablets, 60 Tabs",Lamivudine/Zidovudine,Generic,150/300mg,Tablet - FDC,"Aurobindo Unit III, India",12865,60,3231,28303.56,8.76,0.15,55.47,,,FALSE,3/19/09,3/19/09,,
151-NG-T01,Pre-PQ Process,SO-21806,DN-1140,Nigeria,PMO - US,From RDC,N/A - From RDC,Air Charter,ARV,Adult,SCMS from RDC,"Lamivudine/Nevirapine/Zidovudine 150/200/300mg, tablets, 60 Tabs",Lamivudine/Nevirapine/Zidovudine,Generic,150/300/200mg,Tablet - FDC,"Aurobindo Unit III, India",12866,60,67842,773398.8,11.4,0.19,1515.86,7627,11492.86,TRUE,3/19/09,3/19/09,,
104-CI-T01,Pre-PQ Process,SO-19340,DN-1122,Côte d'Ivoire,PMO - US,From RDC,N/A - From RDC,Air,ARV,Adult,SCMS from RDC,"Lamivudine/Zidovudine 150/300mg, tablets, 60 Tabs",Lamivudine/Zidovudine,Generic,150/300mg,Tablet - FDC,"Aurobindo Unit III, India",12868,60,28624,267634.4,9.35,0.16,524.56,2583,7608.7,TRUE,4/29/09,4/29/09,,
113-ZW-T01,Pre-PQ Process,SO-13980,DN-972,Zimbabwe,PMO - US,From RDC,N/A - From RDC,Truck,ARV,Adult,SCMS from RDC,"Lamivudine/Stavudine 150/30mg, tablets, 30 Tabs",Lamivudine/Stavudine,Generic,150/30mg,Tablet - FDC,"Cipla, Goa, India",12869,30,8000,16000,2,0.07,31.36,483,2947.59,TRUE,10/31/08,10/31/08,,
510-KE-T01,Pre-PQ Process,SO-12710,DN-879,Kenya,PMO - US,From RDC,N/A - From RDC,Truck,HRDT,HIV test,SCMS from RDC,"HIV 1/2, Uni-Gold HIV Kit, 20 Tests","HIV 1/2, Uni-Gold HIV Kit",Uni-Gold,N/A,Test kit,"Trinity Biotech, Plc",12870,20,1067,34144,32,1.6,54.63,297,3616.67,TRUE,8/20/08,8/20/08,,
104-CI-T01,Pre-PQ Process,SO-27020,DN-1160,Côte d'Ivoire,PMO - US,From RDC,N/A - From RDC,Air,ARV,Adult,SCMS from RDC,"Lamivudine 150mg, tablets, 60 Tabs",Lamivudine,Generic,150mg,Tablet,"Ranbaxy, Paonta Shahib, India",12871,60,10000,30400,3.04,0.05,59.58,,,TRUE,3/20/09,3/20/09,,
123-NG-T01,Pre-PQ Process,SO-22830,DN-1166,Nigeria,PMO - US,From RDC,N/A - From RDC,Air Charter,ARV,Pediatric,SCMS from RDC,"Efavirenz 200mg, capsule, 90 Caps",Efavirenz,Generic,200mg,Capsule,"Aurobindo Unit III, India",12873,90,1132,17274.32,15.26,0.17,33.86,,,FALSE,5/8/09,5/8/09,,
113-ZW-T01,Pre-PQ Process,SO-18110,DN-1168,Zimbabwe,PMO - US,From RDC,N/A - From RDC,Truck,ARV,Adult,SCMS from RDC,"Lamivudine/Nevirapine/Stavudine 150/200/30mg, tablets, 60 Tabs",Lamivudine/Nevirapine/Stavudine,Generic,150/200/30mg,Tablet - FDC,"Cipla, Goa, India",12874,60,76000,562400,7.4,0.12,1102.3,,,FALSE,4/27/09,4/27/09,,
111-MZ-T01,Pre-PQ Process,SO-17531,DN-1181,Mozambique,PMO - US,From RDC,N/A - From RDC,Truck,ARV,Adult,SCMS from RDC,"Lamivudine/Nevirapine/Stavudine 150/200/30mg, tablets, 60 Tabs",Lamivudine/Nevirapine/Stavudine,Generic,150/200/30mg,Tablet - FDC,"Strides, Bangalore, India.",12875,60,135000,972000,7.2,0.12,1905.12,10053,10211.52,TRUE,6/3/09,6/3/09,,
109-TZ-T01,Pre-PQ Process,SO-18740,DN-1180,Tanzania,PMO - US,From RDC,N/A - From RDC,Truck,ARV,Pediatric,SCMS from RDC,"Abacavir 20mg/ml, oral solution, Bottle, 240 ml",Abacavir,Generic,20mg/ml,Oral solution,"Aurobindo Unit III, India",12876,240,1977,31928.55,16.15,0.07,62.58,,,FALSE,5/11/09,5/11/09,,
123-NG-T01,Pre-PQ Process,SO-22831,DN-1172,Nigeria,PMO - US,From RDC,N/A - From RDC,Air,ARV,Adult,SCMS from RDC,"Nevirapine 200mg, tablets, 60 Tabs",Nevirapine,Generic,200mg,Tablet,"Aurobindo Unit III, India",12877,60,248,793.6,3.2,0.05,1.56,24,1547.94,TRUE,4/30/09,4/30/09,,
112-NG-T01,Pre-PQ Process,SO-20962,DN-1182,Nigeria,PMO - US,From RDC,N/A - From RDC,Air,ARV,Adult,SCMS from RDC,"Nevirapine 200mg, tablets, 60 Tabs",Nevirapine,Generic,200mg,Tablet,Hetero Unit III Hyderabad IN,12878,60,1067,3414.4,3.2,0.05,6.69,60,1981.1,TRUE,4/30/09,4/30/09,,
123-NG-T01,Pre-PQ Process,SO-23430,DN-1183,Nigeria,PMO - US,From RDC,N/A - From RDC,Air Charter,ARV,Adult,SCMS from RDC,"Lamivudine/Zidovudine 150/300mg, tablets, 60 Tabs",Lamivudine/Zidovudine,Generic,150/300mg,Tablet - FDC,"Aurobindo Unit III, India",12879,60,35000,327250,9.35,0.16,641.41,3162,15128.37,TRUE,5/8/09,5/8/09,,
100-GH-T01,Pre-PQ Process,SO-30700,DN-1235,Ghana,PMO - US,From RDC,N/A - From RDC,Truck,ARV,Adult,SCMS from RDC,"Zidovudine 300mg, tablets, 60 Tabs",Zidovudine,Generic,300mg,Tablet,"Aurobindo Unit III, India",12883,60,8346,83.46,0.01,0,0.16,,,FALSE,8/12/09,8/12/09,,
112-NG-T01,Pre-PQ Process,SO-21050,DN-1244,Nigeria,PMO - US,From RDC,N/A - From RDC,Air Charter,ARV,Adult,SCMS from RDC,"Efavirenz 600mg, tablets, 30 Tabs",Efavirenz,Generic,600mg,Tablet,"Aurobindo Unit III, India",12885,30,2178,23522.4,10.8,0.36,46.1,,,FALSE,6/16/09,6/16/09,,
112-NG-T01,Pre-PQ Process,SO-21050,DN-1244,Nigeria,PMO - US,From RDC,N/A - From RDC,Air Charter,ARV,Pediatric,SCMS from RDC,"Lamivudine 10mg/ml, oral solution, Bottle, 240 ml",Lamivudine,Generic,10mg/ml,Oral solution,"Aurobindo Unit III, India",12886,240,806,1531.4,1.9,0.01,3,,,FALSE,6/16/09,6/16/09,,
114-UG-T01,Pre-PQ Process,SO-30070,DN-1254,Uganda,PMO - US,From RDC,N/A - From RDC,Air,ARV,Adult,SCMS from RDC,"Lamivudine/Nevirapine/Stavudine 150/200/30mg, tablets, 60 Tabs",Lamivudine/Nevirapine/Stavudine,Generic,150/200/30mg,Tablet - FDC,"Strides, Bangalore, India.",12887,60,3895,27732.4,7.12,0.12,54.36,289,2798.7,TRUE,6/1/09,6/1/09,,
123-NG-T01,Pre-PQ Process,SO-24480,DN-1276,Nigeria,PMO - US,From RDC,N/A - From RDC,Air Charter,ARV,Adult,SCMS from RDC,"Indinavir 400mg [Crixivan], capsules, 180 Caps",Indinavir,Crixivan,400mg,Capsule,"MSD, Haarlem, NL",12892,180,400,20000,50,0.28,39.2,89,7329.83,TRUE,6/16/09,6/16/09,,
151-NG-T01,Pre-PQ Process,SO-30024,DN-1291,Nigeria,PMO - US,From RDC,N/A - From RDC,Air Charter,ARV,Adult,SCMS from RDC,"Lamivudine/Nevirapine/Zidovudine 150/200/300mg, tablets, 60 Tabs",Lamivudine/Nevirapine/Zidovudine,Generic,150/300/200mg,Tablet - FDC,"Aurobindo Unit III, India",12893,60,3190,36366,11.4,0.19,71.28,361,7329.83,TRUE,6/16/09,6/16/09,,
123-NG-T01,Pre-PQ Process,SO-24481,DN-1296,Nigeria,PMO - US,From RDC,N/A - From RDC,Air Charter,ARV,Adult,SCMS from RDC,"Indinavir 400mg [Crixivan], capsules, 180 Caps",Indinavir,Crixivan,400mg,Capsule,"MSD, Haarlem, NL",12894,180,400,20000,50,0.28,39.2,,,FALSE,6/16/09,6/16/09,,
111-MZ-T01,Pre-PQ Process,SO-32110,DN-1305,Mozambique,PMO - US,From RDC,N/A - From RDC,Air,ARV,Adult,SCMS from RDC,"Nevirapine 200mg, tablets, 60 Tabs",Nevirapine,Generic,200mg,Tablet,Hetero Unit III Hyderabad IN,12896,60,9310,29792,3.2,0.05,58.39,376,2342.92,TRUE,8/20/09,8/20/09,,
110-ZM-T01,Pre-PQ Process,SO-17640,DN-1324,Zambia,PMO - US,From RDC,N/A - From RDC,Air,ARV,Adult,SCMS from RDC,"Efavirenz 600mg, tablets, 30 Tabs",Efavirenz,Generic,600mg,Tablet,"Aurobindo Unit III, India",12897,30,22260,244860,11,0.37,479.93,1921,2448.71,TRUE,9/4/09,9/4/09,,
111-MZ-T01,Pre-PQ Process,SO-26423,DN-1332,Mozambique,PMO - US,From RDC,N/A - From RDC,Truck,ARV,Adult,SCMS from RDC,"Lamivudine 150mg, tablets, 60 Tabs",Lamivudine,Generic,150mg,Tablet,"Aurobindo Unit III, India",12898,60,1894,4621.36,2.44,0.04,9.06,,,FALSE,8/27/09,8/27/09,,
151-NG-T01,Pre-PQ Process,SO-32647,DN-1341,Nigeria,PMO - US,From RDC,N/A - From RDC,Air Charter,ARV,Adult,SCMS from RDC,"Lamivudine/Nevirapine/Zidovudine 150/200/300mg, tablets, 60 Tabs",Lamivudine/Nevirapine/Zidovudine,Generic,150/300/200mg,Tablet - FDC,"Aurobindo Unit III, India",12899,60,1268,14455.2,11.4,0.19,28.33,143,7445.8,TRUE,8/4/09,8/4/09,,
110-ZM-T01,Pre-PQ Process,SO-30310,DN-1363,Zambia,PMO - US,From RDC,N/A - From RDC,Truck,ARV,Adult,SCMS from RDC,"Efavirenz 600mg, tablets, 30 Tabs",Efavirenz,Generic,600mg,Tablet,"Emcure Plot No.P-2, I.T-B.T. Park, Phase II, MIDC, Hinjwadi, Pune, India",12900,30,27941,307351,11,0.37,602.41,1970,6759.28,TRUE,9/29/09,9/29/09,,
106-HT-T01,Pre-PQ Process,SO-32750,DN-1372,Haiti,PMO - US,From RDC,N/A - From RDC,Air,ARV,Pediatric,SCMS from RDC,"Zidovudine 10mg/ml, oral solution, Bottle, 240 ml",Zidovudine,Generic,10mg/ml,Oral solution,"Aurobindo Unit III, India",12902,240,2757,5789.7,2.1,0.01,11.35,1038,11774.5,TRUE,8/27/09,8/27/09,,
106-HT-T01,Pre-PQ Process,SO-32760,DN-1373,Haiti,PMO - US,From RDC,N/A - From RDC,Air,ARV,Pediatric,SCMS from RDC,"Zidovudine 100mg, capsules, 100 Caps",Zidovudine,Generic,100mg,Capsule,"Aurobindo Unit III, India",12903,100,1260,6300,5,0.05,12.35,,,FALSE,7/31/09,7/31/09,,
106-HT-T01,Pre-PQ Process,SO-32730,DN-1374,Haiti,PMO - US,From RDC,N/A - From RDC,Air,ARV,Adult,SCMS from RDC,"Stavudine 20mg, capsules, 60 Caps",Stavudine,Generic,20mg,Capsule,"Aurobindo Unit III, India",12904,60,108,189,1.75,0.03,0.37,,,FALSE,7/31/09,7/31/09,,
104-CI-T01,Pre-PQ Process,SO-32220,DN-1390,Côte d'Ivoire,PMO - US,From RDC,N/A - From RDC,Air,ARV,Adult,SCMS from RDC,"Lamivudine/Nevirapine/Zidovudine 150/200/300mg, tablets, 60 Tabs",Lamivudine/Nevirapine/Zidovudine,Generic,150/300/200mg,Tablet - FDC,"Aurobindo Unit III, India",12905,60,18180,206343,11.35,0.19,404.43,2047,6739.08,TRUE,8/21/09,8/21/09,,
114-UG-T01,Pre-PQ Process,SO-32920,DN-1397,Uganda,PMO - US,From RDC,N/A - From RDC,Air,ARV,Adult,SCMS from RDC,"Lamivudine 150mg, tablets, 60 Tabs",Lamivudine,Generic,150mg,Tablet,"Aurobindo Unit III, India",12908,60,2237,5458.28,2.44,0.04,10.7,,,FALSE,8/24/09,8/24/09,,
114-UG-T01,Pre-PQ Process,SO-31440,DN-1408,Uganda,PMO - US,From RDC,N/A - From RDC,Ocean,ARV,Adult,SCMS from RDC,"Lamivudine/Nevirapine/Zidovudine 150/200/300mg, tablets, 60 Tabs",Lamivudine/Nevirapine/Zidovudine,Generic,150/300/200mg,Tablet - FDC,Mylan (formerly Matrix) Nashik,12909,60,8784,99698.4,11.35,0.19,195.41,1118,7338.54,TRUE,9/15/09,9/15/09,,
110-ZM-T01,Pre-PQ Process,SO-29030,DN-1407,Zambia,PMO - US,From RDC,N/A - From RDC,Truck,ARV,Adult,SCMS from RDC,"Efavirenz 600mg, tablets, 30 Tabs",Efavirenz,Generic,600mg,Tablet,"Aurobindo Unit III, India",12910,30,45964,367712,8,0.27,720.72,,,FALSE,10/19/09,10/19/09,,
104-CI-T01,Pre-PQ Process,SO-33220,DN-1422,Côte d'Ivoire,PMO - US,From RDC,N/A - From RDC,Air,ARV,Pediatric,SCMS from RDC,"Lamivudine 10mg/ml, oral solution, Bottle, 240 ml",Lamivudine,Generic,10mg/ml,Oral solution,"Aurobindo Unit III, India",12911,240,3181,6043.9,1.9,0.01,11.85,,,FALSE,9/16/09,9/16/09,,
114-UG-T01,Pre-PQ Process,SO-32940,DN-1425,Uganda,PMO - US,From RDC,N/A - From RDC,Air,ARV,Adult,SCMS from RDC,"Efavirenz 600mg, tablets, 30 Tabs",Efavirenz,Generic,600mg,Tablet,"Aurobindo Unit III, India",12912,30,29426,201568.1,6.85,0.23,395.07,2529,4031.3,TRUE,10/7/09,10/7/09,,
104-CI-T01,Pre-PQ Process,SO-33230,DN-1427,Côte d'Ivoire,PMO - US,From RDC,N/A - From RDC,Air,ARV,Adult,SCMS from RDC,"Lamivudine 150mg, tablets, 60 Tabs",Lamivudine,Generic,150mg,Tablet,"Aurobindo Unit III, India",12913,60,5830,14225.2,2.44,0.04,27.88,,,FALSE,9/25/09,9/25/09,,
151-NG-T01,Pre-PQ Process,SO-33332,DN-1435,Nigeria,PMO - US,From RDC,N/A - From RDC,Air Charter,ARV,Adult,SCMS from RDC,"Lamivudine/Nevirapine/Zidovudine 150/200/300mg, tablets, 60 Tabs",Lamivudine/Nevirapine/Zidovudine,Generic,150/300/200mg,Tablet - FDC,"Aurobindo Unit III, India",12914,60,17000,193800,11.4,0.19,379.85,1914,9341.49,TRUE,10/20/09,10/20/09,,
151-NG-T01,Pre-PQ Process,SO-33336,DN-1437,Nigeria,PMO - US,From RDC,N/A - From RDC,Air Charter,ARV,Adult,SCMS from RDC,"Lamivudine/Nevirapine/Zidovudine 150/200/300mg, tablets, 60 Tabs",Lamivudine/Nevirapine/Zidovudine,Generic,150/300/200mg,Tablet - FDC,"Aurobindo Unit III, India",12915,60,3001,34211.4,11.4,0.19,67.05,338,9341.49,TRUE,10/20/09,10/20/09,,
151-NG-T01,Pre-PQ Process,SO-27823,DN-1442,Nigeria,PMO - US,From RDC,N/A - From RDC,Air Charter,ARV,Adult,SCMS from RDC,"Emtricitabine/Tenofovir Disoproxil Fumarate 200/300mg, tablets, 30 Tabs",Emtricitabine/Tenofovir Disoproxil Fumarate,Generic,200/300mg,Tablet - FDC,Mylan (formerly Matrix) Nashik,12916,30,240,2820,11.75,0.39,5.53,22,9341.49,TRUE,10/20/09,10/20/09,,
151-NG-T01,Pre-PQ Process,SO-33338,DN-1445,Nigeria,PMO - US,From RDC,N/A - From RDC,Air Charter,ARV,Adult,SCMS from RDC,"Lamivudine/Nevirapine/Zidovudine 150/200/300mg, tablets, 60 Tabs",Lamivudine/Nevirapine/Zidovudine,Generic,150/300/200mg,Tablet - FDC,"Aurobindo Unit III, India",12917,60,25281,288203.4,11.4,0.19,564.88,2847,9341.49,TRUE,10/20/09,10/20/09,,
151-NG-T01,Pre-PQ Process,SO-33339,DN-1446,Nigeria,PMO - US,From RDC,N/A - From RDC,Air Charter,ARV,Adult,SCMS from RDC,"Lamivudine/Nevirapine/Zidovudine 150/200/300mg, tablets, 60 Tabs",Lamivudine/Nevirapine/Zidovudine,Generic,150/300/200mg,Tablet - FDC,"Aurobindo Unit III, India",12918,60,16912,192796.8,11.4,0.19,377.88,1905,9341.49,TRUE,10/20/09,10/20/09,,
110-ZM-T01,Pre-PQ Process,SO-33021,DN-1448,Zambia,PMO - US,From RDC,N/A - From RDC,Truck,ARV,Adult,SCMS from RDC,"Efavirenz 600mg, tablets, 30 Tabs",Efavirenz,Generic,600mg,Tablet,"Emcure Plot No.P-2, I.T-B.T. Park, Phase II, MIDC, Hinjwadi, Pune, India",12919,30,22059,137206.98,6.22,0.21,268.93,,,FALSE,10/13/09,10/13/09,,
111-MZ-T01,Pre-PQ Process,SO-26425,DN-1455,Mozambique,PMO - US,From RDC,N/A - From RDC,Truck,ARV,Adult,SCMS from RDC,"Lamivudine/Nevirapine/Stavudine 150/200/30mg, tablets, 60 Tabs",Lamivudine/Nevirapine/Stavudine,Generic,150/200/30mg,Tablet - FDC,"Strides, Bangalore, India.",12920,60,1604,11420.48,7.12,0.12,22.38,120,1799.88,TRUE,9/17/09,9/17/09,,
100-GH-T01,Pre-PQ Process,SO-33650,DN-1473,Ghana,PMO - US,From RDC,N/A - From RDC,Truck,ARV,Pediatric,SCMS from RDC,"Lopinavir/Ritonavir 80/20mg/ml [Kaletra], oral solution, cool, Bottle 5 x 60 ml",Lopinavir/Ritonavir,Kaletra,80/20mg/ml,Oral solution,ABBVIE (Abbott) Logis. UK,12922,300,276,2.76,0.01,0,0.01,,,FALSE,9/30/09,8/12/09,,
100-GH-T01,Pre-PQ Process,SO-33650,DN-1473,Ghana,PMO - US,From RDC,N/A - From RDC,Truck,ARV,Pediatric,SCMS from RDC,"Lopinavir/Ritonavir 80/20mg/ml [Kaletra], oral solution, cool, Bottle 5 x 60 ml",Lopinavir/Ritonavir,Kaletra,80/20mg/ml,Oral solution,ABBVIE (Abbott) Logis. UK,12923,300,896,8.96,0.01,0,0.02,,,FALSE,9/30/09,8/12/09,,
106-HT-T01,Pre-PQ Process,SO-34250,DN-1497,Haiti,PMO - US,From RDC,N/A - From RDC,Air,ARV,Adult,SCMS from RDC,"Stavudine 30mg, capsules, 60 Caps",Stavudine,Generic,30mg,Capsule,"Aurobindo Unit III, India",12925,60,4410,6438.6,1.46,0.02,13.88,286,3842.22,TRUE,10/22/09,10/22/09,,
117-ET-T01,Pre-PQ Process,SO-34350,DN-1502,Ethiopia,PMO - US,From RDC,N/A - From RDC,Air,ARV,Adult,SCMS from RDC,"Nevirapine 200mg, tablets, 60 Tabs",Nevirapine,Generic,200mg,Tablet,"Aurobindo Unit III, India",12926,60,12873,37331.7,2.9,0.05,80.49,1258,6027.68,TRUE,10/27/09,10/27/09,,
102-KE-T30,FPQ-4587,SCMS-58380,ASN-5901,Kenya,PMO - US,Direct Drop,EXW,Air,HRDT,HIV test,"Orgenics, Ltd","HIV 1/2, Determine Complete HIV Kit, 100 Tests","HIV 1/2, Determine Complete HIV Kit",Determine,N/A,Test kit,Inverness Japan,12929,100,1,80,80,0.8,0.17,1028,10083.69,TRUE,2/16/10,2/19/10,,12/2/09
108-VN-T30,FPQ-12051,SCMS-188650,ASN-23215,Vietnam,PMO - US,Direct Drop,EXW,Air,ARV,Adult,MYLAN LABORATORIES LTD (FORMERLY MATRIX LABORATORIES),"Lamivudine/Zidovudine 150/300mg, tablets, 60 Tabs",Lamivudine/Zidovudine,Generic,150/300mg,Tablet - FDC,Mylan (formerly Matrix) Nashik,12935,60,11092,74871,6.75,0.11,92.62,957,1869.41,TRUE,1/9/14,1/9/14,,5/15/13
110-ZM-T30,FPQ-14827,SCMS-256500,ASN-31164,Zambia,PMO - US,Direct Drop,EXW,Air,HRDT,HIV test,"Orgenics, Ltd","HIV 1/2, Determine Complete HIV Kit, 100 Tests","HIV 1/2, Determine Complete HIV Kit",Determine,N/A,Test kit,"Alere Medical Co., Ltd.",12959,100,6280,502400,80,0.8,516.47,2548,28709.52,TRUE,5/12/15,5/12/15,,9/19/14
106-HT-T30,FPQ-9066,SCMS-138620,ASN-14950,Haiti,PMO - US,Direct Drop,EXW,Air,ARV,Pediatric,CIPLA LIMITED,"Lamivudine/Nevirapine/Stavudine 30/50/6mg, dispersible tablets, 60 Tabs",Lamivudine/Nevirapine/Stavudine,Generic,30/50/6mg,Chewable/dispersible tablet - FDC,"Cipla, Goa, India",12973,60,298,685.4,2.3,0.04,0.96,21,304.62,TRUE,6/12/12,6/12/12,,2/24/12
105-SS-T30,FPQ-11754,SCMS-181400,ASN-19428,South Sudan,PMO - US,Direct Drop,EXW,Air,HRDT,HIV test,"Orgenics, Ltd","HIV 1/2, Determine Complete HIV Kit, 100 Tests","HIV 1/2, Determine Complete HIV Kit",Determine,N/A,Test kit,"Alere Medical Co., Ltd.",12981,100,90,8010,89,0.89,9.91,39,1434.98,TRUE,8/16/13,8/16/13,,4/1/13
111-MZ-T30,FPQ-15276,SCMS-263040,ASN-31553,Mozambique,PMO - US,Direct Drop,FCA,Air,ARV,Adult,ABBVIE LOGISTICS (FORMERLY ABBOTT LOGISTICS BV),"Ritonavir 100mg [Norvir], film coated tablets, 60 Tabs",Ritonavir,Norvir,100mg,Tablet,ABBVIE Ludwigshafen Germany,13004,60,400,2740,6.85,0.11,3.22,62,642.99,TRUE,4/15/15,4/15/15,,11/7/14
102-BI-T30,FPQ-11670,SCMS-179360,ASN-19161,Burundi,PMO - US,Direct Drop,EXW,Air,HRDT,HIV test,"Orgenics, Ltd","HIV 1/2, Determine Complete HIV Kit, 100 Tests","HIV 1/2, Determine Complete HIV Kit",Determine,N/A,Test kit,"Alere Medical Co., Ltd.",13007,100,1468,117440,80,0.8,145.27,638,12922.07,TRUE,6/10/13,6/10/13,,3/14/13
102-BI-T30,FPQ-9231,SCMS-141760,ASN-14830,Burundi,PMO - US,Direct Drop,EXW,Air,HRDT,HIV test,"CHEMBIO DIAGNOSTIC SYSTEMS, INC.","HIV 1/2, Stat-Pak Dipstick Assay Kit, 30 Tests","HIV 1/2, Stat-Pak Dipstick Assay Kit",Stat-Pak,N/A,Test kit,Chembio Diagnostics Sys. Inc.,13016,30,305,7777.5,25.5,0.85,10.9,34,836.8,TRUE,6/1/12,6/1/12,,4/9/12
122-HT-T30,FPQ-8671,SCMS-131040,ASN-13448,Haiti,PMO - US,Direct Drop,EXW,Air,MRDT,Malaria,Premier Medical Corporation Ltd.,"Malaria Antigen P.f Kit, 30 x 1 Test","Malaria Antigen P.f Kit, 30 x 1 Test",Generic,N/A,Test kit,Premier Medical Corporation,13020,30,3,49.5,16.5,0.55,0.07,1,969.55,TRUE,1/30/12,1/30/12,,12/29/11
108-VN-T30,FPQ-13524,SCMS-226220,ASN-26923,Vietnam,PMO - US,Direct Drop,EXW,Air,ARV,Adult,HETERO LABS LIMITED,"Efavirenz 600mg, tablets, 30 Tabs",Efavirenz,Generic,600mg,Tablet,Hetero Unit III Hyderabad IN,13027,30,5300,18550,3.5,0.12,19.07,2922,5616.02,TRUE,7/29/14,7/29/14,,3/10/14
161-ZA-T30,FPQ-7175,SCMS-103410,ASN-12172,South Africa,PMO - US,Direct Drop,DDP,Ocean,ARV,Pediatric,Aurobindo Pharma Limited,"Efavirenz 50mg, capsule, 30 Caps",Efavirenz,Generic,50mg,Capsule,"Aurobindo Unit III, India",13038,30,54768,133633.92,2.44,0.08,220.5,3237,10923.46,TRUE,9/14/11,10/27/11,,3/24/11
116-ZA-T30,FPQ-14942,SCMS-259075,ASN-32122,South Africa,PMO - US,Direct Drop,DDP,Truck,ARV,Adult,PHARMACY DIRECT,"Abacavir 300mg, tablets, 60 Tabs",Abacavir,Generic,300mg,Tablet,"Aurobindo Unit III, India",13064,60,25,1246.3,49.85,0.83,1.28,,,TRUE,5/12/15,5/12/15,,5/11/15
116-ZA-T30,FPQ-13973,SCMS-238550,ASN-30792,South Africa,PMO - US,Direct Drop,DDP,Truck,ARV,Adult,PHARMACY DIRECT,"Abacavir 300mg, tablets, 60 Tabs",Abacavir,Generic,300mg,Tablet,"Aurobindo Unit III, India",13091,60,3,206.97,68.99,1.15,0.21,,,TRUE,2/19/15,2/19/15,,5/8/14
108-VN-T30,FPQ-12187,SCMS-188540,ASN-21695,Vietnam,PMO - US,Direct Drop,EXW,Air,ARV,Adult,MYLAN LABORATORIES LTD (FORMERLY MATRIX LABORATORIES),"Efavirenz/Lamivudine/Tenofovir Disoproxil Fumarate 600/300/300mg, tablets, 30 Tabs",Efavirenz/Lamivudine/Tenofovir Disoproxil Fumarate,Generic,600/300/300mg,Tablet - FDC,Mylan (formerly Matrix) Nashik,13093,30,11500,132135,11.49,0.38,163.45,1295,2021.05,TRUE,10/11/13,10/9/13,,5/10/13
108-VN-T30,FPQ-13976,SCMS-236120,ASN-27809,Vietnam,PMO - US,Direct Drop,EXW,Air,ARV,Adult,HETERO LABS LIMITED,"Tenofovir Disoproxil Fumarate 300mg, tablets, 30 Tabs",Tenofovir Disoproxil Fumarate,Generic,300mg,Tablet,Hetero Unit III Hyderabad IN,13106,30,16000,56800,3.55,0.12,58.39,1948,3138.25,TRUE,9/16/14,9/16/14,,4/30/14
116-ZA-T30,FPQ-12522,SCMS-199283,ASN-27979,South Africa,PMO - US,Direct Drop,DDP,Truck,ARV,Adult,S. BUYS WHOLESALER,"Emtricitabine/Tenofovir Disoproxil Fumarate 200/300mg, tablets, 30 Tabs",Emtricitabine/Tenofovir Disoproxil Fumarate,Generic,200/300mg,Tablet - FDC,"Aurobindo Unit III, India",13115,30,13,438.41,33.72,1.12,0.54,,,TRUE,8/27/14,8/27/14,,8/27/14
133-NG-T30,FPQ-10765,SCMS-162440,ASN-17530,Nigeria,PMO - US,Direct Drop,EXW,Air,HRDT,HIV test,"Orgenics, Ltd","HIV 1/2, Determine Complete HIV Kit, 100 Tests","HIV 1/2, Determine Complete HIV Kit",Determine,N/A,Test kit,"Alere Medical Co., Ltd.",13138,100,2744,244216,89,0.89,342.39,1186,25193.28,TRUE,1/9/13,1/10/13,,10/16/12
103-DO-T30,FPQ-14469,SCMS-244720,ASN-26962,Dominican Republic,PMO - US,Direct Drop,DDP,Air,ARV,Pediatric,"ABBVIE, SRL (FORMALLY ABBOTT LABORATORIES INTERNATIONAL CO.)","Lopinavir/Ritonavir 80/20mg/ml [Kaletra], oral solution, cool, Bottle, 160 ml",Lopinavir/Ritonavir,Kaletra,80/20mg/ml,Oral solution,ABBVIE Labs North Chicago US,13148,160,4570,148250.8,32.44,0.2,152.4,,,TRUE,1/14/14,1/14/14,,6/23/14
111-MZ-T30,FPQ-8116,SCMS-118360,ASN-13217,Mozambique,PMO - US,Direct Drop,EXW,Air,HRDT,HIV test,"Orgenics, Ltd","HIV 1/2, Determine HIV Kit, without Lancets, 100 Tests","HIV 1/2, Determine HIV Kit, without Lancets",Determine,N/A,Test kit,Inverness Japan,13151,100,1,77.7,77.7,0.78,0.13,,,TRUE,12/12/11,11/30/11,,8/24/11
161-ZA-T30,FPQ-5303,SCMS-68910,ASN-7440,South Africa,PMO - US,Direct Drop,DDP,Air,ARV,Adult,Aurobindo Pharma Limited,"Efavirenz 600mg, tablets, 30 Tabs",Efavirenz,Generic,600mg,Tablet,"Aurobindo Unit III, India",13161,30,56877,265615.6,4.67,0.16,572.67,4815,5886.9,TRUE,8/24/10,8/24/10,,3/19/10
104-CI-T30,FPQ-3885,SCMS-48630,ASN-4783,Côte d'Ivoire,PMO - US,Direct Drop,EXW,Air,HRDT,HIV test,"Orgenics, Ltd","HIV 1/2, Determine HIV Kit, without Lancets, 100 Tests","HIV 1/2, Determine HIV Kit, without Lancets",Determine,N/A,Test kit,Inverness Japan,13205,100,3500,245000,70,0.7,480.2,893,12858.12,TRUE,9/15/09,9/15/09,,7/9/09
116-ZA-T30,FPQ-12522,SCMS-199283,ASN-27978,South Africa,PMO - US,Direct Drop,DDP,Truck,ARV,Adult,S. BUYS WHOLESALER,"Zidovudine 300mg, tablets, 60 Tabs",Zidovudine,Generic,300mg,Tablet,"Aurobindo Unit III, India",13231,60,14,389.56,27.83,0.46,0.48,,,TRUE,8/27/14,8/27/14,,8/27/14
108-VN-T30,FPQ-15692,SCMS-274370,ASN-32259,Vietnam,PMO - US,Direct Drop,EXW,Air,ARV,Adult,HETERO LABS LIMITED,"Efavirenz/Lamivudine/Tenofovir Disoproxil Fumarate 600/300/300mg, tablets, 30 Tabs",Efavirenz/Lamivudine/Tenofovir Disoproxil Fumarate,Generic,600/300/300mg,Tablet - FDC,Hetero Unit III Hyderabad IN,13275,30,17760,177600,10,0.33,209.04,2516,3816.3,TRUE,7/13/15,7/13/15,,2/17/15
108-VN-T30,FPQ-4098,SCMS-51780,ASN-5008,Vietnam,PMO - US,Direct Drop,EXW,Air,ARV,Adult,MYLAN LABORATORIES LTD (FORMERLY MATRIX LABORATORIES),"Tenofovir Disoproxil Fumarate 300mg, tablets, 30 Tabs",Tenofovir Disoproxil Fumarate,Generic,300mg,Tablet,Mylan (formerly Matrix) Nashik,13277,30,1680,13860,8.25,0.28,27.17,110,791.43,TRUE,10/26/09,10/26/09,,8/14/09
107-RW-T30,FPQ-6185,SCMS-84420,ASN-8578,Rwanda,PMO - US,Direct Drop,CIP,Air,ARV,Adult,MYLAN LABORATORIES LTD (FORMERLY MATRIX LABORATORIES),"Lamivudine/Tenofovir Disoproxil Fumarate 300/300mg, tablets, 30 Tabs",Lamivudine/Tenofovir Disoproxil Fumarate,Generic,300/300mg,Tablet - FDC,Mylan (formerly Matrix) Nashik,13302,30,138422,1211192.5,8.75,0.29,2611.33,13147,4781.8,TRUE,11/2/10,11/2/10,,9/29/10
104-CI-T30,FPQ-8929,SCMS-131880,ASN-14110,Côte d'Ivoire,PMO - US,Direct Drop,EXW,Air,HRDT,HIV test,"Orgenics, Ltd","HIV 1/2, Determine Complete HIV Kit, 100 Tests","HIV 1/2, Determine Complete HIV Kit",Determine,N/A,Test kit,"Alere Medical Co., Ltd.",13311,100,2000,160000,80,0.8,224.32,957,18919.56,TRUE,3/29/12,3/29/12,,1/17/12
103-MW-T30,FPQ-10790,SCMS-163880,ASN-17939,Malawi,PMO - US,Direct Drop,EXW,Ocean,ARV,Adult,MYLAN LABORATORIES LTD (FORMERLY MATRIX LABORATORIES),"Efavirenz/Lamivudine/Tenofovir Disoproxil Fumarate 600/300/300mg, tablets, 30 Tabs",Efavirenz/Lamivudine/Tenofovir Disoproxil Fumarate,Generic,600/300/300mg,Tablet - FDC,Mylan (formerly Matrix) Nashik,13379,30,243800,2801262,11.49,0.38,3465.16,27549,24875.46,TRUE,6/21/13,6/21/13,,10/31/12
111-MZ-T30,FPQ-4107,SCMS-53520,ASN-6395,Mozambique,PMO - US,Direct Drop,CIP,Air,ARV,Adult,INTERNATIONAL HEALTHCARE DISTRIBUTORS,"Ritonavir 100mg [Norvir], capsules, cool, 84 Caps",Ritonavir,Norvir,100mg,Capsule,ABBVIE (Abbott) France,13476,84,520,5366.4,10.32,0.12,10.52,149,,TRUE,3/19/10,3/19/10,,9/24/09
116-ZA-T30,FPQ-14942,SCMS-259072,ASN-30377,South Africa,PMO - US,Direct Drop,DDP,Truck,ARV,Adult,PHARMACY DIRECT,"Tenofovir Disoproxil Fumarate 300mg, tablets, 30 Tabs",Tenofovir Disoproxil Fumarate,Generic,300mg,Tablet,Mylan (formerly Matrix) Nashik,13481,30,132,1823.8,13.82,0.46,1.87,,,TRUE,1/26/15,1/26/15,,1/26/15
106-HT-T30,FPQ-14895,SCMS-261510,ASN-30067,Haiti,PMO - US,Direct Drop,EXW,Ocean,ARV,Adult,MYLAN LABORATORIES LTD (FORMERLY MATRIX LABORATORIES),"Efavirenz/Lamivudine/Tenofovir Disoproxil Fumarate 600/300/300mg, tablets, 30 Tabs",Efavirenz/Lamivudine/Tenofovir Disoproxil Fumarate,Generic,600/300/300mg,Tablet - FDC,Mylan (formerly Matrix) Nashik,13487,30,25000,256000,10.24,0.34,263.17,3034,7658.27,TRUE,3/13/15,3/13/15,,11/14/14
104-CI-T30,FPQ-14372,SCMS-246550,ASN-29074,Côte d'Ivoire,PMO - US,Direct Drop,FCA,Air,ARV,Pediatric,ABBVIE LOGISTICS (FORMERLY ABBOTT LOGISTICS BV),"Lopinavir/Ritonavir 80/20mg/ml [Kaletra], oral solution, cool, Bottle 5 x 60 ml",Lopinavir/Ritonavir,Kaletra,80/20mg/ml,Oral solution,ABBVIE (Abbott) Logis. UK,13544,300,500,15410,30.82,0.1,15.84,505,6523.85,TRUE,11/3/14,11/3/14,,7/31/14
101-CD-T30,FPQ-14654,SCMS-253260,ASN-28279,"Congo, DRC",PMO - US,Direct Drop,EXW,Air,HRDT,HIV test,"Trinity Biotech, Plc","HIV 1/2, Uni-Gold HIV Kit, 20 Tests","HIV 1/2, Uni-Gold HIV Kit",Uni-Gold,N/A,Test kit,"Trinity Biotech, Plc",13547,20,77,2464,32,1.6,2.53,509,8021.11,TRUE,11/4/14,11/4/14,,8/27/14
108-VN-T30,FPQ-14516,SCMS-249040,ASN-29768,Vietnam,PMO - US,Direct Drop,EXW,Air,ARV,Adult,MYLAN LABORATORIES LTD (FORMERLY MATRIX LABORATORIES),"Lamivudine/Nevirapine/Zidovudine 150/200/300mg, tablets, 60 Tabs",Lamivudine/Nevirapine/Zidovudine,Generic,150/300/200mg,Tablet - FDC,Mylan (formerly Matrix) Nashik,13555,60,13000,105300,8.1,0.13,108.25,2672,2504.64,TRUE,2/5/15,2/5/15,,8/8/14
116-ZA-T30,FPQ-14942,SCMS-259074,ASN-31070,South Africa,PMO - US,Direct Drop,DDP,Truck,ARV,Adult,PHARMACY DIRECT,"Efavirenz 600mg, tablets, 30 Tabs",Efavirenz,Generic,600mg,Tablet,"Aurobindo Unit III, India",13568,30,139,1566.38,11.27,0.38,1.61,,,TRUE,3/9/15,3/9/15,,3/9/15
105-SS-T30,FPQ-14470,SCMS-245240,ASN-29503,South Sudan,PMO - US,Direct Drop,EXW,Air,HRDT,HIV test,"Trinity Biotech, Plc","HIV 1/2, Uni-Gold HIV Kit, 20 Tests","HIV 1/2, Uni-Gold HIV Kit",Uni-Gold,N/A,Test kit,"Trinity Biotech, Plc",13571,20,18,576,32,1.6,0.59,177,1692.35,TRUE,1/9/15,1/9/15,,7/1/14
102-SZ-T30,FPQ-7936,SCMS-113480,ASN-11824,Swaziland,PMO - US,Direct Drop,EXW,Air,HRDT,HIV test,"Orgenics, Ltd","HIV 1/2, Determine Complete HIV Kit, 100 Tests","HIV 1/2, Determine Complete HIV Kit",Determine,N/A,Test kit,Inverness Japan,13581,100,377,30160,80,0.8,49.76,172,4504.46,TRUE,9/28/11,9/28/11,,7/13/11
114-UG-T30,FPQ-9365,SCMS-143480,ASN-14973,Uganda,PMO - US,Direct Drop,DDP,Air,ARV,Adult,ASPEN PHARMACARE,"Etravirine 100mg [Intelence], tablets, 120 Tabs",Etravirine,Intelence,100mg,Tablet,"Janssen-Cilag, Latina, IT",13608,120,121,9075,75,0.62,12.72,43,199,TRUE,5/21/12,5/21/12,,4/17/12
101-CD-T30,FPQ-16001,SCMS-280220,ASN-32231,"Congo, DRC",PMO - US,Direct Drop,EXW,Air,HRDT,HIV test,"Orgenics, Ltd","HIV 1/2, Determine Complete HIV Kit, 100 Tests","HIV 1/2, Determine Complete HIV Kit",Determine,N/A,Test kit,"Alere Medical Co., Ltd.",13648,100,143,11440,80,0.8,13.46,,,TRUE,7/23/15,7/23/15,,3/17/15
108-VN-T30,FPQ-3896,SCMS-48290,ASN-4872,Vietnam,PMO - US,Direct Drop,EXW,Air,ARV,Adult,MYLAN LABORATORIES LTD (FORMERLY MATRIX LABORATORIES),"Efavirenz 600mg, tablets, 30 Tabs",Efavirenz,Generic,600mg,Tablet,Mylan (formerly Matrix) Nashik,13652,30,21504,139776,6.5,0.22,273.96,1849,4191.83,TRUE,9/30/09,9/30/09,,6/29/09
105-DO-T30,FPQ-7858,SCMS-117380,ASN-12145,Dominican Republic,PMO - US,Direct Drop,EXW,Air,HRDT,HIV test - Ancillary,"Standard Diagnostics, Inc.","HIV 1/2, Bioline 3.0 Diluent, 25 Tests, Bottle x 5 ml","HIV 1/2, Bioline 3.0 Diluent, 25 Tests",Bioline,N/A,Test kit - Ancillary,"Standard Diagnostics, Korea",13696,1,448,403.2,0.9,0.9,0.67,71,844.36,TRUE,9/27/11,9/27/11,,8/3/11
111-MZ-T30,FPQ-13395,SCMS-219220,ASN-25451,Mozambique,PMO - US,Direct Drop,EXW,Air,ARV,Adult,HETERO LABS LIMITED,"Lamivudine/Nevirapine/Zidovudine 150/200/300mg, tablets, 60 Tabs",Lamivudine/Nevirapine/Zidovudine,Generic,150/300/200mg,Tablet - FDC,Hetero Unit III Hyderabad IN,13700,60,35136,284952.97,8.11,0.14,292.93,4784,19286.53,TRUE,5/2/14,5/2/14,,12/17/13
101-CD-T30,FPQ-13548,SCMS-224840,ASN-24721,"Congo, DRC",PMO - US,Direct Drop,EXW,Air,HRDT,HIV test,"Trinity Biotech, Plc","HIV 1/2, Uni-Gold HIV Kit, 20 Tests","HIV 1/2, Uni-Gold HIV Kit",Uni-Gold,N/A,Test kit,"Trinity Biotech, Plc",13708,20,32,1024,32,1.6,1.05,54,2734.02,TRUE,4/4/14,4/4/14,,1/28/14
106-HT-T30,FPQ-11443,SCMS-180940,ASN-19819,Haiti,PMO - US,Direct Drop,EXW,Ocean,ARV,Pediatric,Aurobindo Pharma Limited,"Zidovudine 10mg/ml, oral solution w/syringe, Bottle, 240 ml",Zidovudine,Generic,10mg/ml,Oral solution,"Aurobindo Unit III, India",13739,240,1832,3847.2,2.1,0.01,4.76,3504,7117.39,TRUE,9/2/13,9/2/13,,3/22/13
104-CI-T30,FPQ-3885,SCMS-48620,ASN-4720,Côte d'Ivoire,PMO - US,Direct Drop,EXW,Air,HRDT,HIV test,"CHEMBIO DIAGNOSTIC SYSTEMS, INC.","HIV 1/2, Stat-Pak HIV, Kit, 20 Tests","HIV 1/2, Stat-Pak HIV, Kit",Stat-Pak,N/A,Test kit,Chembio Diagnostics Sys. Inc.,13748,20,350,9450,27,1.35,18.52,205,1437.4,TRUE,9/11/09,9/11/09,,7/7/09
108-VN-T30,FPQ-9576,SCMS-145320,ASN-16055,Vietnam,PMO - US,Direct Drop,FCA,Air,ARV,Adult,ABBVIE LOGISTICS (FORMERLY ABBOTT LOGISTICS BV),"Ritonavir 100mg [Norvir], film coated tablets, 30 Tabs",Ritonavir,Norvir,100mg,Tablet,ABBVIE Ludwigshafen Germany,13761,30,174,4047.24,23.26,0.78,5.67,21,583.66,TRUE,10/3/12,10/3/12,,6/15/12
108-VN-T30,FPQ-14516,SCMS-249050,ASN-29376,Vietnam,PMO - US,Direct Drop,EXW,Air,ARV,Adult,HETERO LABS LIMITED,"Tenofovir Disoproxil Fumarate 300mg, tablets, 30 Tabs",Tenofovir Disoproxil Fumarate,Generic,300mg,Tablet,Hetero Unit III Hyderabad IN,13766,30,4000,14200,3.55,0.12,14.6,,,TRUE,12/17/14,12/17/14,,8/11/14
151-NG-T30,FPQ-14780,SCMS-254170,ASN-32902,Nigeria,PMO - US,Direct Drop,EXW,Air,ARV,Adult,EMCURE PHARMACEUTICALS LTD,"Atazanavir/Ritonavir 300/100mg, tablets, 30 Tabs",Atazanavir/Ritonavir,Generic,300/100mg,Tablet,"Emcure Plot No.P-2, I.T-B.T. Park, Phase II, MIDC, Hinjwadi, Pune, India",13809,30,4560,82080,18,0.6,84.38,,,TRUE,8/5/15,8/5/15,,8/29/14
113-ZW-T30,FPQ-13939,SCMS-234720,ASN-26119,Zimbabwe,PMO - US,Direct Drop,EXW,Air,ARV,Adult,Aurobindo Pharma Limited,"Lamivudine/Tenofovir Disoproxil Fumarate 300/300mg, tablets, 30 Tabs",Lamivudine/Tenofovir Disoproxil Fumarate,Generic,300/300mg,Tablet - FDC,"Aurobindo Unit VII, IN",13817,30,32670,151915.5,4.65,0.16,156.17,3076,25730.13,TRUE,6/14/14,6/14/14,,5/8/14
107-RW-T30,FPQ-4011,SCMS-50290,ASN-6267,Rwanda,PMO - US,Direct Drop,CIP,Air,ARV,Adult,MYLAN LABORATORIES LTD (FORMERLY MATRIX LABORATORIES),"Lamivudine/Tenofovir Disoproxil Fumarate 300/300mg, tablets, 30 Tabs",Lamivudine/Tenofovir Disoproxil Fumarate,Generic,300/300mg,Tablet - FDC,Mylan (formerly Matrix) Nashik,13841,30,62209,681188.56,10.95,0.36,1335.13,5795,63600.4,TRUE,4/16/10,4/16/10,,8/31/09
101-CD-T30,FPQ-14255,SCMS-239810,ASN-27324,"Congo, DRC",PMO - US,Direct Drop,EXW,Air,ARV,Pediatric,Aurobindo Pharma Limited,"Nevirapine 50mg, dispersible tablets (tablets for oral suspension), 30 Tabs",Nevirapine,Generic,50mg,Chewable/dispersible tablet,"Aurobindo Unit III, India",13842,30,940,1175,1.25,0.04,1.21,132,2516.57,TRUE,9/30/14,9/30/14,,5/19/14
116-ZA-T30,FPQ-14942,SCMS-259078,ASN-33473,South Africa,PMO - US,Direct Drop,DDP,Truck,ARV,Adult,PHARMACY DIRECT,"Darunavir 600mg [Prezista], tablets, 60 Tabs",Darunavir,Prezista,600mg,Tablet,"Janssen-Cilag, Latina, IT",13845,60,33,1671.87,50.66,0.84,1.72,,,TRUE,7/24/15,7/24/15,,10/9/14
102-BI-T30,FPQ-15186,SCMS-260800,ASN-30384,Burundi,PMO - US,Direct Drop,EXW,Air,HRDT,HIV test,"CHEMBIO DIAGNOSTIC SYSTEMS, INC.","HIV 1/2, Stat-Pak Dipstick Assay Kit, 30 Tests","HIV 1/2, Stat-Pak Dipstick Assay Kit",Stat-Pak,N/A,Test kit,Chembio Diagnostics Sys. Inc.,13862,30,595,16422,27.6,0.92,19.33,63,865.67,TRUE,2/18/15,2/18/15,,11/12/14
106-HT-T30,FPQ-11443,SCMS-180960,ASN-20434,Haiti,PMO - US,Direct Drop,EXW,Air,ARV,Adult,MICRO LABS LIMITED,"Efavirenz 600mg, tablets, 30 Tabs",Efavirenz,Generic,600mg,Tablet,"Micro labs, Verna, Goa, India",13874,30,14448,46667.04,3.23,0.11,57.73,2284,13257.25,TRUE,8/14/13,8/14/13,,3/22/13
114-UG-T30,FPQ-12290,SCMS-192080,ASN-22594,Uganda,PMO - US,Direct Drop,CIP,Air,ARV,Adult,ASPEN PHARMACARE,"Etravirine 100mg [Intelence], tablets, 120 Tabs",Etravirine,Intelence,100mg,Tablet,"Janssen-Cilag, Latina, IT",13886,120,108,3888,36,0.3,4.81,22,265,TRUE,11/20/13,11/20/13,,7/3/13
102-KE-T30,FPQ-8446,SCMS-124900,ASN-13149,Kenya,PMO - US,Direct Drop,EXW,Air,HRDT,HIV test,"Orgenics, Ltd","HIV 1/2, Determine Complete HIV Kit, 100 Tests","HIV 1/2, Determine Complete HIV Kit",Determine,N/A,Test kit,"Alere Medical Co., Ltd.",13897,100,8298,738522,89,0.89,1218.56,1427,16090.59,TRUE,1/17/12,1/17/12,,10/26/11
116-ZA-T30,FPQ-14942,SCMS-259071,ASN-29597,South Africa,PMO - US,Direct Drop,DDP,Truck,ARV,Pediatric,PHARMACY DIRECT,"Efavirenz 200mg, capsule, 90 Caps",Efavirenz,Generic,200mg,Capsule,"Aurobindo Unit III, India",13899,90,16,272.7,17.04,0.19,0.28,,,TRUE,11/28/14,11/28/14,,11/28/14
103-CM-T30,FPQ-12659,SCMS-201930,ASN-21679,Cameroon,PMO - US,Direct Drop,EXW,Air,HRDT,HIV test,"Orgenics, Ltd","HIV 1/2, Determine Kit without Lancets, Buffer or Caplillary Tubes, 100 Tests","HIV 1/2, Determine Kit without Lancets, Buffer or Capillary Tubes, 100 Tests",Determine,N/A,Test kit,"Alere Medical Co., Ltd.",13900,100,120,8658,72.15,0.72,10.71,,1090.87,TRUE,10/10/13,10/10/13,,8/6/13
109-TZ-T30,FPQ-12588,SCMS-200851,ASN-24301,Tanzania,PMO - US,Direct Drop,EXW,Air,ARV,Pediatric,Aurobindo Pharma Limited,"Efavirenz 50mg, capsule, 30 Caps",Efavirenz,Generic,50mg,Capsule,"Aurobindo Unit III, India",13903,30,5925,9243,1.56,0.05,11.43,394,3245.39,TRUE,3/22/14,3/22/14,,10/8/13
108-VN-T30,FPQ-13976,SCMS-236050,ASN-27943,Vietnam,PMO - US,Direct Drop,EXW,Air,ARV,Adult,MYLAN LABORATORIES LTD (FORMERLY MATRIX LABORATORIES),"Lamivudine/Zidovudine 150/300mg, tablets, 60 Tabs",Lamivudine/Zidovudine,Generic,150/300mg,Tablet - FDC,Mylan (formerly Matrix) Nashik,13904,60,9800,63602,6.49,0.11,65.38,2235,3708.72,TRUE,10/30/14,10/30/14,,4/30/14
800-CM-T30,FPQ-12570,SCMS-200891,ASN-25755,Cameroon,PMO - US,Direct Drop,EXW,Air,HRDT,HIV test,Orasure Technologies Inc.,"HIV 1/2, OraQuick Rapid Antibody Kit, 100 Tests","HIV 1/2, OraQuick Rapid Antibody Kit",OraQuick,N/A,Test kit,"Orasure Technologies, Inc",13915,100,1000,350000,350,3.5,432.95,2090,51331.09,TRUE,5/15/14,5/15/14,,8/6/13
161-ZA-T30,FPQ-5303,SCMS-68750,ASN-8885,South Africa,PMO - US,Direct Drop,DDP,Air,ARV,Adult,CIPLA LIMITED,"Tenofovir Disoproxil Fumarate 300mg, tablets, 30 Tabs",Tenofovir Disoproxil Fumarate,Generic,300mg,Tablet,"Cipla, Goa, India",13926,30,19992,156337.44,7.82,0.26,337.06,1378,3646.1,TRUE,10/13/10,1/25/11,,3/19/10
110-ZM-T30,FPQ-14291,SCMS-242720,ASN-28530,Zambia,PMO - US,Direct Drop,EXW,Air,ARV,Pediatric,MYLAN LABORATORIES LTD (FORMERLY MATRIX LABORATORIES),"Lamivudine/Zidovudine 30/60mg, dispersible tablets, 60 Tabs",Lamivudine/Zidovudine,Generic,30/60mg,Chewable/dispersible tablet - FDC,"Mylan,  H-12 & H-13, India",13959,60,10000,19900,1.99,0.03,20.46,849,4316.34,TRUE,12/1/14,12/1/14,,6/4/14
105-SS-T30,FPQ-12623,SCMS-200920,ASN-21751,South Sudan,PMO - US,Direct Drop,EXW,Air,HRDT,HIV test,"Trinity Biotech, Plc","HIV 1/2, Uni-Gold HIV Kit, 20 Tests","HIV 1/2, Uni-Gold HIV Kit",Uni-Gold,N/A,Test kit,"Trinity Biotech, Plc",13968,20,35,1120,32,1.6,1.39,176,4124.74,TRUE,10/18/13,10/18/13,,8/6/13
108-VN-T30,FPQ-11418,SCMS-176300,ASN-19787,Vietnam,PMO - US,Direct Drop,EXW,Air,ARV,Adult,HETERO LABS LIMITED,"Lamivudine/Zidovudine 150/300mg, tablets, 60 Tabs",Lamivudine/Zidovudine,Generic,150/300mg,Tablet - FDC,Hetero Unit III Hyderabad IN,13978,60,9095,62300.75,6.85,0.11,77.07,1736,8163.83,TRUE,7/1/13,7/1/13,,2/6/13
106-HT-T30,FPQ-12041,SCMS-189220,ASN-20209,Haiti,PMO - US,Direct Drop,EXW,Air,HRDT,HIV test,"SHANGHAI KEHUA BIOENGINEERING CO.,LTD.  (KHB)","HIV 1/2, SKB Colloidal Gold, Diagnostic Kit, Antibody, 50 Tests","HIV 1/2, Colloidal Gold, Diagnostic Kit, Antibody",Colloidal Gold,N/A,Test kit,"KHB Test Kit Facility, Shanghai China",13988,1,300,7350,24.5,24.5,9.09,182,2581.83,TRUE,7/9/13,7/9/13,,5/21/13
108-VN-T30,FPQ-13976,SCMS-236070,ASN-28062,Vietnam,PMO - US,Direct Drop,EXW,Air,ARV,Adult,MICRO LABS LIMITED,"Nevirapine 200mg, tablets, 60 Tabs",Nevirapine,Generic,200mg,Tablet,"Micro labs, Verna, Goa, India",14016,60,7600,15808,2.08,0.03,16.25,1292,2800.95,TRUE,11/7/14,11/7/14,,4/30/14
106-HT-T30,FPQ-14895,SCMS-261060,ASN-30093,Haiti,PMO - US,Direct Drop,EXW,Air,ARV,Adult,HETERO LABS LIMITED,"Lamivudine/Zidovudine 150/300mg, tablets, 60 Tabs",Lamivudine/Zidovudine,Generic,150/300mg,Tablet - FDC,"Hetero, Jadcherla, unit 5, IN",14018,60,50544,334095.84,6.61,0.11,343.45,4669,34778.32,TRUE,2/12/15,2/12/15,,11/14/14
116-ZA-T30,FPQ-4359,SCMS-54980,ASN-5373,South Africa,PMO - US,Direct Drop,DDP,Truck,ARV,Pediatric,S. BUYS WHOLESALER,"Efavirenz 200mg, capsule, 90 Caps",Efavirenz,Generic,200mg,Capsule,"Aurobindo Unit III, India",14023,90,100,3297.8,32.98,0.37,6.46,,,TRUE,10/19/09,10/19/09,,10/15/09
108-VN-T30,FPQ-5019,SCMS-64580,ASN-6269,Vietnam,PMO - US,Direct Drop,EXW,Air,ARV,Adult,Aurobindo Pharma Limited,"Tenofovir Disoproxil Fumarate 300mg, tablets, 30 Tabs",Tenofovir Disoproxil Fumarate,Generic,300mg,Tablet,"Aurobindo Unit III, India",14043,30,3528,27342,7.75,0.26,58.95,395,3538.57,TRUE,3/30/10,3/30/10,,2/3/10
109-TZ-T30,FPQ-12197,SCMS-189360,ASN-21229,Tanzania,PMO - US,Direct Drop,EXW,Air,HRDT,HIV test,"Standard Diagnostics, Inc.","HIV 1/2, Determine Complete HIV Kit, 100 Tests","HIV 1/2, Determine Complete HIV Kit",Determine,N/A,Test kit,"Alere Medical Co., Ltd.",14079,100,2915,0,0,0,0,1208,20583.37,TRUE,9/17/13,9/17/13,,5/29/13
102-BI-T30,FPQ-14594,SCMS-250110,ASN-28194,Burundi,PMO - US,Direct Drop,EXW,Air,HRDT,HIV test,"Orgenics, Ltd","HIV 1/2, Determine Complete HIV Kit, 100 Tests","HIV 1/2, Determine Complete HIV Kit",Determine,N/A,Test kit,"Alere Medical Co., Ltd.",14097,100,3484,278720,80,0.8,286.52,1415,33228.68,TRUE,10/6/14,10/6/14,,8/6/14
109-TZ-T30,FPQ-7909,SCMS-114990,ASN-12248,Tanzania,PMO - US,Direct Drop,EXW,Air,HRDT,HIV test,"Standard Diagnostics, Inc.","HIV 1/2, Bioline 3.0 Kit, Lancets, Capillary pipets, Alcohol swabs included, 25 Tests","HIV 1/2, Bioline 3.0 Kit, Lancets, Capillary pipets, Alcohol swabs included",Bioline,N/A,Test kit,"Standard Diagnostics, Korea",14178,25,10000,200000,20,0.8,330,3334,21952.35,TRUE,9/29/11,10/29/11,,7/18/11
110-ZM-T30,FPQ-14081,SCMS-238950,ASN-26391,Zambia,PMO - US,Direct Drop,EXW,Air,HRDT,HIV test,"Trinity Biotech, Plc","HIV 1/2, Uni-Gold HIV Kit, 20 Tests","HIV 1/2, Uni-Gold HIV Kit",Uni-Gold,N/A,Test kit,"Trinity Biotech, Plc",14180,20,9500,304000,32,1.6,312.51,2783,20621.1,TRUE,7/28/14,7/28/14,,5/16/14
100-BJ-T30,FPQ-7660,SCMS-109830,ASN-11115,Benin,PMO - US,Direct Drop,EXW,Air,ARV,Adult,MYLAN LABORATORIES LTD (FORMERLY MATRIX LABORATORIES),"Efavirenz/Lamivudine/Tenofovir Disoproxil Fumarate 600/300/300mg, tablets, 30 Tabs",Efavirenz/Lamivudine/Tenofovir Disoproxil Fumarate,Generic,600/300/300mg,Tablet - FDC,Mylan (formerly Matrix) Nashik,14195,30,1244,17540.4,14.1,0.47,28.94,175,5864.56,TRUE,7/12/11,7/12/11,,5/27/11
116-ZA-T30,FPQ-13214,SCMS-215410,ASN-23875,South Africa,PMO - US,Direct Drop,DDP,Truck,ARV,Adult,S. BUYS WHOLESALER,"Lamivudine/Zidovudine 150/300mg, tablets, 60 Tabs",Lamivudine/Zidovudine,Generic,150/300mg,Tablet - FDC,"Cipla, Goa, India",14200,60,59,1653.14,28.02,0.47,1.7,,,TRUE,1/13/14,1/13/14,,12/2/13
104-CI-T30,FPQ-8302,SCMS-123870,ASN-12934,Côte d'Ivoire,PMO - US,Direct Drop,EXW,Air,ARV,Adult,MYLAN LABORATORIES LTD (FORMERLY MATRIX LABORATORIES),"Abacavir/Lamivudine/Zidovudine 300/150/300mg, tablets, 60 Tabs",Abacavir/Lamivudine/Zidovudine,Generic,300/150/300mg,Tablet - FDC,Mylan (formerly Matrix) Nashik,14210,60,4000,112000,28,0.47,184.8,655,5300.24,TRUE,12/1/11,12/1/11,,9/30/11
107-RW-T30,FPQ-11585,SCMS-176980,ASN-18319,Rwanda,PMO - US,Direct Drop,FCA,Air,ARV,Pediatric,ABBVIE LOGISTICS (FORMERLY ABBOTT LOGISTICS BV),"Lopinavir/Ritonavir 80/20mg/ml [Kaletra], oral solution, cool, Bottle 5 x 60 ml",Lopinavir/Ritonavir,Kaletra,80/20mg/ml,Oral solution,ABBVIE (Abbott) Logis. UK,14230,300,400,12328,30.82,0.1,15.25,454,7152.99,TRUE,5/17/13,5/17/13,,2/6/13
105-SS-T30,FPQ-15569,SCMS-272160,ASN-31323,South Sudan,PMO - US,Direct Drop,EXW,Air,HRDT,HIV test,"Orgenics, Ltd","HIV 1/2, Determine Complete HIV Kit, 100 Tests","HIV 1/2, Determine Complete HIV Kit",Determine,N/A,Test kit,"Alere Medical Co., Ltd.",14240,100,70,6230,89,0.89,7.33,,,TRUE,6/3/15,6/3/15,,2/20/15
111-MZ-T30,FPQ-13134,SCMS-215600,ASN-24703,Mozambique,PMO - US,Direct Drop,EXW,Air,ARV,Adult,Aurobindo Pharma Limited,"Didanosine 250mg, delayed-release capsules, 30 Caps",Didanosine,Generic,250mg,Delayed-release capsules,"Aurobindo Unit III, India",14241,30,800,6064,7.58,0.25,6.23,77,979.14,TRUE,4/9/14,4/9/14,,11/26/13
114-UG-T30,FPQ-13116,SCMS-212350,ASN-24417,Uganda,PMO - US,Direct Drop,EXW,Air,ARV,Pediatric,CIPLA LIMITED,"Lamivudine/Zidovudine 30/60mg, dispersible tablets, 60 Tabs",Lamivudine/Zidovudine,Generic,30/60mg,Chewable/dispersible tablet - FDC,"Cipla, Goa, India",14252,60,7445,16676.8,2.24,0.04,17.14,574,3868.24,TRUE,3/21/14,3/21/14,,10/30/13
108-VN-T30,FPQ-11418,SCMS-176190,ASN-19193,Vietnam,PMO - US,Direct Drop,EXW,Air,ARV,Pediatric,Aurobindo Pharma Limited,"Nevirapine 10mg/ml, oral suspension w/syringe, Bottle, 240 ml",Nevirapine,Generic,10mg/ml,Oral suspension,"Aurobindo Unit III, India",14265,240,263,486.55,1.85,0.01,0.6,182,5970.85,TRUE,5/24/13,5/24/13,,2/5/13
117-ET-T30,FPQ-4851,SCMS-62830,ASN-6210,Ethiopia,PMO - US,Direct Drop,EXW,Air,ARV,Adult,Aurobindo Pharma Limited,"Lamivudine 150mg, tablets, 60 Tabs",Lamivudine,Generic,150mg,Tablet,"Aurobindo Unit III, India",14278,60,56000,133280,2.38,0.04,287.35,2996,10612.93,TRUE,3/4/10,3/4/10,,1/13/10
900-TZ-T30,FPQ-10394,SCMS-156530,ASN-16470,Tanzania,PMO - US,Direct Drop,EXW,Air,ARV,Adult,HETERO LABS LIMITED,"Efavirenz 600mg, tablets, 30 Tabs",Efavirenz,Generic,600mg,Tablet,Hetero Unit III Hyderabad IN,14279,30,100986,343352.4,3.4,0.11,481.38,10579,41585.93,TRUE,11/1/12,11/1/12,,8/9/12
104-CI-T30,FPQ-12134,SCMS-190721,ASN-22462,Côte d'Ivoire,PMO - US,Direct Drop,EXW,Air,HRDT,HIV test,"CHEMBIO DIAGNOSTIC SYSTEMS, INC.","HIV 1/2, Stat-Pak HIV, Kit, 20 Tests","HIV 1/2, Stat-Pak HIV, Kit",Stat-Pak,N/A,Test kit,Chembio Diagnostics Sys. Inc.,14286,20,1900,55100,29,1.45,68.16,550,8263.16,TRUE,11/27/13,11/27/13,,5/21/13
109-TZ-T30,FPQ-13945,SCMS-235410,ASN-26077,Tanzania,PMO - US,Direct Drop,EXW,Air,HRDT,HIV test,"Orgenics, Ltd","HIV 1/2, Determine Complete HIV Kit, 100 Tests","HIV 1/2, Determine Complete HIV Kit",Determine,N/A,Test kit,"Alere Medical Co., Ltd.",14291,100,100,8000,80,0.8,8.22,39,1176.54,TRUE,7/15/14,7/15/14,,4/29/14
108-VN-T30,FPQ-10286,SCMS-155700,ASN-17018,Vietnam,PMO - US,Direct Drop,FCA,Air,ARV,Adult,ABBVIE LOGISTICS (FORMERLY ABBOTT LOGISTICS BV),"Lopinavir/Ritonavir 200/50mg [Aluvia], tablets, 120 Tabs",Lopinavir/Ritonavir,Aluvia,200/50mg,Tablet,ABBVIE Ludwigshafen Germany,14309,120,3812,231845.84,60.82,0.51,325.05,824,3216.15,TRUE,1/15/13,1/15/13,,8/14/12
105-DO-T30,FPQ-7858,SCMS-117380,ASN-12145,Dominican Republic,PMO - US,Direct Drop,EXW,Air,HRDT,HIV test,"Standard Diagnostics, Inc.","HIV 1/2, Bioline 3.0 Kit, 100 Tests","HIV 1/2, Bioline 3.0 Kit",Bioline,N/A,Test kit,"Standard Diagnostics, Korea",14323,100,112,8400,75,0.75,13.86,,,FALSE,9/27/11,9/27/11,,8/3/11
108-VN-T30,FPQ-3896,SCMS-48280,ASN-4871,Vietnam,PMO - US,Direct Drop,EXW,Air,ARV,Adult,MYLAN LABORATORIES LTD (FORMERLY MATRIX LABORATORIES),"Efavirenz 600mg, tablets, 30 Tabs",Efavirenz,Generic,600mg,Tablet,Mylan (formerly Matrix) Nashik,14331,30,3528,22932,6.5,0.22,44.95,383,1162.52,TRUE,9/28/09,9/28/09,,6/29/09
133-NG-T30,FPQ-7553,SCMS-108720,ASN-11270,Nigeria,PMO - US,Direct Drop,EXW,Air,HRDT,HIV test,"Orgenics, Ltd","HIV 1/2, Determine Complete HIV Kit, 100 Tests","HIV 1/2, Determine Complete HIV Kit",Determine,N/A,Test kit,Inverness Japan,14348,100,2044,181916,89,0.89,300.16,976,26014.88,TRUE,7/27/11,7/27/11,,5/23/11
116-ZA-T30,FPQ-13973,SCMS-238554,ASN-28627,South Africa,PMO - US,Direct Drop,DDP,Truck,ARV,Adult,PHARMACY DIRECT,"Abacavir 300mg, tablets, 60 Tabs",Abacavir,Generic,300mg,Tablet,"Aurobindo Unit III, India",14364,60,9,620.91,68.99,1.15,0.64,,,TRUE,10/3/14,10/3/14,,10/3/14
109-TZ-T30,FPQ-13048,SCMS-210920,ASN-24302,Tanzania,PMO - US,Direct Drop,EXW,Air,ARV,Pediatric,Aurobindo Pharma Limited,"Efavirenz 50mg, capsule, 30 Caps",Efavirenz,Generic,50mg,Capsule,"Aurobindo Unit III, India",14384,30,20867,32552.52,1.56,0.05,40.27,1337,8403.67,TRUE,3/22/14,3/22/14,,10/28/13
161-ZA-T30,FPQ-7175,SCMS-103970,ASN-11255,South Africa,PMO - US,Direct Drop,DDP,Ocean,ARV,Adult,STRIDES ARCOLAB LIMITED,"Nevirapine 200mg, tablets, 60 Tabs",Nevirapine,Generic,200mg,Tablet,"Strides, Bangalore, India.",14404,60,150000,430500,2.87,0.05,710.32,9306,10511.33,TRUE,9/2/11,9/2/11,,3/28/11
161-ZA-T30,FPQ-6262,SCMS-84200,ASN-9693,South Africa,PMO - US,Direct Drop,DDP,Ocean,ARV,Adult,CIPLA LIMITED,"Nevirapine 200mg, tablets, 60 Tabs",Nevirapine,Generic,200mg,Tablet,"Cipla, Goa, India",14409,60,159000,443610,2.79,0.05,956.42,16729,25199.31,TRUE,3/14/11,3/14/11,,9/21/10
112-NG-T30,FPQ-6124,SCMS-93420,ASN-9751,Nigeria,PMO - US,Direct Drop,EXW,Air,ACT,ACT,NOVARTIS PHARMA SERVICES AG,"Artemether/Lumefantrine 20/120mg [Coartem], scored tablets, Blister 30 x 24 Tabs",Artemether/Lumefantrine,Coartem,20/120mg,Tablet - FDC + blister,"Novartis Pharma Suffern, USA",14410,720,1245,48555,39,0.05,104.68,859,5810.56,TRUE,2/28/11,2/28/11,,12/7/10
116-ZA-T30,FPQ-13973,SCMS-238555,ASN-29255,South Africa,PMO - US,Direct Drop,DDP,Truck,ARV,Adult,PHARMACY DIRECT,"Raltegravir 400mg [Isentress], tablets, 60 Tabs",Raltegravir,Isentress,400mg,Tablet,"MSD, Haarlem, NL",14412,60,24,2031.3,84.64,1.41,2.09,,,TRUE,11/5/14,11/5/14,,11/4/14
107-RW-T30,FPQ-8399,SCMS-126230,ASN-15270,Rwanda,PMO - US,Direct Drop,FCA,Air,ARV,Adult,Hoffmann-La Roche ltd Basel,"Nelfinavir (as mesilate) 250mg [Viracept], tablets, 270 Tabs",Nelfinavir (as mesilate),Viracept,250mg,Tablet,Roche Madrid,14431,270,109,17410.04,159.73,0.59,28.73,27,2205.25,TRUE,7/5/12,7/5/12,,11/2/11
116-ZA-T30,FPQ-4770,SCMS-60170,ASN-5933,South Africa,PMO - US,Direct Drop,DDP,Truck,ARV,Adult,S. BUYS WHOLESALER,"Emtricitabine/Tenofovir Disoproxil Fumarate 200/300mg [Truvada], tablets, 30 Tabs",Emtricitabine/Tenofovir Disoproxil Fumarate,Truvada,300/200mg,Tablet - FDC,"Aspen-OSD, Port Elizabeth, SA",14433,30,100,4669.76,46.7,1.56,10.07,,,TRUE,12/29/09,12/29/09,,12/23/09
116-ZA-T30,FPQ-14942,SCMS-259085,ASN-33333,South Africa,PMO - US,Direct Drop,DDP,Truck,ARV,Pediatric,PHARMACY DIRECT,"Lopinavir/Ritonavir 80/20mg/ml [Kaletra], oral solution, cool, Bottle 5 x 60 ml",Lopinavir/Ritonavir,Kaletra,80/20mg/ml,Oral solution,ABBVIE (Abbott) Logis. UK,14437,300,3,51.42,17.14,0.06,0.05,,,TRUE,7/14/15,7/14/15,,7/14/15
161-ZA-T30,FPQ-6262,SCMS-91340,ASN-9807,South Africa,PMO - US,Direct Drop,DDP,Air,ARV,Pediatric,ASPEN PHARMACARE,"Abacavir 20mg/ml [Ziagen], oral solution, Bottle, 240 ml",Abacavir,Ziagen,20mg/ml,Oral solution,GSK Mississauga (Canada),14440,240,28000,280560,10.02,0.04,604.89,,,TRUE,2/9/11,2/9/11,,11/19/10
116-ZA-T30,FPQ-7176,SCMS-104380,ASN-11802,South Africa,PMO - US,Direct Drop,DDP,Ocean,ARV,Adult,Aurobindo Pharma Limited,"Efavirenz 600mg, tablets, 30 Tabs",Efavirenz,Generic,600mg,Tablet,"Aurobindo Unit III, India",14447,30,5745,25909.95,4.51,0.15,42.75,488,4232.71,TRUE,11/3/11,10/10/11,,4/1/11
113-ZW-T30,FPQ-7521,SCMS-108030,ASN-11413,Zimbabwe,PMO - US,Direct Drop,EXW,Air,HRDT,HIV test,"Orgenics, Ltd","HIV 1/2, Determine Complete HIV Kit, 100 Tests","HIV 1/2, Determine Complete HIV Kit",Determine,N/A,Test kit,Inverness Japan,14508,100,2730,218400,80,0.8,360.36,1053,27236.25,TRUE,9/8/11,9/8/11,,5/5/11
161-ZA-T30,FPQ-5303,SCMS-68980,ASN-9647,South Africa,PMO - US,Direct Drop,DDP,Air,ARV,Pediatric,Aurobindo Pharma Limited,"Lamivudine 10mg/ml, oral solution w/syringe, Bottle, 240 ml",Lamivudine,Generic,10mg/ml,Oral solution,"Aurobindo Unit III, India",14542,240,6395,19185,3,0.01,41.36,,,TRUE,8/24/10,3/4/11,,3/19/10
116-ZA-T30,FPQ-14942,SCMS-259074,ASN-31070,South Africa,PMO - US,Direct Drop,DDP,Truck,ARV,Adult,PHARMACY DIRECT,"Zidovudine 300mg, tablets, 60 Tabs",Zidovudine,Generic,300mg,Tablet,"Aurobindo Unit III, India",14564,60,7,126.22,18.03,0.3,0.13,,,FALSE,3/9/15,3/9/15,,3/9/15
133-NG-T30,FPQ-10349,SCMS-155321,ASN-17168,Nigeria,PMO - US,Direct Drop,EXW,Air,HRDT,HIV test,"Orgenics, Ltd","HIV 1/2, Determine Complete HIV Kit, 100 Tests","HIV 1/2, Determine Complete HIV Kit",Determine,N/A,Test kit,"Alere Medical Co., Ltd.",14571,100,2744,244216,89,0.89,342.39,1303,28734.43,TRUE,11/28/12,11/27/12,,8/13/12
106-HT-T30,FPQ-11442,SCMS-177180,ASN-18919,Haiti,PMO - US,Direct Drop,EXW,Ocean,ARV,Pediatric,Aurobindo Pharma Limited,"Efavirenz 200mg, capsule, 90 Caps",Efavirenz,Generic,200mg,Capsule,"Aurobindo Unit III, India",14578,90,3680,20240,5.5,0.06,25.04,6385,8768.76,TRUE,8/7/13,8/7/13,,3/11/13
106-HT-T30,FPQ-11442,SCMS-177160,ASN-18905,Haiti,PMO - US,Direct Drop,EXW,Ocean,ARV,Adult,HETERO LABS LIMITED,"Efavirenz 600mg, tablets, 30 Tabs",Efavirenz,Generic,600mg,Tablet,"Hetero, Jadcherla, unit 5, IN",14605,30,71376,231258.23,3.24,0.11,286.07,5864,7558.01,TRUE,8/7/13,8/7/13,,3/7/13
116-ZA-T30,FPQ-12522,SCMS-199283,ASN-27978,South Africa,PMO - US,Direct Drop,DDP,Truck,ARV,Adult,S. BUYS WHOLESALER,"Lopinavir/Ritonavir 200/50mg [Aluvia], tablets, 120 Tabs",Lopinavir/Ritonavir,Aluvia,200/50mg,Tablet,ABBVIE Ludwigshafen Germany,14628,120,48,1236.47,25.76,0.21,1.53,,,FALSE,8/27/14,8/27/14,,8/27/14
110-ZM-T30,FPQ-14790,SCMS-253020,ASN-31638,Zambia,PMO - US,Direct Drop,FCA,Air,ARV,Pediatric,ABBVIE LOGISTICS (FORMERLY ABBOTT LOGISTICS BV),"Lopinavir/Ritonavir 80/20mg/ml [Kaletra], oral solution, cool, Bottle 5 x 60 ml",Lopinavir/Ritonavir,Kaletra,80/20mg/ml,Oral solution,ABBVIE (Abbott) Logis. UK,14658,300,2265,69807.3,30.82,0.1,71.76,2272,14603.71,TRUE,4/25/15,4/25/15,,8/20/14
106-HT-T30,FPQ-5725,SCMS-74750,ASN-7454,Haiti,PMO - US,Direct Drop,EXW,Air,HRDT,HIV test,"Orgenics, Ltd","HIV 1/2, Determine HIV Kit, without Lancets, 100 Tests","HIV 1/2, Determine HIV Kit, without Lancets",Determine,N/A,Test kit,Inverness Japan,14665,100,1000,97680,97.68,0.98,210.6,227,2486.62,TRUE,9/13/10,9/13/10,,6/2/10
104-CI-T30,FPQ-6024,SCMS-80900,ASN-8019,Côte d'Ivoire,PMO - US,Direct Drop,CIP,Air,ARV,Pediatric,BRISTOL-MYERS SQUIBB,"Didanosine 50mg [Videx], chewable tablets, 60 Tabs",Didanosine,Videx,50mg,Chewable/dispersible tablet,"BMS Meymac, France",14694,60,6000,57000,9.5,0.16,122.89,1278,1742.12,TRUE,9/8/10,9/8/10,,8/2/10
106-HT-T30,FPQ-13797,SCMS-233990,ASN-27716,Haiti,PMO - US,Direct Drop,EXW,Air,ARV,Adult,MICRO LABS LIMITED,"Efavirenz 600mg, tablets, 30 Tabs",Efavirenz,Generic,600mg,Tablet,"Micro labs, Verna, Goa, India",14710,30,29908,89125.84,2.98,0.1,91.62,2423,14650.41,TRUE,9/12/14,9/12/14,,4/28/14
161-ZA-T30,FPQ-6262,SCMS-83730,ASN-9481,South Africa,PMO - US,Direct Drop,DDP,Ocean,ARV,Adult,Aurobindo Pharma Limited,"Zidovudine 300mg, tablets, 60 Tabs",Zidovudine,Generic,300mg,Tablet,"Aurobindo Unit III, India",14743,60,87500,641375,7.33,0.12,1382.8,4416,7334.83,TRUE,3/4/11,3/4/11,,9/24/10
104-CI-T30,FPQ-12133,SCMS-188290,ASN-20951,Côte d'Ivoire,PMO - US,Direct Drop,EXW,Air,HRDT,HIV test,"Orgenics, Ltd","HIV 1/2, Determine Complete HIV Kit, 100 Tests","HIV 1/2, Determine Complete HIV Kit",Determine,N/A,Test kit,"Alere Medical Co., Ltd.",14785,100,3200,256000,80,0.8,316.67,1394,20822.73,TRUE,8/8/13,8/8/13,,5/21/13
107-RW-T30,FPQ-13651,SCMS-227720,ASN-25269,Rwanda,PMO - US,Direct Drop,EXW,Air,ARV,Pediatric,Aurobindo Pharma Limited,"Nevirapine 10mg/ml, oral suspension w/syringe, Bottle, 240 ml",Nevirapine,Generic,10mg/ml,Oral suspension,"Aurobindo Unit III, India",14803,240,9720,14677.2,1.51,0.01,15.09,4365,,TRUE,5/6/14,5/6/14,,2/28/14
107-RW-T30,FPQ-13874,SCMS-232310,ASN-25543,Rwanda,PMO - US,Direct Drop,EXW,Air,HRDT,HIV test,"SHANGHAI KEHUA BIOENGINEERING CO.,LTD.  (KHB)","HIV 1/2, SKB Colloidal Gold, Diagnostic Kit, Antibody, 50 Tests","HIV 1/2, Colloidal Gold, Diagnostic Kit, Antibody",Colloidal Gold,N/A,Test kit,"KHB Test Kit Facility, Shanghai China",14811,1,4068,99666,24.5,24.5,102.46,2712,37680.04,TRUE,4/28/14,4/28/14,,4/3/14
110-PK-T30,FPQ-9019,SCMS-132510,ASN-13949,Pakistan,PMO - US,Direct Drop,EXW,Air,HRDT,HIV test,"Orgenics, Ltd","HIV 1/2, Determine Complete HIV Kit, 100 Tests","HIV 1/2, Determine Complete HIV Kit",Determine,N/A,Test kit,"Alere Medical Co., Ltd.",14820,100,2132,170560,80,0.8,239.13,1017,14959.84,TRUE,6/29/12,6/29/12,,1/17/12
101-CD-T30,FPQ-11103,SCMS-170640,ASN-18068,"Congo, DRC",PMO - US,Direct Drop,FCA,Air,ARV,Pediatric,ABBVIE LOGISTICS (FORMERLY ABBOTT LOGISTICS BV),"Lopinavir/Ritonavir 80/20mg/ml [Kaletra], oral solution, cool, Bottle 5 x 60 ml",Lopinavir/Ritonavir,Kaletra,80/20mg/ml,Oral solution,ABBVIE (Abbott) Logis. UK,14846,300,60,1849.2,30.82,0.1,2.29,113,2570.86,TRUE,4/16/13,4/16/13,,1/3/13
108-VN-T30,FPQ-10811,SCMS-164560,ASN-18406,Vietnam,PMO - US,Direct Drop,EXW,Air,ARV,Pediatric,MYLAN LABORATORIES LTD (FORMERLY MATRIX LABORATORIES),"Lamivudine/Zidovudine 30/60mg, tablets, 60 Tabs",Lamivudine/Zidovudine,Generic,30/60mg,Tablet - FDC,Mylan (formerly Matrix) Nashik,14871,60,1769,3714.9,2.1,0.04,4.6,1961,7308.37,TRUE,3/13/13,3/13/13,,11/7/12
161-ZA-T30,FPQ-5648,SCMS-75520,ASN-8545,South Africa,PMO - US,Direct Drop,DDP,Air,ARV,Pediatric,ASPEN PHARMACARE,"Abacavir 20mg/ml [Ziagen], oral solution, Bottle, 240 ml",Abacavir,Ziagen,20mg/ml,Oral solution,GSK Mississauga (Canada),14874,240,26000,392080,15.08,0.06,845.32,,7707.42,TRUE,10/6/10,10/6/10,,6/16/10
116-ZA-T30,FPQ-15869,SCMS-278621,ASN-33339,South Africa,PMO - US,Direct Drop,DDP,Truck,ARV,Adult,PHARMACY DIRECT,"Efavirenz/Emtricitabine/Tenofovir Disoproxil Fumarate 600/200/300mg, tablets, 30 Tabs",Efavirenz/Emtricitabine/Tenofovir Disoproxil Fumarate,Generic,600/200/300mg,Tablet - FDC,Mylan (formerly Matrix) Nashik,14929,30,9,342.83,38.09,1.27,0.4,,,TRUE,7/15/15,7/15/15,,5/7/15
107-RW-T30,FPQ-14813,SCMS-268601,ASN-31659,Rwanda,PMO - US,Direct Drop,FCA,Air,ARV,Pediatric,SWORDS LABORATORIES,"Atazanavir 200mg [Reyataz], capsules, 60 Caps",Atazanavir,Reyataz,200mg,Capsule,Bristol-Myers Squibb Anagni IT,14931,60,1080,43869.6,40.62,0.68,45.1,282,1028.1,TRUE,5/12/15,5/12/15,,12/12/14
109-TZ-T30,FPQ-6203,SCMS-82750,ASN-8080,Tanzania,PMO - US,Direct Drop,EXW,Air,ARV,Adult,MYLAN LABORATORIES LTD (FORMERLY MATRIX LABORATORIES),"Efavirenz/Emtricitabine/Tenofovir Disoproxil Fumarate 600/200/300mg, tablets, 30 Tabs",Efavirenz/Emtricitabine/Tenofovir Disoproxil Fumarate,Generic,600/200/300mg,Tablet - FDC,Mylan (formerly Matrix) Nashik,14941,30,9000,179100,19.9,0.66,386.14,1081,5834.1,TRUE,10/22/10,10/22/10,,8/25/10
114-UG-T30,FPQ-4373,SCMS-58220,ASN-6150,Uganda,PMO - US,Direct Drop,CIP,Air,ARV,Adult,MERCK SHARP & DOHME IDEA GMBH (FORMALLY MERCK SHARP & DOHME B.V.),"Indinavir 400mg [Crixivan], capsules, 180 Caps",Indinavir,Crixivan,400mg,Capsule,"MSD, Haarlem, NL",14943,180,75,3750,50,0.28,7.35,19,435,TRUE,3/4/10,3/4/10,,12/2/09
106-HT-T30,FPQ-5526,SCMS-74010,ASN-7683,Haiti,PMO - US,Direct Drop,CIP,Air,ARV,Pediatric,BRISTOL-MYERS SQUIBB,"Didanosine 2g [Videx], powder for oral solution 10mg/ml, reconstitute to 200 ml",Didanosine,Videx,2g,Powder for oral solution,"BMS Meymac, France",14970,200,192,2417.28,12.59,0.06,5.21,,,TRUE,8/5/10,8/5/10,,5/25/10
102-SS-T30,FPQ-9038,SCMS-137200,ASN-14984,South Sudan,PMO - US,Direct Drop,EXW,Air,HRDT,HIV test,"Orgenics, Ltd","HIV 1/2, Determine Complete HIV Kit, 100 Tests","HIV 1/2, Determine Complete HIV Kit",Determine,N/A,Test kit,"Alere Medical Co., Ltd.",14988,100,337,29993,89,0.89,42.05,181,4978.09,TRUE,6/15/12,6/15/12,,4/5/12
116-ZA-T30,FPQ-3560,SCMS-49641,ASN-5136,South Africa,PMO - US,Direct Drop,DDP,Truck,ARV,Pediatric,S. BUYS WHOLESALER,"Abacavir 20mg/ml [Ziagen], oral solution, Bottle, 240 ml",Abacavir,Ziagen,20mg/ml,Oral solution,GSK Mississauga (Canada),15004,240,599,11964.63,19.97,0.08,23.45,,,TRUE,8/5/09,8/5/09,,7/21/09
133-NG-T30,FPQ-9599,SCMS-144190,ASN-16132,Nigeria,PMO - US,Direct Drop,EXW,Air,HRDT,HIV test,"Trinity Biotech, Plc","HIV 1/2, Uni-Gold HIV Kit, 20 Tests","HIV 1/2, Uni-Gold HIV Kit",Uni-Gold,N/A,Test kit,"Trinity Biotech, Plc",15005,20,8018,256576,32,1.6,359.72,2607,28595.45,TRUE,9/18/12,9/18/12,,5/3/12
107-RW-T30,FPQ-6186,SCMS-83350,ASN-9219,Rwanda,PMO - US,Direct Drop,CIP,Air,ARV,Adult,MYLAN LABORATORIES LTD (FORMERLY MATRIX LABORATORIES),"Efavirenz/Lamivudine/Tenofovir Disoproxil Fumarate 600/300/300mg, tablets, 30 Tabs",Efavirenz/Lamivudine/Tenofovir Disoproxil Fumarate,Generic,600/300/300mg,Tablet - FDC,Mylan (formerly Matrix) Nashik,15011,30,9653,168734.44,17.48,0.58,363.79,,,TRUE,12/12/10,12/12/10,,9/28/10
116-ZA-T30,FPQ-7176,SCMS-104370,ASN-11046,South Africa,PMO - US,Direct Drop,DDP,Ocean,ARV,Adult,Aurobindo Pharma Limited,"Zidovudine 300mg, tablets, 60 Tabs",Zidovudine,Generic,300mg,Tablet,"Aurobindo Unit III, India",15012,60,2452,17899.6,7.3,0.12,29.53,127,47101.63,TRUE,8/15/11,8/15/11,,4/1/11
116-ZA-T30,FPQ-14942,SCMS-259079,ASN-33852,South Africa,PMO - US,Direct Drop,DDP,Truck,ARV,Adult,PHARMACY DIRECT,"Didanosine 250mg, delayed-release capsules, 30 Caps",Didanosine,Generic,250mg,Delayed-release capsules,"Aurobindo Unit III, India",15046,30,6,71.03,11.84,0.39,0.07,,,TRUE,8/24/15,8/24/15,,10/9/14
105-GY-T30,FPQ-10249,SCMS-153840,ASN-16410,Guyana,PMO - US,Direct Drop,EXW,Air,HRDT,HIV test,"Trinity Biotech, Plc","HIV 1/2, Uni-Gold HIV Kit, 20 Tests","HIV 1/2, Uni-Gold HIV Kit",Uni-Gold,N/A,Test kit,"Trinity Biotech, Plc",15051,20,2769,88608,32,1.6,124.23,876,8969.97,TRUE,9/25/12,9/25/12,,7/26/12
101-CD-T30,FPQ-14100,SCMS-239410,ASN-26738,"Congo, DRC",PMO - US,Direct Drop,EXW,Air,HRDT,HIV test,"Trinity Biotech, Plc","HIV 1/2, Uni-Gold HIV Kit, 20 Tests","HIV 1/2, Uni-Gold HIV Kit",Uni-Gold,N/A,Test kit,"Trinity Biotech, Plc",15115,20,34,1088,32,1.6,1.12,112,3196.31,TRUE,9/5/14,9/5/14,,5/20/14
110-ZM-T30,FPQ-12251,SCMS-189230,ASN-20474,Zambia,PMO - US,Direct Drop,EXW,Air,HRDT,HIV test,"Orgenics, Ltd","HIV 1/2, Determine Complete HIV Kit, 100 Tests","HIV 1/2, Determine Complete HIV Kit",Determine,N/A,Test kit,"Alere Medical Co., Ltd.",15131,100,6000,480000,80,0.8,593.76,2606,38354.26,TRUE,9/11/13,9/11/13,,5/22/13
161-ZA-T30,FPQ-5303,SCMS-68940,ASN-7597,South Africa,PMO - US,Direct Drop,DDP,Air,ARV,Adult,Aurobindo Pharma Limited,"Efavirenz 600mg, tablets, 30 Tabs",Efavirenz,Generic,600mg,Tablet,"Aurobindo Unit III, India",15142,30,11510,53751.7,4.67,0.16,115.89,993,4263.07,TRUE,9/7/10,9/7/10,,3/19/10
108-VN-T30,FPQ-6818,SCMS-97850,ASN-11024,Vietnam,PMO - US,Direct Drop,EXW,Air,ARV,Adult,MYLAN LABORATORIES LTD (FORMERLY MATRIX LABORATORIES),"Lamivudine 150mg, tablets, 60 Tabs",Lamivudine,Generic,150mg,Tablet,Mylan (formerly Matrix) Nashik,15149,60,20000,40000,2,0.03,66,2806,18207.5,TRUE,6/22/11,6/22/11,,2/15/11
161-ZA-T30,FPQ-5648,SCMS-75660,ASN-8695,South Africa,PMO - US,Direct Drop,DDP,Ocean,ARV,Adult,Aurobindo Pharma Limited,"Efavirenz 600mg, tablets, 30 Tabs",Efavirenz,Generic,600mg,Tablet,"Aurobindo Unit III, India",15176,30,12000,54120,4.51,0.15,116.68,,,TRUE,10/12/10,12/15/10,,6/17/10
105-GY-T30,FPQ-6329,SCMS-87910,ASN-9578,Guyana,PMO - US,Direct Drop,DDU,Air,ARV,Pediatric,IDIS LIMITED,"Didanosine 25mg [Videx], chewable tablets, 60 Tabs",Didanosine,Videx,25mg,Chewable/dispersible tablet,"BMS Meymac, France",15195,60,270,12501,46.3,0.77,26.95,59,180,TRUE,3/4/11,3/4/11,,10/1/10
106-HT-T30,FPQ-14083,SCMS-240220,ASN-26559,Haiti,PMO - US,Direct Drop,EXW,Air,ARV,Pediatric,Aurobindo Pharma Limited,"Abacavir 20mg/ml, oral solution, Bottle, 240 ml",Abacavir,Generic,20mg/ml,Oral solution,"Aurobindo Unit III, India",15240,240,375,2561.25,6.83,0.03,2.63,300,2949.23,TRUE,7/18/14,7/18/14,,6/2/14
116-ZA-T30,FPQ-11828,SCMS-183950,ASN-19166,South Africa,South Africa Field Office,Direct Drop,DDP,Truck,ARV,Adult,S. BUYS WHOLESALER,"Efavirenz 600mg, tablets, 30 Tabs",Efavirenz,Generic,600mg,Tablet,"Cipla, Goa, India",15241,30,1368,21995.87,16.08,0.54,27.21,,,TRUE,4/16/13,4/16/13,,
108-VN-T30,FPQ-4265,SCMS-57140,ASN-6265,Vietnam,PMO - US,Direct Drop,EXW,Air,ARV,Adult,Aurobindo Pharma Limited,"Lamivudine/Nevirapine/Zidovudine 150/200/300mg, tablets, 60 Tabs",Lamivudine/Nevirapine/Zidovudine,Generic,150/300/200mg,Tablet - FDC,"Aurobindo Unit III, India",15248,60,16300,181745,11.15,0.19,356.22,2011,11648.31,TRUE,3/15/10,3/15/10,,11/13/09
133-NG-T30,FPQ-7314,SCMS-104310,ASN-11148,Nigeria,PMO - US,Direct Drop,EXW,Air,HRDT,HIV test,"Trinity Biotech, Plc","HIV 1/2, Uni-Gold HIV Kit, 20 Tests","HIV 1/2, Uni-Gold HIV Kit",Uni-Gold,N/A,Test kit,"Trinity Biotech, Plc",15283,20,3662,117184,32,1.6,193.35,1255,15794.47,TRUE,7/19/11,7/19/11,,3/31/11
116-ZA-T30,FPQ-14942,SCMS-259075,ASN-32122,South Africa,PMO - US,Direct Drop,DDP,Truck,ARV,Adult,PHARMACY DIRECT,"Didanosine 400mg, delayed-release capsules, 30 Caps",Didanosine,Generic,400mg,Delayed-release capsules,"Aurobindo Unit III, India",15298,30,7,99.53,14.22,0.47,0.1,,,FALSE,5/12/15,5/12/15,,5/11/15
108-VN-T30,FPQ-10811,SCMS-166120,ASN-17672,Vietnam,PMO - US,Direct Drop,EXW,Air,ARV,Pediatric,Aurobindo Pharma Limited,"Lamivudine 10mg/ml, oral solution w/syringe, Bottle, 240 ml",Lamivudine,Generic,10mg/ml,Oral solution,"Aurobindo Unit III, India",15352,240,464,858.4,1.85,0.01,1.06,437,1222.31,TRUE,1/29/13,1/29/13,,11/9/12
102-SD-T30,FPQ-8261,SCMS-120472,ASN-13347,Sudan,PMO - US,Direct Drop,EXW,Air,HRDT,HIV test,"Trinity Biotech, Plc","HIV 1/2, Uni-Gold HIV Kit, 20 Tests","HIV 1/2, Uni-Gold HIV Kit",Uni-Gold,N/A,Test kit,"Trinity Biotech, Plc",15356,20,35,1120,32,1.6,1.85,12,646.81,TRUE,2/8/12,2/8/12,,9/7/11
108-VN-T30,FPQ-4265,SCMS-57130,ASN-6266,Vietnam,PMO - US,Direct Drop,EXW,Air,ARV,Adult,Aurobindo Pharma Limited,"Lamivudine 150mg, tablets, 60 Tabs",Lamivudine,Generic,150mg,Tablet,"Aurobindo Unit III, India",15368,60,24480,58752,2.4,0.04,115.15,3536,20910.43,TRUE,3/19/10,3/19/10,,11/13/09
102-ML-T30,FPQ-11783,SCMS-182800,ASN-19649,Mali,PMO - US,Direct Drop,EXW,Air,HRDT,HIV test,"Orgenics, Ltd","HIV 1/2, Determine Complete HIV Kit, 100 Tests","HIV 1/2, Determine Complete HIV Kit",Determine,N/A,Test kit,"Alere Medical Co., Ltd.",15382,100,81,6480,80,0.8,8.02,37,2190.78,TRUE,6/11/13,6/11/13,,4/11/13
151-NG-T30,FPQ-13102,SCMS-212700,ASN-22771,Nigeria,PMO - US,Direct Drop,EXW,Air,ARV,Adult,MYLAN LABORATORIES LTD (FORMERLY MATRIX LABORATORIES),"Zidovudine 300mg, tablets, 60 Tabs",Zidovudine,Generic,300mg,Tablet,Mylan (formerly Matrix) Nashik,15399,60,10000,65000,6.5,0.11,66.82,574,4760.43,TRUE,12/17/13,12/17/13,,11/4/13
107-RW-T30,FPQ-6186,SCMS-83330,ASN-9332,Rwanda,PMO - US,Direct Drop,CIP,Air,ARV,Adult,CIPLA LIMITED,"Lopinavir/Ritonavir 200/50mg, tablets, 120 Tabs",Lopinavir/Ritonavir,Generic,200/50mg,Tablet,Cipla Ltd A-42 MIDC Mahar. IN,15405,120,1202,41228.6,34.3,0.29,88.89,,,TRUE,1/7/11,1/7/11,,9/27/10
104-CI-T30,FPQ-12713,SCMS-201900,ASN-23392,Côte d'Ivoire,PMO - US,Direct Drop,EXW,Air,HRDT,HIV test,"Orgenics, Ltd","HIV 1/2, Determine Complete HIV Kit, 100 Tests","HIV 1/2, Determine Complete HIV Kit",Determine,N/A,Test kit,"Alere Medical Co., Ltd.",15423,100,1400,112000,80,0.8,138.54,577,9275.59,TRUE,1/23/14,1/23/14,,8/6/13
106-HT-T30,FPQ-15038,SCMS-262980,ASN-30463,Haiti,PMO - US,Direct Drop,EXW,Ocean,ARV,Adult,HETERO LABS LIMITED,"Lamivudine/Tenofovir Disoproxil Fumarate 300/300mg, tablets, 30 Tabs",Lamivudine/Tenofovir Disoproxil Fumarate,Generic,300/300mg,Tablet - FDC,Hetero Unit III Hyderabad IN,15460,30,36831,170159.22,4.62,0.15,174.92,17826,20526.23,TRUE,4/9/15,4/9/15,,1/7/15
109-TZ-T30,FPQ-10994,SCMS-169330,ASN-18422,Tanzania,PMO - US,Direct Drop,EXW,Air,HRDT,HIV test,"Trinity Biotech, Plc","HIV 1/2, Uni-Gold HIV Kit, 20 Tests","HIV 1/2, Uni-Gold HIV Kit",Uni-Gold,N/A,Test kit,"Trinity Biotech, Plc",15499,20,8460,270720,32,1.6,334.88,2753,25485.81,TRUE,4/30/13,4/30/13,,12/12/12
161-ZA-T30,FPQ-5648,SCMS-75480,ASN-8755,South Africa,PMO - US,Direct Drop,DDP,Air,ARV,Pediatric,Aurobindo Pharma Limited,"Nevirapine 10mg/ml, oral suspension w/syringe, Bottle, 240 ml",Nevirapine,Generic,10mg/ml,Oral suspension,"Aurobindo Unit III, India",15554,240,2162,6810.3,3.15,0.01,14.68,838,4876.31,TRUE,12/13/10,12/11/10,,6/17/10
113-ZW-T30,FPQ-7521,SCMS-108020,ASN-13965,Zimbabwe,PMO - US,Direct Drop,EXW,Air,HRDT,HIV test,"Orgenics, Ltd","HIV 1/2, Determine Complete HIV Kit, 100 Tests","HIV 1/2, Determine Complete HIV Kit",Determine,N/A,Test kit,Inverness Japan,15596,100,2342,187360,80,0.8,309.14,1113,20082.38,TRUE,3/20/12,3/20/12,,5/5/11
116-ZA-T30,FPQ-12522,SCMS-199283,ASN-27980,South Africa,PMO - US,Direct Drop,DDP,Truck,ARV,Adult,S. BUYS WHOLESALER,"Efavirenz 600mg, tablets, 30 Tabs",Efavirenz,Generic,600mg,Tablet,Hetero Unit III Hyderabad IN,15619,30,115,1923.5,16.73,0.56,2.38,,,TRUE,8/27/14,8/27/14,,8/27/14
111-MZ-T30,FPQ-14294,SCMS-247360,ASN-27766,Mozambique,PMO - US,Direct Drop,EXW,Air,HRDT,HIV test,"Orgenics, Ltd","HIV 1/2, Determine Complete HIV Kit, 100 Tests","HIV 1/2, Determine Complete HIV Kit",Determine,N/A,Test kit,"Alere Medical Co., Ltd.",15625,100,4708,376640,80,0.8,387.19,1914,13489.96,TRUE,9/10/14,9/10/14,,7/30/14
107-RW-T30,FPQ-6185,SCMS-84411,ASN-9660,Rwanda,PMO - US,Direct Drop,CIP,Air,ARV,Adult,CIPLA LIMITED,"Lopinavir/Ritonavir 200/50mg, tablets, 120 Tabs",Lopinavir/Ritonavir,Generic,200/50mg,Tablet,Cipla Ltd A-42 MIDC Mahar. IN,15642,120,2486,85269.8,34.3,0.29,183.84,4354,,TRUE,2/9/11,2/9/11,,9/27/10
133-NG-T30,FPQ-8117,SCMS-118170,ASN-12941,Nigeria,PMO - US,Direct Drop,EXW,Air,HRDT,HIV test,"Trinity Biotech, Plc","HIV 1/2, Uni-Gold HIV Kit, 20 Tests","HIV 1/2, Uni-Gold HIV Kit",Uni-Gold,N/A,Test kit,"Trinity Biotech, Plc",15643,20,2000,64000,32,1.6,105.6,793,7938.18,TRUE,12/13/11,12/13/11,,8/12/11
A01-CM-T50,FPQ-15905,SCMS-285060,ASN-33424,Cameroon,PMO - US,Direct Drop,CIP,Air,ARV,Adult,MERCK SHARP & DOHME IDEA GMBH (FORMALLY MERCK SHARP & DOHME B.V.),"Raltegravir 400mg [Isentress], tablets, 60 Tabs",Raltegravir,Isentress,400mg,Tablet,"MSD, Haarlem, NL",15656,60,120,6660,55.5,0.92,7.84,,,TRUE,8/26/15,8/26/15,,5/1/15
901-CM-T30,FPQ-12837,SCMS-204300,ASN-21701,Cameroon,PMO - US,Direct Drop,EXW,Air,ARV,Adult,Aurobindo Pharma Limited,"Nevirapine 200mg, tablets, 60 Tabs",Nevirapine,Generic,200mg,Tablet,"Aurobindo Unit III, India",15670,60,34595,77838.75,2.25,0.04,96.29,3642,31434.31,TRUE,10/18/13,10/26/13,,8/23/13
161-ZA-T30,FPQ-5303,SCMS-68980,ASN-7526,South Africa,PMO - US,Direct Drop,DDP,Air,ARV,Pediatric,Aurobindo Pharma Limited,"Lamivudine 10mg/ml, oral solution w/syringe, Bottle, 240 ml",Lamivudine,Generic,10mg/ml,Oral solution,"Aurobindo Unit III, India",15687,240,8474,25422,3,0.01,54.81,3206,2154.51,TRUE,8/24/10,8/24/10,,3/19/10
117-ET-T30,FPQ-4752,SCMS-61200,ASN-6004,Ethiopia,PMO - US,Direct Drop,EXW,Air,ARV,Adult,STRIDES ARCOLAB LIMITED,"Lamivudine/Stavudine 150/30mg, tablets, 60 Tabs",Lamivudine/Stavudine,Generic,150/30mg,Tablet - FDC,"Strides, Bangalore, India.",15695,60,71596,241278.52,3.37,0.06,520.2,3652,15236.52,TRUE,2/9/10,2/9/10,,12/29/09
107-RW-T30,FPQ-9168,SCMS-137552,ASN-15729,Rwanda,PMO - US,Direct Drop,EXW,Air,ARV,Adult,MYLAN LABORATORIES LTD (FORMERLY MATRIX LABORATORIES),"Abacavir 300mg, tablets, 60 Tabs",Abacavir,Generic,300mg,Tablet,Mylan (formerly Matrix) Nashik,15726,60,46530,581159.7,12.49,0.21,814.79,4810,27894.81,TRUE,8/7/12,8/7/12,,5/31/12
123-NG-T30,FPQ-7743,SCMS-111240,ASN-12090,Nigeria,PMO - US,Direct Drop,EXW,Air,ACT,ACT,NOVARTIS PHARMA SERVICES AG,"Artemether/Lumefantrine 20/120mg [Coartem], scored tablets, Blister 30 x 24 Tabs",Artemether/Lumefantrine,Coartem,20/120mg,Tablet - FDC + blister,"Novartis Pharma Suffern, USA",15727,720,1000,39000,39,0.05,64.35,711,5433.21,TRUE,9/23/11,9/23/11,,6/15/11
108-VN-T30,FPQ-15823,SCMS-277340,ASN-32255,Vietnam,PMO - US,Direct Drop,FCA,Air,ARV,Adult,ABBVIE LOGISTICS (FORMERLY ABBOTT LOGISTICS BV),"Ritonavir 100mg [Norvir], film coated tablets, 30 Tabs",Ritonavir,Norvir,100mg,Tablet,ABBVIE Ludwigshafen Germany,15738,30,400,9304,23.26,0.78,10.95,40,642.45,TRUE,7/15/15,7/15/15,,3/4/15
101-CD-T30,FPQ-16001,SCMS-280220,ASN-32231,"Congo, DRC",PMO - US,Direct Drop,EXW,Air,HRDT,HIV test,"Orgenics, Ltd","HIV 1/2, Determine Complete HIV Kit, 100 Tests","HIV 1/2, Determine Complete HIV Kit",Determine,N/A,Test kit,"Alere Medical Co., Ltd.",15751,100,228,18240,80,0.8,21.47,,,FALSE,7/23/15,7/23/15,,3/17/15
108-VN-T30,FPQ-8428,SCMS-123520,ASN-13475,Vietnam,PMO - US,Direct Drop,EXW,Air,ARV,Adult,Aurobindo Pharma Limited,"Lamivudine/Nevirapine/Zidovudine 150/200/300mg, tablets, 60 Tabs",Lamivudine/Nevirapine/Zidovudine,Generic,150/300/200mg,Tablet - FDC,"Aurobindo Unit III, India",15772,60,30000,313500,10.45,0.17,517.28,10210,17392.05,TRUE,3/1/12,3/1/12,,10/4/11
109-TZ-T30,FPQ-10809,SCMS-162861,ASN-18311,Tanzania,PMO - US,Direct Drop,EXW,Air,HRDT,HIV test,"Orgenics, Ltd","HIV 1/2, Determine Complete HIV Kit, 100 Tests","HIV 1/2, Determine Complete HIV Kit",Determine,N/A,Test kit,"Alere Medical Co., Ltd.",15778,100,218,17440,80,0.8,21.57,91,2082.39,TRUE,4/10/13,4/10/13,,10/18/12
105-SS-T30,FPQ-15569,SCMS-272170,ASN-31958,South Sudan,PMO - US,Direct Drop,EXW,Air,HRDT,HIV test - Ancillary,"Orgenics, Ltd","Chase Buffer, Determine, 100 Tests, 2.5ml x 1 Vial","Chase Buffer, Determine, 100 Tests, 2.5ml x 1 Vial",Determine,N/A,Test kit - Ancillary,"Alere Medical Co., Ltd.",15788,1,45,225,5,5,0.26,,,TRUE,7/2/15,7/2/15,,2/20/15
116-ZA-T30,FPQ-14942,SCMS-259071,ASN-29597,South Africa,PMO - US,Direct Drop,DDP,Truck,ARV,Adult,PHARMACY DIRECT,"Zidovudine 300mg, tablets, 60 Tabs",Zidovudine,Generic,300mg,Tablet,"Aurobindo Unit III, India",15795,60,12,216.37,18.03,0.3,0.22,,,FALSE,11/28/14,11/28/14,,11/28/14
102-ML-T30,FPQ-11783,SCMS-182801,ASN-19657,Mali,PMO - US,Direct Drop,EXW,Air,HRDT,HIV test,"Orgenics, Ltd","HIV 1/2, Clearview Complete Kit, 25 Tests","HIV 1/2, Clearview Complete Kit",Clearview,N/A,Test kit,Chembio Diagnostics Sys. Inc.,15804,25,20,1900,95,3.8,2.35,9,779.06,TRUE,7/3/13,7/3/13,,4/11/13
111-MZ-T30,FPQ-13395,SCMS-219220,ASN-25454,Mozambique,PMO - US,Direct Drop,EXW,Air,ARV,Adult,HETERO LABS LIMITED,"Lamivudine/Nevirapine/Zidovudine 150/200/300mg, tablets, 60 Tabs",Lamivudine/Nevirapine/Zidovudine,Generic,150/300/200mg,Tablet - FDC,Hetero Unit III Hyderabad IN,15813,60,23040,186854.4,8.11,0.14,192.09,3138,16537.12,TRUE,5/2/14,5/2/14,,12/17/13
116-ZA-T30,FPQ-4359,SCMS-54980,ASN-5373,South Africa,PMO - US,Direct Drop,DDP,Truck,ARV,Pediatric,S. BUYS WHOLESALER,"Stavudine 1mg/ml [Zerit], powder for oral solution, Bottle, 200 ml",Stavudine,Zerit,1mg/ml,Powder for oral solution,"BMS Meymac, France",15815,200,2200,3914.05,1.78,0.01,7.67,,,FALSE,10/19/09,10/19/09,,10/15/09
109-TZ-T30,FPQ-16453,SCMS-293540,ASN-33245,Tanzania,PMO - US,Direct Drop,EXW,Air,HRDT,HIV test,"Trinity Biotech, Plc","HIV 1/2, Uni-Gold HIV Kit, 20 Tests","HIV 1/2, Uni-Gold HIV Kit",Uni-Gold,N/A,Test kit,"Trinity Biotech, Plc",15825,20,400,12800,32,1.6,15.07,,,TRUE,8/24/15,8/24/15,,6/25/15
107-RW-T30,FPQ-8932,SCMS-129870,ASN-13373,Rwanda,PMO - US,Direct Drop,EXW,Air,ARV,Adult,Aurobindo Pharma Limited,"Lamivudine/Tenofovir Disoproxil Fumarate 300/300mg, tablets, 30 Tabs",Lamivudine/Tenofovir Disoproxil Fumarate,Generic,300/300mg,Tablet - FDC,"Aurobindo Unit VII, IN",15867,30,41286,220880.1,5.35,0.18,309.67,4027,28833.91,TRUE,1/24/12,1/26/12,,12/13/11
107-RW-T30,FPQ-6341,SCMS-84940,ASN-10070,Rwanda,PMO - US,Direct Drop,EXW,Ocean,ARV,Adult,MYLAN LABORATORIES LTD (FORMERLY MATRIX LABORATORIES),"Lamivudine/Tenofovir Disoproxil Fumarate 300/300mg, tablets, 30 Tabs",Lamivudine/Tenofovir Disoproxil Fumarate,Generic,300/300mg,Tablet - FDC,Mylan (formerly Matrix) Nashik,15879,30,117359,997551.5,8.5,0.28,2150.72,10329,32530.22,TRUE,4/27/11,4/27/11,,9/29/10
108-VN-T30,FPQ-4266,SCMS-56540,ASN-7741,Vietnam,PMO - US,Direct Drop,EXW,Air,ARV,Adult,Aurobindo Pharma Limited,"Lamivudine/Nevirapine/Zidovudine 150/200/300mg, tablets, 60 Tabs",Lamivudine/Nevirapine/Zidovudine,Generic,150/300/200mg,Tablet - FDC,"Aurobindo Unit III, India",15894,60,20500,228575,11.15,0.19,448.01,2904,14223.39,TRUE,8/23/10,8/23/10,,11/11/09
116-ZA-T30,FPQ-3560,SCMS-49631,ASN-5444,South Africa,PMO - US,Direct Drop,DDP,Truck,ARV,Adult,S. BUYS WHOLESALER,"Efavirenz 600mg, tablets, 30 Tabs",Efavirenz,Generic,600mg,Tablet,"Cipla, Goa, India",15909,30,9612,183096.1,19.05,0.64,358.87,,,TRUE,9/14/09,10/9/09,,7/21/09
110-ZM-T30,FPQ-4692,SCMS-60720,ASN-6175,Zambia,PMO - US,Direct Drop,EXW,Air,HRDT,HIV test,"Trinity Biotech, Plc","HIV 1/2, Uni-Gold HIV Kit, 20 Tests","HIV 1/2, Uni-Gold HIV Kit",Uni-Gold,N/A,Test kit,"Trinity Biotech, Plc",15930,20,5264,168448,32,1.6,363.17,1826,16438.26,TRUE,3/16/10,3/16/10,,12/22/09
117-ET-T30,FPQ-5582,SCMS-72390,ASN-9567,Ethiopia,PMO - US,Direct Drop,EXW,Air,ARV,Adult,Aurobindo Pharma Limited,"Didanosine 250mg, delayed-release capsules, 30 Caps",Didanosine,Generic,250mg,Delayed-release capsules,"Aurobindo Unit III, India",15946,30,2600,33800,13,0.43,72.87,236,1131.48,TRUE,2/14/11,2/14/11,,4/29/10
161-ZA-T30,FPQ-6708,SCMS-93580,ASN-9951,South Africa,PMO - US,Direct Drop,DDP,Ocean,ARV,Adult,CIPLA LIMITED,"Tenofovir Disoproxil Fumarate 300mg, tablets, 30 Tabs",Tenofovir Disoproxil Fumarate,Generic,300mg,Tablet,"Cipla, Goa, India",15984,30,137654,944306.44,6.86,0.23,1558.11,9147,11314.2,TRUE,4/8/11,4/8/11,,12/14/10
106-HT-T30,FPQ-13797,SCMS-233940,ASN-26454,Haiti,PMO - US,Direct Drop,EXW,Air,ARV,Pediatric,Aurobindo Pharma Limited,"Nevirapine 10mg/ml, oral suspension w/syringe, Bottle, 240 ml",Nevirapine,Generic,10mg/ml,Oral suspension,"Aurobindo Unit III, India",15994,240,705,1064.55,1.51,0.01,1.09,346,3429.78,TRUE,7/14/14,7/14/14,,4/29/14
109-TZ-T30,FPQ-12540,SCMS-198780,ASN-20860,Tanzania,PMO - US,Direct Drop,EXW,Air,ARV,Adult,Aurobindo Pharma Limited,"Lamivudine/Nevirapine/Zidovudine 150/200/300mg, tablets, 60 Tabs",Lamivudine/Nevirapine/Zidovudine,Generic,150/300/200mg,Tablet - FDC,"Aurobindo Unit III, India",15999,60,36426,296143.38,8.13,0.14,366.33,4609,17581.92,TRUE,9/24/13,9/24/13,,7/16/13
104-CI-T30,FPQ-8210,SCMS-124140,ASN-13540,Côte d'Ivoire,PMO - US,Direct Drop,EXW,Air,HRDT,HIV test,"CHEMBIO DIAGNOSTIC SYSTEMS, INC.","HIV 1/2, Stat-Pak HIV, Kit, 20 Tests","HIV 1/2, Stat-Pak HIV, Kit",Stat-Pak,N/A,Test kit,Chembio Diagnostics Sys. Inc.,16044,20,1129,32741,29,1.45,54.02,328,4420.31,TRUE,2/6/12,2/6/12,,10/5/11
108-VN-T30,FPQ-13034,SCMS-210120,ASN-24394,Vietnam,PMO - US,Direct Drop,EXW,Air,ARV,Adult,HETERO LABS LIMITED,"Lamivudine 150mg, tablets, 60 Tabs",Lamivudine,Generic,150mg,Tablet,Hetero Unit III Hyderabad IN,16053,60,14011,25920.35,1.85,0.03,32.06,1953,3658.08,TRUE,4/23/14,4/23/14,,10/10/13
133-NG-T30,FPQ-10765,SCMS-162440,ASN-18175,Nigeria,PMO - US,Direct Drop,EXW,Air,HRDT,HIV test,"Orgenics, Ltd","HIV 1/2, Determine Complete HIV Kit, 100 Tests","HIV 1/2, Determine Complete HIV Kit",Determine,N/A,Test kit,"Alere Medical Co., Ltd.",16071,100,1859,165451,89,0.89,231.96,840,,TRUE,1/9/13,2/26/13,,10/16/12
116-ZA-T30,FPQ-14942,SCMS-259074,ASN-31070,South Africa,PMO - US,Direct Drop,DDP,Truck,ARV,Adult,PHARMACY DIRECT,"Didanosine 250mg, delayed-release capsules, 30 Caps",Didanosine,Generic,250mg,Delayed-release capsules,"Aurobindo Unit III, India",16084,30,1,11.02,11.02,0.37,0.01,,,FALSE,3/9/15,3/9/15,,3/9/15
122-HT-T30,FPQ-8635,SCMS-132180,ASN-13412,Haiti,PMO - US,Direct Drop,EXW,Air,ANTM,Malaria,AMSTELFARMA B.V.,"Mefloquine 250mg (as hydrochloride), tablets, 100 Tabs",Mefloquine (as hydrochloride),Generic,250mg,Tablet,"Medochemie Factory A, CY",16085,100,100,8905,89.05,0.89,12.48,1173,7019.07,TRUE,1/18/12,1/18/12,,12/30/11
109-TZ-T30,FPQ-3782,SCMS-47770,ASN-5364,Tanzania,PMO - US,Direct Drop,CIP,Air,ARV,Adult,BRISTOL-MYERS SQUIBB,"Didanosine EC 250mg [Videx EC], delayed-release capsules, Blister 3 x 10 Caps",Didanosine EC,Videx EC,250mg,Delayed-release capsules - blister,"BMS Meymac, France",16097,30,18544,340096.97,18.34,0.61,666.59,1478,1312.2,TRUE,11/27/09,11/27/09,,6/29/09
106-HT-T30,FPQ-15038,SCMS-262840,ASN-31820,Haiti,PMO - US,Direct Drop,EXW,Ocean,ARV,Pediatric,MYLAN LABORATORIES LTD (FORMERLY MATRIX LABORATORIES),"Abacavir/Lamivudine 60/30mg, tablets, 60 Tabs",Abacavir/Lamivudine,Generic,60/30mg,Tablet - FDC,Mylan (formerly Matrix) Nashik,16098,60,3300,13035,3.95,0.07,13.4,16350,16028.78,TRUE,7/3/15,7/3/15,,12/24/14
161-ZA-T30,FPQ-6262,SCMS-83790,ASN-10250,South Africa,PMO - US,Direct Drop,DDP,Ocean,ARV,Pediatric,Aurobindo Pharma Limited,"Efavirenz 200mg, capsule, 90 Caps",Efavirenz,Generic,200mg,Capsule,"Aurobindo Unit III, India",16099,90,1515,15119.7,9.98,0.11,32.6,201,4134.92,TRUE,2/1/11,5/3/11,,9/24/10
117-ET-T30,FPQ-6976,SCMS-98320,ASN-12361,Ethiopia,PMO - US,Direct Drop,EXW,Air,ARV,Adult,Aurobindo Pharma Limited,"Didanosine 400mg, delayed-release capsules, 30 Caps",Didanosine,Generic,400mg,Delayed-release capsules,"Aurobindo Unit III, India",16104,30,2225,44500,20,0.67,73.42,174,2052.97,TRUE,10/31/11,10/31/11,,2/1/11
109-TZ-T30,FPQ-7992,SCMS-117230,ASN-13952,Tanzania,PMO - US,Direct Drop,FCA,Air,ARV,Pediatric,LAWRENCE LABORATORIES (SUBSIDIARY OF BRISTOL MYERS SQUIBB),"Didanosine 100mg [Videx],chewable tablets, 60 Tabs",Didanosine,Videx,100mg,Chewable/dispersible tablet,Bristol-Myers Squibb Anagni IT,16173,60,4132,52683,12.75,0.21,86.93,1598,12689.71,TRUE,3/29/12,3/29/12,,8/4/11
108-VN-T30,FPQ-10811,SCMS-164660,ASN-18971,Vietnam,PMO - US,Direct Drop,EXW,Air,ARV,Adult,STRIDES ARCOLAB LIMITED,"Lamivudine/Nevirapine/Zidovudine 150/200/300mg, tablets, 60 Tabs",Lamivudine/Nevirapine/Zidovudine,Generic,150/300/200mg,Tablet - FDC,"Strides, Bangalore, India.",16186,60,21858,184044.36,8.42,0.14,227.66,2777,4461.72,TRUE,5/16/13,5/16/13,,11/7/12
102-BI-T30,FPQ-14594,SCMS-250100,ASN-28054,Burundi,PMO - US,Direct Drop,EXW,Air,HRDT,HIV test,"CHEMBIO DIAGNOSTIC SYSTEMS, INC.","HIV 1/2, Stat-Pak Dipstick Assay Kit, 30 Tests","HIV 1/2, Stat-Pak Dipstick Assay Kit",Stat-Pak,N/A,Test kit,Chembio Diagnostics Sys. Inc.,16213,30,414,11426.4,27.6,0.92,11.75,44,694.1,TRUE,9/26/14,9/26/14,,8/5/14
109-TZ-T30,FPQ-6936,SCMS-100632,ASN-10905,Tanzania,PMO - US,Direct Drop,EXW,Air,HRDT,HIV test,"Standard Diagnostics, Inc.","HIV 1/2, Bioline 3.0 Kit, Lancets, Capillary pipets, Alcohol swabs included, 25 Tests","HIV 1/2, Bioline 3.0 Kit, Lancets, Capillary pipets, Alcohol swabs included",Bioline,N/A,Test kit,"Standard Diagnostics, Korea",16231,25,10000,200000,20,0.8,330,3335,23616.68,TRUE,7/14/11,7/14/11,,5/2/11
106-HT-T30,FPQ-9066,SCMS-138580,ASN-14408,Haiti,PMO - US,Direct Drop,EXW,Air,ARV,Pediatric,Aurobindo Pharma Limited,"Nevirapine 50mg, dispersible tablets (tablets for oral suspension), 30 Tabs",Nevirapine,Generic,50mg,Chewable/dispersible tablet,"Aurobindo Unit III, India",16232,30,2894,3617.5,1.25,0.04,5.07,1486,12749.39,TRUE,4/22/12,4/22/12,,2/24/12
117-ET-T30,FPQ-14357,SCMS-244850,ASN-27243,Ethiopia,PMO - US,Direct Drop,EXW,Air,HRDT,HIV test,"CHEMBIO DIAGNOSTIC SYSTEMS, INC.","HIV 1/2, Stat-Pak HIV, Kit, 20 Tests","HIV 1/2, Stat-Pak HIV, Kit",Stat-Pak,N/A,Test kit,Chembio Diagnostics Sys. Inc.,16236,20,679,22067.5,32.5,1.62,22.69,195,2211.04,TRUE,7/29/14,7/29/14,,6/18/14
103-KE-T30,FPQ-10018,SCMS-149610,ASN-15367,Kenya,PMO - US,Direct Drop,EXW,Air,HRDT,HIV test,"Orgenics, Ltd","HIV 1/2, Determine Complete HIV Kit, 100 Tests","HIV 1/2, Determine Complete HIV Kit",Determine,N/A,Test kit,"Alere Medical Co., Ltd.",16255,100,7999,711911,89,0.89,998.1,1378,14842.19,TRUE,7/9/12,7/9/12,,6/14/12
117-ET-T30,FPQ-9096,SCMS-133330,ASN-14559,Ethiopia,PMO - US,Direct Drop,EXW,Air,HRDT,HIV test,"Trinity Biotech, Plc","HIV 1/2, Uni-Gold HIV Kit, 20 Tests","HIV 1/2, Uni-Gold HIV Kit",Uni-Gold,N/A,Test kit,"Trinity Biotech, Plc",16277,20,26,832,32,1.6,1.17,17,334.65,TRUE,4/25/12,4/25/12,,1/23/12
105-DO-T30,FPQ-7858,SCMS-117400,ASN-12550,Dominican Republic,PMO - US,Direct Drop,EXW,Air,HRDT,HIV test,"Orgenics, Ltd","HIV 1/2, Determine Complete HIV Kit, 100 Tests","HIV 1/2, Determine Complete HIV Kit",Determine,N/A,Test kit,Inverness Japan,16291,100,2772,255024,92,0.92,420.79,,,TRUE,10/27/11,10/27/11,,8/4/11
116-ZA-T30,FPQ-14942,SCMS-259077,ASN-33478,South Africa,PMO - US,Direct Drop,DDP,Truck,ARV,Adult,PHARMACY DIRECT,"Etravirine 100mg [Intelence], tablets, 120 Tabs",Etravirine,Intelence,100mg,Tablet,"Janssen-Cilag, Latina, IT",16379,120,27,742.84,27.51,0.23,0.76,,,TRUE,7/24/15,7/24/15,,10/9/14
105-SS-T30,FPQ-15569,SCMS-272170,ASN-32107,South Sudan,PMO - US,Direct Drop,EXW,Air,HRDT,HIV test,"Orgenics, Ltd","HIV 1/2, Determine Complete HIV Kit, 100 Tests","HIV 1/2, Determine Complete HIV Kit",Determine,N/A,Test kit,"Alere Medical Co., Ltd.",16391,100,100,8900,89,0.89,10.48,,,TRUE,7/2/15,7/7/15,,2/20/15
107-RW-T30,FPQ-6341,SCMS-84930,ASN-12601,Rwanda,PMO - US,Direct Drop,EXW,Ocean,ARV,Adult,CIPLA LIMITED,"Lopinavir/Ritonavir 200/50mg, tablets, 120 Tabs",Lopinavir/Ritonavir,Generic,200/50mg,Tablet,Cipla Ltd A-42 MIDC Mahar. IN,16398,120,23240,776216,33.4,0.28,1673.52,6853,81246.12,TRUE,12/13/11,12/13/11,,9/27/10
116-ZA-T30,FPQ-13973,SCMS-238552,ASN-27609,South Africa,PMO - US,Direct Drop,DDP,Truck,ARV,Adult,PHARMACY DIRECT,"Darunavir 300mg [Prezista], tablets, 120 Tabs",Darunavir,Prezista,300mg,Tablet,"Janssen-Cilag, Latina, IT",16462,120,36,2509.54,69.71,0.58,2.58,,,TRUE,8/5/14,8/5/14,,8/5/14
109-TZ-T30,FPQ-6936,SCMS-100631,ASN-10904,Tanzania,PMO - US,Direct Drop,EXW,Air,HRDT,HIV test,"Standard Diagnostics, Inc.","HIV 1/2, Bioline 3.0 Kit, Lancets, Capillary pipets, Alcohol swabs included, 25 Tests","HIV 1/2, Bioline 3.0 Kit, Lancets, Capillary pipets, Alcohol swabs included",Bioline,N/A,Test kit,"Standard Diagnostics, Korea",16473,25,10000,200000,20,0.8,330,3335,23650.43,TRUE,7/14/11,7/14/11,,5/2/11
109-TZ-T30,FPQ-13418,SCMS-219200,ASN-24662,Tanzania,PMO - US,Direct Drop,EXW,Air,ARV,Adult,HETERO LABS LIMITED,"Zidovudine 300mg, tablets, 60 Tabs",Zidovudine,Generic,300mg,Tablet,Hetero Unit III Hyderabad IN,16496,60,63200,347600,5.5,0.09,357.33,4007,23397.41,TRUE,4/25/14,4/25/14,,12/27/13
161-ZA-T30,FPQ-7175,SCMS-104100,ASN-13291,South Africa,PMO - US,Direct Drop,DDP,Ocean,ARV,Adult,CIPLA LIMITED,"Nevirapine 200mg, tablets, 60 Tabs",Nevirapine,Generic,200mg,Tablet,"Cipla, Goa, India",16504,60,37870,103006.4,2.72,0.05,169.96,4121,4957.81,TRUE,1/12/12,1/27/12,,3/28/11
106-HT-T30,FPQ-12590,SCMS-210541,ASN-24373,Haiti,PMO - US,Direct Drop,EXW,Ocean,ARV,Pediatric,MYLAN LABORATORIES LTD (FORMERLY MATRIX LABORATORIES),"Lamivudine/Nevirapine/Zidovudine 30/50/60mg, dispersible tablets, 60 Tabs",Lamivudine/Nevirapine/Zidovudine,Generic,30/50/60mg,Chewable/dispersible tablet - FDC,Mylan (formerly Matrix) Nashik,16513,60,889,3200.4,3.6,0.06,3.96,94,2350.55,TRUE,5/9/14,5/9/14,,2/3/14
116-ZA-T30,FPQ-4359,SCMS-54980,ASN-5373,South Africa,PMO - US,Direct Drop,DDP,Truck,ARV,Pediatric,S. BUYS WHOLESALER,"Nevirapine 10mg/ml [Viramune], oral suspension, Bottle, 240 ml",Nevirapine,Viramune,10mg/ml,Oral suspension,Boehringer Ingelheim Roxane US,16553,240,220,3442.16,15.65,0.07,6.75,,,FALSE,10/19/09,10/19/09,,10/15/09
107-RW-T30,FPQ-8741,SCMS-129500,ASN-15286,Rwanda,PMO - US,Direct Drop,EXW,Air,ARV,Adult,CIPLA LIMITED,"Lopinavir/Ritonavir 200/50mg, tablets, 120 Tabs",Lopinavir/Ritonavir,Generic,200/50mg,Tablet,Cipla Ltd A-42 MIDC Mahar. IN,16556,120,2074,74746.96,36.04,0.3,104.8,627,6072.8,TRUE,6/29/12,6/29/12,,3/14/12
110-ZM-T30,FPQ-13084,SCMS-211070,ASN-23340,Zambia,PMO - US,Direct Drop,EXW,Air,ARV,Adult,Aurobindo Pharma Limited,"Lamivudine 150mg, tablets, 60 Tabs",Lamivudine,Generic,150mg,Tablet,"Aurobindo Unit III, India",16619,60,20000,43000,2.15,0.04,44.2,1044,5145.69,TRUE,12/23/13,12/23/13,,10/21/13
108-VN-T30,FPQ-13034,SCMS-210020,ASN-24764,Vietnam,PMO - US,Direct Drop,FCA,Air,ARV,Adult,ABBVIE LOGISTICS (FORMERLY ABBOTT LOGISTICS BV),"Lopinavir/Ritonavir 200/50mg [Aluvia], tablets, 120 Tabs",Lopinavir/Ritonavir,Aluvia,200/50mg,Tablet,ABBVIE Ludwigshafen Germany,16656,120,1969,119754.58,60.82,0.51,148.14,484,1565.1,TRUE,4/4/14,4/4/14,,10/10/13
102-KE-T30,FPQ-7056,SCMS-98350,ASN-10471,Kenya,PMO - US,Direct Drop,FCA,Air,HRDT,HIV test,"Orgenics, Ltd","HIV 1/2, Determine Complete HIV Kit, 100 Tests","HIV 1/2, Determine Complete HIV Kit",Determine,N/A,Test kit,Inverness Japan,16693,100,12315,1096035,89,0.89,1808.46,3637,38452.73,TRUE,5/17/11,5/17/11,,2/3/11
102-KE-T30,FPQ-4591,SCMS-58382,ASN-7490,Kenya,PMO - US,Direct Drop,EXW,Air,HRDT,HIV test,"Orgenics, Ltd","HIV 1/2, Determine Complete HIV Kit, 100 Tests","HIV 1/2, Determine Complete HIV Kit",Determine,N/A,Test kit,Inverness Japan,16707,100,8442,675360,80,0.8,1456.08,1454,13343.23,TRUE,7/29/10,7/29/10,,5/27/10
110-ZM-T30,FPQ-11979,SCMS-188801,ASN-21568,Zambia,PMO - US,Direct Drop,EXW,Air,ARV,Adult,Aurobindo Pharma Limited,"Emtricitabine/Tenofovir Disoproxil Fumarate 200/300mg, tablets, 30 Tabs",Emtricitabine/Tenofovir Disoproxil Fumarate,Generic,200/300mg,Tablet - FDC,"Aurobindo Unit III, India",16708,30,11811,69684.9,5.9,0.2,86.2,1184,5904.94,TRUE,10/17/13,10/17/13,,7/10/13
108-VN-T30,FPQ-9577,SCMS-145520,ASN-15795,Vietnam,PMO - US,Direct Drop,EXW,Air,ARV,Pediatric,Aurobindo Pharma Limited,"Efavirenz 50mg, capsule, 30 Caps",Efavirenz,Generic,50mg,Capsule,"Aurobindo Unit III, India",16725,30,3000,6720,2.24,0.07,9.42,436,1238.16,TRUE,8/22/12,8/22/12,,6/12/12
107-RW-T30,FPQ-3859,SCMS-48840,ASN-5452,Rwanda,PMO - US,Direct Drop,CIP,Air,ARV,Adult,HETERO LABS LIMITED,"Nevirapine 200mg, tablets, 60 Tabs",Nevirapine,Generic,200mg,Tablet,Hetero Unit III Hyderabad IN,16766,60,29925,92468.25,3.09,0.05,181.24,1041,730.82,TRUE,11/23/09,11/23/09,,7/16/09
108-VN-T30,FPQ-11417,SCMS-174390,ASN-18903,Vietnam,PMO - US,Direct Drop,EXW,Air,ARV,Adult,HETERO LABS LIMITED,"Tenofovir Disoproxil Fumarate 300mg, tablets, 30 Tabs",Tenofovir Disoproxil Fumarate,Generic,300mg,Tablet,Hetero Unit III Hyderabad IN,16784,30,34640,122972,3.55,0.12,152.12,2804,9759.55,TRUE,4/25/13,4/25/13,,1/22/13
107-RW-T30,FPQ-13651,SCMS-227720,ASN-25267,Rwanda,PMO - US,Direct Drop,EXW,Air,ARV,Pediatric,Aurobindo Pharma Limited,"Nevirapine 10mg/ml, oral suspension w/syringe, Bottle, 240 ml",Nevirapine,Generic,10mg/ml,Oral suspension,"Aurobindo Unit III, India",16794,240,9690,14631.9,1.51,0.01,15.04,3790,66260.33,TRUE,5/6/14,5/6/14,,2/28/14
114-UG-T30,FPQ-11098,SCMS-171670,ASN-17984,Uganda,PMO - US,Direct Drop,EXW,Air,HRDT,HIV test,"CHEMBIO DIAGNOSTIC SYSTEMS, INC.","HIV 1/2, Stat-Pak Dipstick Assay Kit, 30 Tests","HIV 1/2, Stat-Pak Dipstick Assay Kit",Stat-Pak,N/A,Test kit,Chembio Diagnostics Sys. Inc.,16805,30,1458,40240.8,27.6,0.92,49.78,158,3824.96,TRUE,2/20/13,2/20/13,,1/2/13
108-VN-T30,FPQ-4720,SCMS-62460,ASN-6355,Vietnam,PMO - US,Direct Drop,EXW,Air,ARV,Adult,MYLAN LABORATORIES LTD (FORMERLY MATRIX LABORATORIES),"Abacavir 300mg, tablets, 60 Tabs",Abacavir,Generic,300mg,Tablet,Mylan (formerly Matrix) Nashik,16828,60,100,1750,17.5,0.29,3.77,2128,7784.92,TRUE,3/29/10,3/29/10,,1/12/10
104-CI-T30,FPQ-13125,SCMS-215051,ASN-24722,Côte d'Ivoire,PMO - US,Direct Drop,EXW,Air,HRDT,HIV test,"Orgenics, Ltd","HIV 1/2, Determine Complete HIV Kit, 100 Tests","HIV 1/2, Determine Complete HIV Kit",Determine,N/A,Test kit,"Alere Medical Co., Ltd.",16848,100,5900,472000,80,0.8,485.22,2393,33029.82,TRUE,3/14/14,3/14/14,,12/4/13
106-HT-T30,FPQ-14083,SCMS-240191,ASN-27659,Haiti,PMO - US,Direct Drop,EXW,Ocean,ARV,Pediatric,Aurobindo Pharma Limited,"Zidovudine 10mg/ml, oral solution, Bottle, 240 ml",Zidovudine,Generic,10mg/ml,Oral solution,"Aurobindo Unit III, India",16881,240,2040,4080,2,0.01,4.19,,,TRUE,10/28/14,10/28/14,,6/26/14
108-VN-T30,FPQ-8428,SCMS-123600,ASN-13410,Vietnam,PMO - US,Direct Drop,EXW,Air,ARV,Adult,Aurobindo Pharma Limited,"Abacavir 300mg, tablets, 60 Tabs",Abacavir,Generic,300mg,Tablet,"Aurobindo Unit III, India",16901,60,112,1618.4,14.45,0.24,2.67,1701,4288.83,TRUE,2/18/12,2/18/12,,10/4/11
108-VN-T30,FPQ-4720,SCMS-62460,ASN-6355,Vietnam,PMO - US,Direct Drop,EXW,Air,ARV,Adult,MYLAN LABORATORIES LTD (FORMERLY MATRIX LABORATORIES),"Efavirenz 600mg, tablets, 30 Tabs",Efavirenz,Generic,600mg,Tablet,Mylan (formerly Matrix) Nashik,16921,30,11592,52048.08,4.49,0.15,112.22,,,FALSE,3/29/10,3/29/10,,1/12/10
151-NG-T30,FPQ-9436,SCMS-141660,ASN-16315,Nigeria,PMO - US,Direct Drop,EXW,Air,ARV,Adult,MYLAN LABORATORIES LTD (FORMERLY MATRIX LABORATORIES),"Atazanavir/Ritonavir 300/100mg, tablets, 30 Tabs",Atazanavir/Ritonavir,Generic,300/100mg,Tablet,Mylan (formerly Matrix) Nashik,16923,30,10150,228375,22.5,0.75,320.18,1360,7665.38,TRUE,10/20/12,10/20/12,,4/16/12
116-ZA-T30,FPQ-15269,SCMS-267020,ASN-29764,South Africa,PMO - US,Direct Drop,DDP,Truck,ARV,Adult,S. BUYS WHOLESALER,"Nevirapine 200mg, tablets, 60 Tabs",Nevirapine,Generic,200mg,Tablet,"Cipla, Goa, India",16926,60,143,2313.12,16.18,0.27,2.72,,,TRUE,12/10/14,12/10/14,,12/10/14
108-VN-T30,FPQ-12539,SCMS-199710,ASN-23182,Vietnam,PMO - US,Direct Drop,FCA,Air,ARV,Adult,ABBVIE LOGISTICS (FORMERLY ABBOTT LOGISTICS BV),"Ritonavir 100mg [Norvir], film coated tablets, 30 Tabs",Ritonavir,Norvir,100mg,Tablet,ABBVIE Ludwigshafen Germany,16967,30,319,7419.94,23.26,0.78,9.18,1736,5265.22,TRUE,1/8/14,1/8/14,,7/30/13
109-TZ-T30,FPQ-5900,SCMS-76980,ASN-7444,Tanzania,PMO - US,Direct Drop,EXW,Air,ARV,Adult,Aurobindo Pharma Limited,"Nevirapine 200mg, tablets, 60 Tabs",Nevirapine,Generic,200mg,Tablet,"Aurobindo Unit III, India",16998,60,28663,74523.8,2.6,0.04,160.67,3380,17603.58,TRUE,8/7/10,8/9/10,,6/24/10
111-MZ-T30,FPQ-13134,SCMS-215580,ASN-24545,Mozambique,PMO - US,Direct Drop,FCA,Air,ARV,Adult,ABBVIE LOGISTICS (FORMERLY ABBOTT LOGISTICS BV),"Ritonavir 100mg [Norvir], film coated tablets, 60 Tabs",Ritonavir,Norvir,100mg,Tablet,ABBVIE Ludwigshafen Germany,17003,60,120,822,6.85,0.11,0.85,22,828.76,TRUE,3/7/14,3/7/14,,11/26/13
104-CI-T30,FPQ-9394,SCMS-141410,ASN-15046,Côte d'Ivoire,PMO - US,Direct Drop,EXW,Air,HRDT,HIV test,"CHEMBIO DIAGNOSTIC SYSTEMS, INC.","HIV 1/2, Stat-Pak HIV, Kit, 20 Tests","HIV 1/2, Stat-Pak HIV, Kit",Stat-Pak,N/A,Test kit,Chembio Diagnostics Sys. Inc.,17065,20,2371,68759,29,1.45,96.4,939,8695.18,TRUE,6/5/12,6/5/12,,3/21/12
110-ZM-T30,FPQ-14130,SCMS-239730,ASN-30244,Zambia,PMO - US,Direct Drop,EXW,Air,HRDT,HIV test,"Orgenics, Ltd","HIV 1/2, Determine Complete HIV Kit, 100 Tests","HIV 1/2, Determine Complete HIV Kit",Determine,N/A,Test kit,"Alere Medical Co., Ltd.",17096,100,2863,229040,80,0.8,235.45,1159,15174.53,TRUE,5/5/15,5/12/15,,5/19/14
104-CI-T30,FPQ-4530,SCMS-57730,ASN-6229,Côte d'Ivoire,PMO - US,Direct Drop,FCA,Air,ARV,Adult,Hoffmann-La Roche ltd Basel,"Saquinavir 500mg [Invirase], tablets, 120 Tabs",Saquinavir,Invirase,500mg,Tablet,Roche Basel,17124,120,1500,149780.98,99.85,0.83,322.93,271,2527.94,TRUE,3/5/10,3/5/10,,11/23/09
108-VN-T30,FPQ-12187,SCMS-188500,ASN-21817,Vietnam,PMO - US,Direct Drop,EXW,Air,ARV,Adult,MYLAN LABORATORIES LTD (FORMERLY MATRIX LABORATORIES),"Efavirenz/Lamivudine/Tenofovir Disoproxil Fumarate 600/300/300mg, tablets, 30 Tabs",Efavirenz/Lamivudine/Tenofovir Disoproxil Fumarate,Generic,600/300/300mg,Tablet - FDC,Mylan (formerly Matrix) Nashik,17129,30,84000,965160,11.49,0.38,1193.9,9479,14402.92,TRUE,10/23/13,10/23/13,,5/10/13
109-TZ-T30,FPQ-12197,SCMS-189360,ASN-21230,Tanzania,PMO - US,Direct Drop,EXW,Air,HRDT,HIV test,"Standard Diagnostics, Inc.","HIV 1/2, Determine Complete HIV Kit, 100 Tests","HIV 1/2, Determine Complete HIV Kit",Determine,N/A,Test kit,"Alere Medical Co., Ltd.",17135,100,3053,0,0,0,0,1265,21384.75,TRUE,9/17/13,9/13/13,,5/29/13
110-PK-T30,FPQ-9019,SCMS-132510,ASN-13948,Pakistan,PMO - US,Direct Drop,EXW,Air,HRDT,HIV test,"Orgenics, Ltd","HIV 1/2, Determine Complete HIV Kit, 100 Tests","HIV 1/2, Determine Complete HIV Kit",Determine,N/A,Test kit,"Alere Medical Co., Ltd.",17145,100,2352,188160,80,0.8,263.8,1117,14959.83,TRUE,6/29/12,6/29/12,,1/17/12
106-HT-T30,FPQ-12538,SCMS-198140,ASN-21069,Haiti,PMO - US,Direct Drop,EXW,Air,ARV,Adult,MYLAN LABORATORIES LTD (FORMERLY MATRIX LABORATORIES),"Atazanavir/Ritonavir 300/100mg, tablets, 30 Tabs",Atazanavir/Ritonavir,Generic,300/100mg,Tablet,Mylan (formerly Matrix) Nashik,17200,30,5000,100000,20,0.67,123.7,670,4909.72,TRUE,8/30/13,8/30/13,,7/22/13
107-RW-T30,FPQ-3859,SCMS-49090,ASN-7249,Rwanda,PMO - US,Direct Drop,CIP,Air,ARV,Adult,HETERO LABS LIMITED,"Nevirapine 200mg, tablets, 60 Tabs",Nevirapine,Generic,200mg,Tablet,Hetero Unit III Hyderabad IN,17207,60,66825,206489.25,3.09,0.05,404.72,3845,20194.78,TRUE,7/1/10,7/1/10,,7/16/09
152-HT-T30,FPQ-7458,SCMS-106770,ASN-11664,Haiti,PMO - US,Direct Drop,DDU,Air,HRDT,HIV test,REINBOLD EXPORT IMPORT,"HIV 1/2, Determine Complete HIV Kit, 100 Tests","HIV 1/2, Determine Complete HIV Kit",Determine,N/A,Test kit,Inverness Japan,17219,100,27,3375,125,1.25,5.57,,,TRUE,7/25/11,7/25/11,,4/28/11
108-VN-T30,FPQ-4265,SCMS-56300,ASN-6250,Vietnam,PMO - US,Direct Drop,EXW,Air,ARV,Adult,MYLAN LABORATORIES LTD (FORMERLY MATRIX LABORATORIES),"Zidovudine 300mg, tablets, 60 Tabs",Zidovudine,Generic,300mg,Tablet,Mylan (formerly Matrix) Nashik,17228,60,336,2520,7.5,0.12,4.94,120,9013.85,TRUE,3/20/10,3/20/10,,11/3/09
161-ZA-T30,FPQ-6708,SCMS-93550,ASN-10573,South Africa,PMO - US,Direct Drop,DDP,Ocean,ARV,Adult,Aurobindo Pharma Limited,"Tenofovir Disoproxil Fumarate 300mg, tablets, 30 Tabs",Tenofovir Disoproxil Fumarate,Generic,300mg,Tablet,"Aurobindo Unit III, India",17242,30,43280,287812,6.65,0.22,474.89,4040,6121.42,TRUE,6/13/11,6/13/11,,12/14/10
101-CD-T30,FPQ-13548,SCMS-224840,ASN-24721,"Congo, DRC",PMO - US,Direct Drop,EXW,Air,HRDT,HIV test,"Trinity Biotech, Plc","HIV 1/2, Uni-Gold HIV Kit, 20 Tests","HIV 1/2, Uni-Gold HIV Kit",Uni-Gold,N/A,Test kit,"Trinity Biotech, Plc",17245,20,27,864,32,1.6,0.89,,,FALSE,4/4/14,4/4/14,,1/28/14
110-ZM-T30,FPQ-7439,SCMS-106740,ASN-11398,Zambia,PMO - US,Direct Drop,EXW,Air,HRDT,HIV test,"Orgenics, Ltd","HIV 1/2, Determine Complete HIV Kit, 100 Tests","HIV 1/2, Determine Complete HIV Kit",Determine,N/A,Test kit,Inverness Japan,17247,100,2751,220080,80,0.8,363.13,1061,23722.96,TRUE,7/22/11,7/22/11,,4/21/11
109-TZ-T30,FPQ-6795,SCMS-103290,ASN-10811,Tanzania,PMO - US,Direct Drop,FCA,Air,ARV,Adult,LAWRENCE LABORATORIES (SUBSIDIARY OF BRISTOL MYERS SQUIBB),"Didanosine EC 250mg [Videx EC], delayed-release capsules, Blister 3 x 10 Caps",Didanosine EC,Videx EC,250mg,Delayed-release capsules - blister,Bristol-Myers Squibb Anagni IT,17259,30,2098,38477.32,18.34,0.61,63.49,140,1870.73,TRUE,6/27/11,6/27/11,,4/14/11
116-ZA-T30,FPQ-5535,SCMS-71370,ASN-7373,South Africa,PMO - US,Direct Drop,DDP,Truck,ARV,Pediatric,S. BUYS WHOLESALER,"Efavirenz 50mg, capsule, 30 Caps",Efavirenz,Generic,50mg,Capsule,"Aurobindo Unit III, India",17348,30,300,1046.28,3.49,0.12,2.26,,,TRUE,5/31/10,5/31/10,,4/21/10
107-RW-T30,FPQ-12518,SCMS-198222,ASN-24720,Rwanda,PMO - US,Direct Drop,EXW,Air,HRDT,HIV test,"SHANGHAI KEHUA BIOENGINEERING CO.,LTD.  (KHB)","HIV 1/2, SKB Colloidal Gold, Diagnostic Kit, Antibody, 50 Tests","HIV 1/2, Colloidal Gold, Diagnostic Kit, Antibody",Colloidal Gold,N/A,Test kit,"KHB Test Kit Facility, Shanghai China",17349,1,2072,50764,24.5,24.5,62.8,1383,18323.97,TRUE,3/27/14,3/27/14,,8/12/13
116-ZA-T30,FPQ-14942,SCMS-259075,ASN-32138,South Africa,PMO - US,Direct Drop,DDP,Truck,ARV,Adult,PHARMACY DIRECT,"Saquinavir 200mg [Invirase], capsules, 270 Caps",Saquinavir,Invirase,200mg,Capsule,Roche Madrid,17359,270,3,166.54,55.51,0.21,0.17,,,TRUE,5/12/15,5/12/15,,5/11/15
111-MZ-T30,FPQ-4740,SCMS-62340,ASN-7341,Mozambique,PMO - US,Direct Drop,CIP,Air,ARV,Adult,INTERNATIONAL HEALTHCARE DISTRIBUTORS,"Ritonavir 100mg [Norvir], capsules, cool, 84 Caps",Ritonavir,Norvir,100mg,Capsule,ABBVIE (Abbott) Logis. UK,17373,84,320,3312,10.35,0.12,7.14,,,TRUE,6/23/10,6/23/10,,1/29/10
104-CI-T30,FPQ-12714,SCMS-204990,ASN-22828,Côte d'Ivoire,PMO - US,Direct Drop,FCA,Air,ARV,Pediatric,ABBVIE LOGISTICS (FORMERLY ABBOTT LOGISTICS BV),"Lopinavir/Ritonavir 100/25mg [Aluvia], tablets, 60 Tabs",Lopinavir/Ritonavir,Generic,100/25mg,Tablet,ABBVIE Ludwigshafen Germany,17447,60,7850,46629,5.94,0.1,57.68,909,6020.53,TRUE,11/29/13,11/29/13,,9/2/13
108-VN-T30,FPQ-12051,SCMS-188700,ASN-21668,Vietnam,PMO - US,Direct Drop,EXW,Air,ARV,Adult,HETERO LABS LIMITED,"Abacavir 300mg, tablets, 60 Tabs",Abacavir,Generic,300mg,Tablet,Hetero Unit III Hyderabad IN,17501,60,771,9444.75,12.25,0.2,11.68,136,678.96,TRUE,9/25/13,9/25/13,,5/15/13
109-TZ-T30,FPQ-13945,SCMS-235370,ASN-26443,Tanzania,PMO - US,Direct Drop,EXW,Air,HRDT,HIV test,"Trinity Biotech, Plc","HIV 1/2, Uni-Gold HIV Kit, 20 Tests","HIV 1/2, Uni-Gold HIV Kit",Uni-Gold,N/A,Test kit,"Trinity Biotech, Plc",17600,20,336,10752,32,1.6,11.05,101,1428.13,TRUE,8/8/14,8/8/14,,5/6/14
111-MZ-T30,FPQ-10880,SCMS-164000,ASN-18533,Mozambique,PMO - US,Direct Drop,EXW,Air,HRDT,HIV test,"Orgenics, Ltd","HIV 1/2, Determine Complete HIV Kit, 100 Tests","HIV 1/2, Determine Complete HIV Kit",Determine,N/A,Test kit,"Alere Medical Co., Ltd.",17640,100,1832,146560,80,0.8,181.29,829,8680.27,TRUE,3/20/13,3/20/13,,11/6/12
161-ZA-T30,FPQ-6262,SCMS-83770,ASN-9941,South Africa,PMO - US,Direct Drop,DDP,Ocean,ARV,Adult,Aurobindo Pharma Limited,"Lamivudine 150mg, tablets, 60 Tabs",Lamivudine,Generic,150mg,Tablet,"Aurobindo Unit III, India",17648,60,152535,361507.94,2.37,0.04,779.41,7698,11372.23,TRUE,4/26/11,4/26/11,,9/24/10
116-ZA-T30,FPQ-14942,SCMS-259078,ASN-33470,South Africa,PMO - US,Direct Drop,DDP,Truck,ARV,Adult,PHARMACY DIRECT,"Emtricitabine/Tenofovir Disoproxil Fumarate 200/300mg, tablets, 30 Tabs",Emtricitabine/Tenofovir Disoproxil Fumarate,Generic,200/300mg,Tablet - FDC,"Aurobindo Unit III, India",17660,30,12,281.25,23.44,0.78,0.29,,,TRUE,7/24/15,7/24/15,,10/9/14
108-VN-T30,FPQ-6384,SCMS-87770,ASN-9407,Vietnam,PMO - US,Direct Drop,EXW,Air,ARV,Adult,HETERO LABS LIMITED,"Lamivudine/Nevirapine/Stavudine 150/200/30mg, tablets, 60 Tabs",Lamivudine/Nevirapine/Stavudine,Generic,150/200/30mg,Tablet - FDC,Hetero Unit III Hyderabad IN,17697,60,19760,94848,4.8,0.08,204.49,3998,12974.12,TRUE,2/9/11,2/9/11,,10/18/10
102-ML-T30,FPQ-10104,SCMS-153770,ASN-15931,Mali,PMO - US,Direct Drop,EXW,Air,HRDT,HIV test,Orasure Technologies Inc.,"HIV 1/2, OraQuick Advance HIV Rapid Antibody Kit, 100 Tests","HIV 1/2, OraQuick Advance HIV Rapid Antibody Kit",OraQuick,N/A,Test kit,"Pacific Biotech, Thailand",17701,100,5,2000,400,4,2.8,12,1840.97,TRUE,9/11/12,9/11/12,,7/31/12
105-GY-T30,FPQ-15696,SCMS-276200,ASN-31730,Guyana,PMO - US,Direct Drop,EXW,Air,ARV,Adult,HETERO LABS LIMITED,"Emtricitabine/Tenofovir Disoproxil Fumarate 200/300mg, tablets, 30 Tabs",Emtricitabine/Tenofovir Disoproxil Fumarate,Generic,200/300mg,Tablet - FDC,Hetero Unit III Hyderabad IN,17717,30,3715,20766.85,5.59,0.19,24.44,385,3248.6,TRUE,6/16/15,6/16/15,,2/12/15
116-ZA-T30,FPQ-12522,SCMS-199283,ASN-27978,South Africa,PMO - US,Direct Drop,DDP,Truck,ARV,Adult,S. BUYS WHOLESALER,"Lamivudine/Zidovudine 150/300mg, tablets, 60 Tabs",Lamivudine/Zidovudine,Generic,150/300mg,Tablet - FDC,Hetero Unit III Hyderabad IN,17764,60,46,1517.44,32.99,0.55,1.88,,,FALSE,8/27/14,8/27/14,,8/27/14
110-ZM-T30,FPQ-14790,SCMS-253021,ASN-31639,Zambia,PMO - US,Direct Drop,FCA,Air,ARV,Pediatric,ABBVIE LOGISTICS (FORMERLY ABBOTT LOGISTICS BV),"Lopinavir/Ritonavir 80/20mg/ml [Kaletra], oral solution, cool, Bottle 5 x 60 ml",Lopinavir/Ritonavir,Kaletra,80/20mg/ml,Oral solution,ABBVIE (Abbott) Logis. UK,17796,300,2266,69838.12,30.82,0.1,71.79,2277,13894.08,TRUE,6/9/15,6/9/15,,8/20/14
106-HT-T30,FPQ-11286,SCMS-176290,ASN-19068,Haiti,PMO - US,Direct Drop,FCA,Air,ARV,Pediatric,ABBVIE LOGISTICS (FORMERLY ABBOTT LOGISTICS BV),"Lopinavir/Ritonavir 80/20mg/ml [Kaletra], oral solution, cool, Bottle 5 x 60 ml",Lopinavir/Ritonavir,Kaletra,80/20mg/ml,Oral solution,ABBVIE (Abbott) Logis. UK,17800,300,100,3082,30.82,0.1,3.81,164,2419.33,TRUE,6/4/13,6/4/13,,2/5/13
111-MZ-T30,FPQ-8116,SCMS-118360,ASN-12610,Mozambique,PMO - US,Direct Drop,EXW,Air,HRDT,HIV test,"Orgenics, Ltd","HIV 1/2, Determine HIV Kit, without Lancets, 100 Tests","HIV 1/2, Determine HIV Kit, without Lancets",Determine,N/A,Test kit,Inverness Japan,17815,100,7412,575912.4,77.7,0.78,950.26,2097,15891.96,TRUE,12/12/11,12/12/11,,8/24/11
133-NG-T30,FPQ-14305,SCMS-240830,ASN-27476,Nigeria,PMO - US,Direct Drop,EXW,Air,HRDT,HIV test,"Orgenics, Ltd","HIV 1/2, Determine Complete HIV Kit, 100 Tests","HIV 1/2, Determine Complete HIV Kit",Determine,N/A,Test kit,"Alere Medical Co., Ltd.",17825,100,4987,443843,89,0.89,456.27,2022,30257.97,TRUE,8/19/14,9/2/14,,6/2/14
102-SD-T30,FPQ-7321,SCMS-107790,ASN-11120,Sudan,PMO - US,Direct Drop,EXW,Air,HRDT,HIV test,"Orgenics, Ltd","HIV 1/2, Determine Complete HIV Kit, 100 Tests","HIV 1/2, Determine Complete HIV Kit",Determine,N/A,Test kit,Inverness Japan,17831,100,378,33642,89,0.89,55.51,180,4529.86,TRUE,7/1/11,7/1/11,,5/2/11
116-ZA-T30,FPQ-14942,SCMS-259075,ASN-32138,South Africa,PMO - US,Direct Drop,DDP,Truck,ARV,Adult,PHARMACY DIRECT,"Didanosine 400mg, delayed-release capsules, 30 Caps",Didanosine,Generic,400mg,Delayed-release capsules,"Aurobindo Unit III, India",17844,30,3,42.65,14.22,0.47,0.04,,,FALSE,5/12/15,5/12/15,,5/11/15
108-VN-T30,FPQ-4720,SCMS-62490,ASN-6190,Vietnam,PMO - US,Direct Drop,EXW,Air,ARV,Adult,CIPLA LIMITED,"Lamivudine/Nevirapine/Stavudine 150/200/30mg, tablets, 60 Tabs",Lamivudine/Nevirapine/Stavudine,Generic,150/200/30mg,Tablet - FDC,"Cipla, Goa, India",17861,60,19920,114340.8,5.74,0.1,246.52,1936,5314.56,TRUE,3/15/10,3/15/10,,1/12/10
116-ZA-T30,FPQ-12522,SCMS-199287,ASN-27750,South Africa,PMO - US,Direct Drop,DDP,Truck,ARV,Pediatric,S. BUYS WHOLESALER,"Lopinavir/Ritonavir 80/20mg/ml [Kaletra], oral solution, cool, Bottle 5 x 60 ml",Lopinavir/Ritonavir,Kaletra,80/20mg/ml,Oral solution,ABBVIE (Abbott) Logis. UK,17865,300,2,46.9,23.45,0.08,0.06,,,TRUE,8/13/14,8/13/14,,8/13/14
116-ZA-T30,FPQ-4054,SCMS-51251,ASN-5341,South Africa,PMO - US,Direct Drop,DDP,Truck,ARV,Pediatric,S. BUYS WHOLESALER,"Stavudine 1mg/ml, powder for oral solution, 200 ml",Stavudine,Generic,1mg/ml,Oral solution,"Aurobindo Unit III, India",17870,200,500,1303.53,2.61,0.01,2.55,,,TRUE,10/7/09,10/7/09,,8/7/09
901-NA-T30,FPQ-14689,SCMS-253440,ASN-29097,Namibia,PMO - US,Direct Drop,EXW,Air,ARV,Adult,HETERO LABS LIMITED,"Lamivudine/Zidovudine 150/300mg, tablets, 60 Tabs",Lamivudine/Zidovudine,Generic,150/300mg,Tablet - FDC,"Hetero, Jadcherla, unit 5, IN",17900,60,26663,176242.44,6.61,0.11,181.18,4233,26663.64,TRUE,11/19/14,11/19/14,,8/29/14
116-ZA-T30,FPQ-12522,SCMS-199283,ASN-27979,South Africa,PMO - US,Direct Drop,DDP,Truck,ARV,Adult,S. BUYS WHOLESALER,"Efavirenz 600mg, tablets, 30 Tabs",Efavirenz,Generic,600mg,Tablet,Hetero Unit III Hyderabad IN,17924,30,143,2391.83,16.73,0.56,2.96,,,FALSE,8/27/14,8/27/14,,8/27/14
161-ZA-T30,FPQ-5303,SCMS-68720,ASN-7538,South Africa,PMO - US,Direct Drop,DDP,Air,ARV,Adult,CIPLA LIMITED,"Tenofovir Disoproxil Fumarate 300mg, tablets, 30 Tabs",Tenofovir Disoproxil Fumarate,Generic,300mg,Tablet,"Cipla, Goa, India",17944,30,47625,372427.5,7.82,0.26,802.95,3243,1881.24,TRUE,7/19/10,7/29/10,,3/19/10
161-ZA-T30,FPQ-6262,SCMS-83770,ASN-10127,South Africa,PMO - US,Direct Drop,DDP,Ocean,ARV,Adult,Aurobindo Pharma Limited,"Efavirenz 600mg, tablets, 30 Tabs",Efavirenz,Generic,600mg,Tablet,"Aurobindo Unit III, India",17949,30,32280,146228.4,4.53,0.15,315.27,7017,11372.23,TRUE,4/26/11,4/26/11,,9/24/10
101-CD-T30,FPQ-16001,SCMS-280220,ASN-32231,"Congo, DRC",PMO - US,Direct Drop,EXW,Air,HRDT,HIV test,"Orgenics, Ltd","HIV 1/2, Determine Complete HIV Kit, 100 Tests","HIV 1/2, Determine Complete HIV Kit",Determine,N/A,Test kit,"Alere Medical Co., Ltd.",18022,100,137,10960,80,0.8,12.9,,,FALSE,7/23/15,7/23/15,,3/17/15
161-ZA-T30,FPQ-5303,SCMS-68740,ASN-7725,South Africa,PMO - US,Direct Drop,DDP,Air,ARV,Adult,CIPLA LIMITED,"Tenofovir Disoproxil Fumarate 300mg, tablets, 30 Tabs",Tenofovir Disoproxil Fumarate,Generic,300mg,Tablet,"Cipla, Goa, India",18053,30,26991,211069.62,7.82,0.26,455.07,1842,5298.03,TRUE,9/1/10,9/1/10,,3/19/10
116-ZA-T30,FPQ-12522,SCMS-199289,ASN-28034,South Africa,PMO - US,Direct Drop,DDP,Truck,ARV,Pediatric,S. BUYS WHOLESALER,"Lamivudine 10mg/ml, oral solution w/syringe, Bottle, 240 ml",Lamivudine,Generic,10mg/ml,Oral solution,"Aurobindo Unit III, India",18093,240,29,228.8,7.89,0.03,0.28,,,TRUE,8/29/14,8/29/14,,8/29/14
116-ZA-T30,FPQ-13973,SCMS-238553,ASN-28021,South Africa,PMO - US,Direct Drop,DDP,Truck,ARV,Pediatric,PHARMACY DIRECT,"Efavirenz 50mg, capsule, 30 Caps",Efavirenz,Generic,50mg,Capsule,"Aurobindo Unit III, India",18099,30,39,117.24,3.01,0.1,0.12,,,TRUE,8/28/14,8/28/14,,8/28/14
116-ZA-T30,FPQ-12522,SCMS-199289,ASN-28037,South Africa,PMO - US,Direct Drop,DDP,Truck,ARV,Adult,S. BUYS WHOLESALER,"Tenofovir Disoproxil Fumarate 300mg, tablets, 30 Tabs",Tenofovir Disoproxil Fumarate,Generic,300mg,Tablet,"Aurobindo Unit III, India",18121,30,206,4365.52,21.19,0.71,5.4,,,TRUE,8/29/14,8/29/14,,8/29/14
161-ZA-T30,FPQ-7175,SCMS-103490,ASN-11043,South Africa,PMO - US,Direct Drop,DDP,Ocean,ARV,Pediatric,Aurobindo Pharma Limited,"Efavirenz 200mg, capsule, 90 Caps",Efavirenz,Generic,200mg,Capsule,"Aurobindo Unit III, India",18129,90,25000,204250,8.17,0.09,337.01,3313,4689.6,TRUE,9/2/11,9/2/11,,3/24/11
102-SD-T30,FPQ-8261,SCMS-120460,ASN-12339,Sudan,PMO - US,Direct Drop,EXW,Air,HRDT,HIV test,"Trinity Biotech, Plc","HIV 1/2, Uni-Gold HIV Kit, 20 Tests","HIV 1/2, Uni-Gold HIV Kit",Uni-Gold,N/A,Test kit,"Trinity Biotech, Plc",18155,20,58,1856,32,1.6,3.06,19,594.51,TRUE,1/11/12,1/11/12,,9/7/11
116-ZA-T30,FPQ-14942,SCMS-259073,ASN-30671,South Africa,PMO - US,Direct Drop,DDP,Truck,ARV,Adult,PHARMACY DIRECT,"Lamivudine/Zidovudine 150/300mg, tablets, 60 Tabs",Lamivudine/Zidovudine,Generic,150/300mg,Tablet - FDC,"Aurobindo Unit III, India",18182,60,19,407.56,21.45,0.36,0.42,,,TRUE,2/12/15,2/12/15,,2/12/15
108-VN-T30,FPQ-7565,SCMS-108100,ASN-11579,Vietnam,PMO - US,Direct Drop,EXW,Air,ARV,Adult,MYLAN LABORATORIES LTD (FORMERLY MATRIX LABORATORIES),"Nevirapine 200mg, tablets, 60 Tabs",Nevirapine,Generic,200mg,Tablet,Mylan (formerly Matrix) Nashik,18227,60,25000,65000,2.6,0.04,107.25,3098,12745.06,TRUE,8/11/11,8/11/11,,5/2/11
108-VN-T30,FPQ-10287,SCMS-156320,ASN-17177,Vietnam,PMO - US,Direct Drop,EXW,Air,ARV,Adult,HETERO LABS LIMITED,"Lamivudine/Zidovudine 150/300mg, tablets, 60 Tabs",Lamivudine/Zidovudine,Generic,150/300mg,Tablet - FDC,Hetero Unit III Hyderabad IN,18240,60,14842,105081.36,7.08,0.12,147.32,1364,2348.57,TRUE,12/5/12,12/5/12,,8/15/12
102-BI-T30,FPQ-14713,SCMS-251510,ASN-29876,Burundi,PMO - US,Direct Drop,EXW,Air,HRDT,HIV test,"CHEMBIO DIAGNOSTIC SYSTEMS, INC.","HIV 1/2, Stat-Pak Dipstick Assay Kit, 30 Tests","HIV 1/2, Stat-Pak Dipstick Assay Kit",Stat-Pak,N/A,Test kit,Chembio Diagnostics Sys. Inc.,18246,30,414,11426.4,27.6,0.92,11.75,45,753.35,TRUE,1/26/15,1/26/15,,8/28/14
111-MZ-T30,FPQ-10606,SCMS-162160,ASN-17088,Mozambique,PMO - US,Direct Drop,EXW,Air,HRDT,HIV test,"Orgenics, Ltd","HIV 1/2, Determine Kit without Lancets, Buffer or Caplillary Tubes, 100 Tests","HIV 1/2, Determine Kit without Lancets, Buffer or Capillary Tubes, 100 Tests",Determine,N/A,Test kit,"Alere Medical Co., Ltd.",18269,100,81,5844.15,72.15,0.72,8.19,16,467.26,TRUE,12/25/12,12/25/12,,10/10/12
103-ZW-T30,FPQ-14475,SCMS-245070,ASN-27206,Zimbabwe,PMO - US,Direct Drop,EXW,Air,ARV,Pediatric,STRIDES ARCOLAB LIMITED,"Efavirenz 200mg, scored tablets, 90 Tabs",Efavirenz,Generic,200mg,Tablet,"Strides, Bangalore, India.",18316,90,14164,131725.2,9.3,0.1,135.41,884,8280.73,TRUE,8/20/14,8/20/14,,6/19/14
103-CM-T30,FPQ-14930,SCMS-259410,ASN-28998,Cameroon,PMO - US,Direct Drop,EXW,Air,HRDT,HIV test,Orasure Technologies Inc.,"HIV 1/2, OraQuick Advance HIV Rapid Antibody Kit, 100 Tests","HIV 1/2, OraQuick Advance HIV Rapid Antibody Kit",OraQuick,N/A,Test kit,"Pacific Biotech, Thailand",18325,100,30,10500,350,3.5,10.79,77,1800.48,TRUE,11/3/14,11/3/14,,10/16/14
106-HT-T30,FPQ-13797,SCMS-233950,ASN-26826,Haiti,PMO - US,Direct Drop,EXW,Ocean,ARV,Pediatric,Aurobindo Pharma Limited,"Nevirapine 10mg/ml, oral suspension w/syringe, Bottle, 240 ml",Nevirapine,Generic,10mg/ml,Oral suspension,"Aurobindo Unit III, India",18354,240,1295,1955.45,1.51,0.01,2.01,536,1893.24,TRUE,10/20/14,10/20/14,,4/29/14
108-VN-T30,FPQ-8428,SCMS-123600,ASN-13410,Vietnam,PMO - US,Direct Drop,EXW,Air,ARV,Adult,Aurobindo Pharma Limited,"Efavirenz 600mg, tablets, 30 Tabs",Efavirenz,Generic,600mg,Tablet,"Aurobindo Unit III, India",18373,30,3548,14369.4,4.05,0.13,23.71,,,FALSE,2/18/12,2/18/12,,10/4/11
106-HT-T30,FPQ-13797,SCMS-233981,ASN-27710,Haiti,PMO - US,Direct Drop,EXW,Ocean,ARV,Adult,CIPLA LIMITED,"Lamivudine/Nevirapine/Zidovudine 150/200/300mg, tablets, 60 Tabs",Lamivudine/Nevirapine/Zidovudine,Generic,150/300/200mg,Tablet - FDC,"Cipla, Goa, India",18386,60,16435,133123.5,8.1,0.13,136.85,,,TRUE,10/28/14,10/28/14,,5/30/14
101-CD-T30,FPQ-14100,SCMS-239410,ASN-26738,"Congo, DRC",PMO - US,Direct Drop,EXW,Air,HRDT,HIV test,"Trinity Biotech, Plc","HIV 1/2, Uni-Gold HIV Kit, 20 Tests","HIV 1/2, Uni-Gold HIV Kit",Uni-Gold,N/A,Test kit,"Trinity Biotech, Plc",18392,20,17,544,32,1.6,0.56,,,FALSE,9/5/14,9/5/14,,5/20/14
106-HT-T30,FPQ-11442,SCMS-177182,ASN-19520,Haiti,PMO - US,Direct Drop,EXW,Air,ARV,Pediatric,Aurobindo Pharma Limited,"Nevirapine 10mg/ml, oral suspension w/syringe, Bottle, 240 ml",Nevirapine,Generic,10mg/ml,Oral suspension,"Aurobindo Unit III, India",18405,240,2052,3098.52,1.51,0.01,3.83,908,6438.91,TRUE,6/10/13,6/10/13,,3/11/13
110-ZM-T30,FPQ-5516,SCMS-70750,ASN-7387,Zambia,PMO - US,Direct Drop,CIP,Air,ARV,Adult,INTERNATIONAL HEALTHCARE DISTRIBUTORS,"Lopinavir/Ritonavir 200/50mg [Aluvia], tablets, 120 Tabs",Lopinavir/Ritonavir,Aluvia,200/50mg,Tablet,ABBVIE Ludwigshafen Germany,18422,120,10000,369100,36.91,0.31,795.78,2294,1100.2,TRUE,7/8/10,7/8/10,,5/25/10
117-ET-T30,FPQ-9096,SCMS-133410,ASN-15704,Ethiopia,PMO - US,Direct Drop,EXW,Air,HRDT,HIV test,"SHANGHAI KEHUA BIOENGINEERING CO.,LTD.  (KHB)","HIV 1/2, SKB Colloidal Gold, Diagnostic Kit, Antibody, 50 Tests","HIV 1/2, Colloidal Gold, Diagnostic Kit, Antibody",Colloidal Gold,N/A,Test kit,"KHB Test Kit Facility, Shanghai China",18436,1,175,4287.5,24.5,24.5,6.01,125,1472.03,TRUE,7/31/12,7/31/12,,1/23/12
117-ET-T30,FPQ-9096,SCMS-133400,ASN-14924,Ethiopia,PMO - US,Direct Drop,EXW,Air,HRDT,HIV test,"SHANGHAI KEHUA BIOENGINEERING CO.,LTD.  (KHB)","HIV 1/2, SKB Colloidal Gold, Diagnostic Kit, Antibody, 50 Tests","HIV 1/2, Colloidal Gold, Diagnostic Kit, Antibody",Colloidal Gold,N/A,Test kit,"KHB Test Kit Facility, Shanghai China",18494,1,175,4287.5,24.5,24.5,6.01,128,1584.09,TRUE,5/18/12,5/18/12,,1/23/12
108-VN-T30,FPQ-4265,SCMS-56200,ASN-5946,Vietnam,PMO - US,Direct Drop,FCA,Air,ARV,Adult,ABBVIE LOGISTICS (FORMERLY ABBOTT LOGISTICS BV),"Lopinavir/Ritonavir 200/50mg [Aluvia], tablets, 120 Tabs",Lopinavir/Ritonavir,Aluvia,200/50mg,Tablet,ABBVIE Ludwigshafen Germany,18500,120,4280,351816,82.2,0.68,689.56,1063,11167.45,TRUE,3/11/10,3/11/10,,11/5/09
161-ZA-T30,FPQ-6708,SCMS-93520,ASN-9934,South Africa,PMO - US,Direct Drop,DDP,Ocean,ARV,Adult,Aurobindo Pharma Limited,"Tenofovir Disoproxil Fumarate 300mg, tablets, 30 Tabs",Tenofovir Disoproxil Fumarate,Generic,300mg,Tablet,"Aurobindo Unit III, India",18509,30,64269,427388.84,6.65,0.22,705.19,5999,13829.58,TRUE,6/26/11,4/7/11,,12/6/10
116-ZA-T30,FPQ-14942,SCMS-259076,ASN-32524,South Africa,PMO - US,Direct Drop,DDP,Truck,ARV,Adult,PHARMACY DIRECT,"Didanosine 250mg, delayed-release capsules, 30 Caps",Didanosine,Generic,250mg,Delayed-release capsules,"Aurobindo Unit III, India",18538,30,4,44.07,11.02,0.37,0.05,,,TRUE,6/2/15,6/2/15,,6/2/15
109-TZ-T30,FPQ-14009,SCMS-236750,ASN-25904,Tanzania,PMO - US,Direct Drop,EXW,Air,ARV,Pediatric,STRIDES ARCOLAB LIMITED,"Efavirenz 200mg, scored tablets, 90 Tabs",Efavirenz,Generic,200mg,Tablet,"Strides, Bangalore, India.",18580,90,15041,139881.3,9.3,0.1,143.8,949,4673.77,TRUE,6/24/14,6/24/14,,4/18/14
105-GH-T30,FPQ-14052,SCMS-237810,ASN-28673,Ghana,PMO - US,Direct Drop,EXW,Air,ARV,Adult,Aurobindo Pharma Limited,"Lamivudine/Nevirapine/Zidovudine 150/200/300mg, tablets, 60 Tabs",Lamivudine/Nevirapine/Zidovudine,Generic,150/300/200mg,Tablet - FDC,"Aurobindo Unit III, India",18586,60,28853,236594.6,8.2,0.14,243.22,3612,18256.1,TRUE,11/10/14,11/10/14,,5/23/14
108-VN-T30,FPQ-8428,SCMS-123540,ASN-14321,Vietnam,PMO - US,Direct Drop,EXW,Air,ARV,Adult,MYLAN LABORATORIES LTD (FORMERLY MATRIX LABORATORIES),"Efavirenz/Lamivudine/Tenofovir Disoproxil Fumarate 600/300/300mg, tablets, 30 Tabs",Efavirenz/Lamivudine/Tenofovir Disoproxil Fumarate,Generic,600/300/300mg,Tablet - FDC,Mylan (formerly Matrix) Nashik,18629,30,6549,92340.9,14.1,0.47,152.36,1208,3306.51,TRUE,4/16/12,4/16/12,,10/3/11
102-SD-T30,FPQ-6171,SCMS-81710,ASN-8632,Sudan,PMO - US,Direct Drop,EXW,Air,HRDT,HIV test,"Trinity Biotech, Plc","HIV 1/2, Uni-Gold HIV Kit, 20 Tests","HIV 1/2, Uni-Gold HIV Kit",Uni-Gold,N/A,Test kit,"Trinity Biotech, Plc",18633,20,50,1600,32,1.6,3.45,17,1117.79,TRUE,11/29/10,11/29/10,,8/23/10
102-BI-T30,FPQ-9231,SCMS-141780,ASN-14979,Burundi,PMO - US,Direct Drop,EXW,Air,HRDT,HIV test,"Orgenics, Ltd","HIV 1/2, Determine Complete HIV Kit, 100 Tests","HIV 1/2, Determine Complete HIV Kit",Determine,N/A,Test kit,"Alere Medical Co., Ltd.",18639,100,1200,96000,80,0.8,134.59,577,14493.81,TRUE,6/5/12,6/5/12,,4/9/12
108-VN-T30,FPQ-13034,SCMS-210150,ASN-24398,Vietnam,PMO - US,Direct Drop,EXW,Air,ARV,Adult,HETERO LABS LIMITED,"Abacavir 300mg, tablets, 60 Tabs",Abacavir,Generic,300mg,Tablet,Hetero Unit III Hyderabad IN,18664,60,1436,16442.2,11.45,0.19,20.34,2832,7474.2,TRUE,4/23/14,4/23/14,,10/10/13
108-VN-T30,FPQ-15087,SCMS-261420,ASN-30164,Vietnam,PMO - US,Direct Drop,EXW,Air,ARV,Adult,MYLAN LABORATORIES LTD (FORMERLY MATRIX LABORATORIES),"Lamivudine/Nevirapine/Zidovudine 150/200/300mg, tablets, 60 Tabs",Lamivudine/Nevirapine/Zidovudine,Generic,150/300/200mg,Tablet - FDC,Mylan (formerly Matrix) Nashik,18673,60,9000,72900,8.1,0.13,85.8,,,TRUE,3/19/15,3/19/15,,10/30/14
106-HT-T30,FPQ-11442,SCMS-177150,ASN-19530,Haiti,PMO - US,Direct Drop,EXW,Ocean,ARV,Adult,HETERO LABS LIMITED,"Efavirenz/Lamivudine/Tenofovir Disoproxil Fumarate 600/300/300mg, tablets, 30 Tabs",Efavirenz/Lamivudine/Tenofovir Disoproxil Fumarate,Generic,600/300/300mg,Tablet - FDC,Hetero Unit III Hyderabad IN,18679,30,54090,567945,10.5,0.35,702.55,7140,7992.56,TRUE,7/25/13,7/25/13,,3/7/13
109-TZ-T30,FPQ-3782,SCMS-47760,ASN-4974,Tanzania,PMO - US,Direct Drop,CIP,Air,ARV,Adult,BRISTOL-MYERS SQUIBB,"Didanosine EC 400mg [Videx EC], delayed-release capsules, Blister 3 x 10 Caps",Didanosine EC,Videx EC,400mg,Delayed-release capsules - blister,"BMS Meymac, France",18694,30,1000,23670,23.67,0.79,46.39,335,888,TRUE,10/21/09,10/21/09,,6/29/09
113-ZW-T30,FPQ-13939,SCMS-240580,ASN-27034,Zimbabwe,PMO - US,Direct Drop,EXW,Air Charter,ARV,Adult,Aurobindo Pharma Limited,"Lamivudine/Tenofovir Disoproxil Fumarate 300/300mg, tablets, 30 Tabs",Lamivudine/Tenofovir Disoproxil Fumarate,Generic,300/300mg,Tablet - FDC,"Aurobindo Unit VII, IN",18708,30,35955,167190.75,4.65,0.16,171.87,3520,23014.35,TRUE,7/23/14,7/23/14,,5/26/14
202-GT-T30,FPQ-6944,SCMS-98041,ASN-14350,Guatemala,PMO - US,Direct Drop,DDU,Air,ARV,Pediatric,IDIS LIMITED,"Didanosine 50mg [Videx], chewable tablets, 60 Tabs",Didanosine,Videx,50mg,Chewable/dispersible tablet,Bristol-Myers Squibb Anagni IT,18740,60,161,12174.82,75.62,1.26,20.09,,,TRUE,5/21/12,5/21/12,,1/25/11
116-ZA-T30,FPQ-11828,SCMS-183950,ASN-19166,South Africa,South Africa Field Office,Direct Drop,DDP,Truck,ARV,Adult,S. BUYS WHOLESALER,"Zidovudine 300mg, tablets, 60 Tabs",Zidovudine,Generic,300mg,Tablet,"Aurobindo Unit III, India",18762,60,216,5512.38,25.52,0.43,6.82,,,FALSE,4/16/13,4/16/13,,
104-CI-T30,FPQ-12806,SCMS-206530,ASN-24149,Côte d'Ivoire,PMO - US,Direct Drop,FCA,Air,ARV,Pediatric,ABBVIE LOGISTICS (FORMERLY ABBOTT LOGISTICS BV),"Lopinavir/Ritonavir 100/25mg [Aluvia], tablets, 60 Tabs",Lopinavir/Ritonavir,Generic,100/25mg,Tablet,ABBVIE Ludwigshafen Germany,18811,60,4600,27324,5.94,0.1,33.8,535,5924.33,TRUE,2/7/14,2/7/14,,9/17/13
106-HT-T30,FPQ-12041,SCMS-189141,ASN-21848,Haiti,PMO - US,Direct Drop,EXW,Air,HRDT,HIV test,"Orgenics, Ltd","HIV 1/2, Determine Complete HIV Kit, 100 Tests","HIV 1/2, Determine Complete HIV Kit",Determine,N/A,Test kit,"Alere Medical Co., Ltd.",18862,100,4000,400000,100,1,494.8,1624,16994.9,TRUE,11/11/13,11/11/13,,5/21/13
102-BW-T30,FPQ-6645,SCMS-92610,ASN-9635,Botswana,PMO - US,Direct Drop,EXW,Air,HRDT,HIV test,"Trinity Biotech, Plc","HIV 1/2, Uni-Gold HIV Kit, 20 Tests","HIV 1/2, Uni-Gold HIV Kit",Uni-Gold,N/A,Test kit,"Trinity Biotech, Plc",18881,20,50,1600,32,1.6,2.64,17,617.79,TRUE,3/16/11,3/16/11,,12/2/10
101-CD-T30,FPQ-12093,SCMS-189060,ASN-20777,"Congo, DRC",PMO - US,Direct Drop,FCA,Air,ARV,Pediatric,ABBVIE LOGISTICS (FORMERLY ABBOTT LOGISTICS BV),"Lopinavir/Ritonavir 80/20mg/ml [Kaletra], oral solution, cool, Bottle 5 x 60 ml",Lopinavir/Ritonavir,Kaletra,80/20mg/ml,Oral solution,ABBVIE (Abbott) Logis. UK,18904,300,30,924.6,30.82,0.1,1.14,56,460.9,TRUE,11/20/13,11/20/13,,5/23/13
109-TZ-T30,FPQ-5437,SCMS-71450,ASN-8079,Tanzania,PMO - US,Direct Drop,EXW,Air,ARV,Pediatric,EMCURE PHARMACEUTICALS LTD,"Atazanavir 150mg, capsules, 60 Caps",Atazanavir,Generic,150mg,Capsule,"Emcure Plot No.P-2, I.T-B.T. Park, Phase II, MIDC, Hinjwadi, Pune, India",18923,60,426,11114.34,26.09,0.43,23.96,45,1013.19,TRUE,12/1/10,12/1/10,,4/23/10
109-TZ-T30,FPQ-13945,SCMS-235440,ASN-30243,Tanzania,PMO - US,Direct Drop,EXW,Air,HRDT,HIV test,"Orgenics, Ltd","HIV 1/2, Determine Complete HIV Kit, 100 Tests","HIV 1/2, Determine Complete HIV Kit",Determine,N/A,Test kit,"Alere Medical Co., Ltd.",18980,100,336,26880,80,0.8,27.63,139,2234.96,TRUE,4/28/15,4/28/15,,4/29/14
116-ZA-T30,FPQ-14942,SCMS-259078,ASN-33472,South Africa,PMO - US,Direct Drop,DDP,Truck,ARV,Pediatric,PHARMACY DIRECT,"Atazanavir 150mg [Reyataz], capsules, 60 Caps",Atazanavir,Reyataz,150mg,Capsule,"BMS Evansville, US",18992,60,9,143.1,15.9,0.26,0.15,,,TRUE,7/24/15,7/24/15,,10/9/14
105-GY-T30,FPQ-11562,SCMS-180000,ASN-18805,Guyana,PMO - US,Direct Drop,EXW,Air,ARV,Pediatric,Aurobindo Pharma Limited,"Zidovudine 100mg, capsules, 100 Caps",Zidovudine,Generic,100mg,Capsule,"Aurobindo Unit III, India",18997,100,172,791.2,4.6,0.05,0.98,33,882.81,TRUE,4/18/13,4/18/13,,3/6/13
161-ZA-T30,FPQ-5303,SCMS-68980,ASN-7662,South Africa,PMO - US,Direct Drop,DDP,Air,ARV,Adult,Aurobindo Pharma Limited,"Lamivudine 150mg, tablets, 60 Tabs",Lamivudine,Generic,150mg,Tablet,"Aurobindo Unit III, India",19013,60,33338,84345.14,2.53,0.04,181.85,1791,1791.42,TRUE,8/24/10,9/20/10,,3/19/10
111-MZ-T30,FPQ-14294,SCMS-247360,ASN-27769,Mozambique,PMO - US,Direct Drop,EXW,Air,HRDT,HIV test,"Orgenics, Ltd","HIV 1/2, Determine Complete HIV Kit, 100 Tests","HIV 1/2, Determine Complete HIV Kit",Determine,N/A,Test kit,"Alere Medical Co., Ltd.",19014,100,3173,253840,80,0.8,260.95,1287,9209,TRUE,9/10/14,9/10/14,,7/30/14
105-SS-T30,FPQ-12623,SCMS-200921,ASN-22955,South Sudan,PMO - US,Direct Drop,EXW,Air,HRDT,HIV test,"Trinity Biotech, Plc","HIV 1/2, Uni-Gold HIV Kit, 20 Tests","HIV 1/2, Uni-Gold HIV Kit",Uni-Gold,N/A,Test kit,"Trinity Biotech, Plc",19019,20,25,800,32,1.6,0.99,159,2395.42,TRUE,2/11/14,2/11/14,,8/6/13
105-SS-T30,FPQ-12623,SCMS-200920,ASN-21751,South Sudan,PMO - US,Direct Drop,EXW,Air,HRDT,HIV test,"Trinity Biotech, Plc","HIV 1/2, Uni-Gold HIV Kit, 20 Tests","HIV 1/2, Uni-Gold HIV Kit",Uni-Gold,N/A,Test kit,"Trinity Biotech, Plc",19063,20,450,14400,32,1.6,17.81,,,FALSE,10/18/13,10/18/13,,8/6/13
106-HT-T30,FPQ-14895,SCMS-258570,ASN-30652,Haiti,PMO - US,Direct Drop,FCA,Air,ARV,Adult,ABBVIE LOGISTICS (FORMERLY ABBOTT LOGISTICS BV),"Lopinavir/Ritonavir 200/50mg [Aluvia], tablets, 120 Tabs",Lopinavir/Ritonavir,Aluvia,200/50mg,Tablet,ABBVIE Ludwigshafen Germany,19080,120,15560,287393.2,18.47,0.15,295.44,3834,16386.12,TRUE,3/11/15,3/11/15,,11/14/14
107-RW-T30,FPQ-8741,SCMS-129760,ASN-15231,Rwanda,PMO - US,Direct Drop,EXW,Air,ARV,Pediatric,CIPLA LIMITED,"Abacavir 20mg/ml, oral solution, Bottle, 240 ml",Abacavir,Generic,20mg/ml,Oral solution,"Cipla, Goa, India",19105,240,4534,38539,8.5,0.04,54.03,1631,13116.57,TRUE,6/22/12,6/22/12,,3/9/12
108-VN-T30,FPQ-10811,SCMS-164530,ASN-18730,Vietnam,PMO - US,Direct Drop,FCA,Air,ARV,Adult,ABBVIE LOGISTICS (FORMERLY ABBOTT LOGISTICS BV),"Ritonavir 100mg [Norvir], film coated tablets, 30 Tabs",Ritonavir,Norvir,100mg,Tablet,ABBVIE Ludwigshafen Germany,19142,30,373,8675.98,23.26,0.78,10.73,55,17.72,TRUE,4/9/13,4/9/13,,11/7/12
116-ZA-T30,FPQ-14942,SCMS-259075,ASN-32122,South Africa,PMO - US,Direct Drop,DDP,Truck,ARV,Adult,PHARMACY DIRECT,"Zidovudine 300mg, tablets, 60 Tabs",Zidovudine,Generic,300mg,Tablet,"Aurobindo Unit III, India",19146,60,11,198.35,18.03,0.3,0.2,,,FALSE,5/12/15,5/12/15,,5/11/15
105-SS-T30,FPQ-15569,SCMS-272170,ASN-32106,South Sudan,PMO - US,Direct Drop,EXW,Air,HRDT,HIV test,"Orgenics, Ltd","HIV 1/2, Determine Complete HIV Kit, 100 Tests","HIV 1/2, Determine Complete HIV Kit",Determine,N/A,Test kit,"Alere Medical Co., Ltd.",19172,100,70,6230,89,0.89,7.33,,,TRUE,7/2/15,7/7/15,,2/20/15
104-CI-T30,FPQ-12133,SCMS-188291,ASN-22377,Côte d'Ivoire,PMO - US,Direct Drop,EXW,Air,HRDT,HIV test,"Orgenics, Ltd","HIV 1/2, Determine Complete HIV Kit, 100 Tests","HIV 1/2, Determine Complete HIV Kit",Determine,N/A,Test kit,"Alere Medical Co., Ltd.",19177,100,4400,352000,80,0.8,435.42,1033,24728.57,TRUE,11/13/13,11/13/13,,5/21/13
116-ZA-T30,FPQ-4359,SCMS-54980,ASN-5373,South Africa,PMO - US,Direct Drop,DDP,Truck,ARV,Pediatric,S. BUYS WHOLESALER,"Zidovudine 100mg [Retrovir], capsules, 100 Caps",Zidovudine,Retrovir,100mg,Capsule,GSK Crawley,19225,100,40,591.97,14.8,0.15,1.16,,,FALSE,10/19/09,10/19/09,,10/15/09
116-ZA-T30,FPQ-13214,SCMS-215410,ASN-23875,South Africa,PMO - US,Direct Drop,DDP,Truck,ARV,Pediatric,S. BUYS WHOLESALER,"Abacavir 20mg/ml, oral solution w/syringe, Bottle, 240 ml",Abacavir,Generic,20mg/ml,Oral solution,"Aurobindo Unit III, India",19241,240,16,367.09,22.94,0.1,0.38,,,FALSE,1/13/14,1/13/14,,12/2/13
111-MZ-T30,FPQ-7270,SCMS-103150,ASN-11149,Mozambique,PMO - US,Direct Drop,EXW,Air,HRDT,HIV test,"Orgenics, Ltd","HIV 1/2, Determine HIV Kit, without Lancets, 100 Tests","HIV 1/2, Determine HIV Kit, without Lancets",Determine,N/A,Test kit,Inverness Japan,19243,100,11800,916860,77.7,0.78,1512.82,2675,4969.35,TRUE,9/3/11,9/3/11,,3/30/11
101-CD-T30,FPQ-14654,SCMS-253260,ASN-28279,"Congo, DRC",PMO - US,Direct Drop,EXW,Air,HRDT,HIV test,"Trinity Biotech, Plc","HIV 1/2, Uni-Gold HIV Kit, 20 Tests","HIV 1/2, Uni-Gold HIV Kit",Uni-Gold,N/A,Test kit,"Trinity Biotech, Plc",19244,20,9,288,32,1.6,0.3,,,FALSE,11/4/14,11/4/14,,8/27/14
109-TZ-T30,FPQ-12050,SCMS-186920,ASN-20340,Tanzania,PMO - US,Direct Drop,EXW,Air,ARV,Adult,MYLAN LABORATORIES LTD (FORMERLY MATRIX LABORATORIES),"Atazanavir/Ritonavir 300/100mg, tablets, 30 Tabs",Atazanavir/Ritonavir,Generic,300/100mg,Tablet,Mylan (formerly Matrix) Nashik,19246,30,5175,116437.5,22.5,0.75,144.03,775,4136.58,TRUE,9/5/13,9/5/13,,5/14/13
104-CI-T30,FPQ-4717,SCMS-59690,ASN-7107,Côte d'Ivoire,PMO - US,Direct Drop,CIP,Air,ARV,Pediatric,BRISTOL-MYERS SQUIBB,"Didanosine 50mg [Videx], chewable tablets, 60 Tabs",Didanosine,Videx,50mg,Chewable/dispersible tablet,"BMS Meymac, France",19250,60,4245,40327.5,9.5,0.16,86.95,833,1134.5,TRUE,6/10/10,6/10/10,,12/14/09
109-TZ-T30,FPQ-8071,SCMS-116850,ASN-12886,Tanzania,PMO - US,Direct Drop,EXW,Air,HRDT,HIV test,"Orgenics, Ltd","HIV 1/2, Determine Complete HIV Kit, 100 Tests","HIV 1/2, Determine Complete HIV Kit",Determine,N/A,Test kit,Inverness Japan,19263,100,1500,120000,80,0.8,198,714,13836.99,TRUE,1/30/12,1/30/12,,8/1/11
101-CD-T30,FPQ-16001,SCMS-280210,ASN-31750,"Congo, DRC",PMO - US,Direct Drop,EXW,Air,HRDT,HIV test,"Trinity Biotech, Plc","HIV 1/2, Uni-Gold HIV Kit, 20 Tests","HIV 1/2, Uni-Gold HIV Kit",Uni-Gold,N/A,Test kit,"Trinity Biotech, Plc",19272,20,70,2240,32,1.6,2.64,508,3918.37,TRUE,7/2/15,7/2/15,,3/16/15
116-ZA-T30,FPQ-3560,SCMS-50950,ASN-5006,South Africa,PMO - US,Direct Drop,DDP,Truck,ARV,Adult,S. BUYS WHOLESALER,"Tenofovir Disoproxil Fumarate 300mg [Viread], tablets, 30 Tabs",Tenofovir Disoproxil Fumarate,Viread,300mg,Tablet,"Aspen-OSD, Port Elizabeth, SA",19282,30,800,21392.98,26.74,0.89,41.93,,,TRUE,9/3/09,9/3/09,,8/3/09
106-HT-T30,FPQ-12590,SCMS-210440,ASN-23016,Haiti,PMO - US,Direct Drop,FCA,Air,ARV,Adult,ABBVIE LOGISTICS (FORMERLY ABBOTT LOGISTICS BV),"Lopinavir/Ritonavir 200/50mg [Aluvia], tablets, 120 Tabs",Lopinavir/Ritonavir,Aluvia,200/50mg,Tablet,ABBVIE Ludwigshafen Germany,19289,120,646,12480.72,19.32,0.16,15.44,166,737.11,TRUE,1/23/14,1/23/14,,10/22/13
111-MZ-T30,FPQ-3588,SCMS-45670,ASN-5525,Mozambique,PMO - US,Direct Drop,CIP,Air,ARV,Adult,GLAXOSMITHKLINE EXPORT LIMITED,"Abacavir/Lamivudine/Zidovudine 300/150/300mg [Trizivir], tablets, 60 Tabs",Abacavir/Lamivudine/Zidovudine,Trizivir,300/150/300mg,Tablet - FDC,GSK Ware (UK),19293,60,4,214.84,53.71,0.9,0.42,155,,TRUE,12/4/09,12/4/09,,5/13/09
102-SD-T30,FPQ-8264,SCMS-121850,ASN-13536,Sudan,PMO - US,Direct Drop,EXW,Air,HRDT,HIV test - Ancillary,"Orgenics, Ltd","Capillary Tubes, for Determine, EDTA, 50uL,100 Pcs","HIV, Capillary Tubes, for Determine, EDTA, 50uL,100 Pcs",Determine,N/A,Test kit - Ancillary,"Alere Medical Co., Ltd.",19335,100,3,24,8,0.08,0.04,2,1076.15,TRUE,2/20/12,2/20/12,,9/14/11
105-GY-T30,FPQ-4922,SCMS-63980,ASN-6490,Guyana,PMO - US,Direct Drop,EXW,Air,ARV,Pediatric,CIPLA LIMITED,"Lamivudine/Nevirapine/Stavudine 60/100/12mg, dispersible tablets, 60 Tabs",Lamivudine/Nevirapine/Stavudine,Generic,60/100/12mg,Chewable/dispersible tablet - FDC,"Cipla, Goa, India",19344,60,90,387,4.3,0.07,0.83,9,541.88,TRUE,4/9/10,4/9/10,,1/28/10
116-ZA-T30,FPQ-13973,SCMS-238553,ASN-28021,South Africa,PMO - US,Direct Drop,DDP,Truck,ARV,Adult,PHARMACY DIRECT,"Emtricitabine/Tenofovir Disoproxil Fumarate 200/300mg, tablets, 30 Tabs",Emtricitabine/Tenofovir Disoproxil Fumarate,Generic,200/300mg,Tablet - FDC,"Aurobindo Unit III, India",19346,30,11,332.32,30.21,1.01,0.34,,,FALSE,8/28/14,8/28/14,,8/28/14
102-ML-T30,FPQ-10104,SCMS-153790,ASN-16513,Mali,PMO - US,Direct Drop,EXW,Air,HRDT,HIV test,"Orgenics, Ltd","HIV 1/2, Clearview Complete Kit, 25 Tests","HIV 1/2, Clearview Complete Kit",Clearview,N/A,Test kit,Chembio Diagnostics Sys. Inc.,19348,25,87,8265,95,3.8,11.59,40,1333.4,TRUE,10/4/12,10/4/12,,8/21/12
103-ZW-T30,FPQ-14477,SCMS-248220,ASN-27913,Zimbabwe,PMO - US,Direct Drop,EXW,Air,ARV,Pediatric,ABBVIE LOGISTICS (FORMERLY ABBOTT LOGISTICS BV),"Lopinavir/Ritonavir 80/20mg/ml [Kaletra], oral solution, cool, Bottle 5 x 60 ml",Lopinavir/Ritonavir,Kaletra,80/20mg/ml,Oral solution,ABBVIE (Abbott) Logis. UK,19359,300,2025,62410.5,30.82,0.1,64.16,1902,16777.24,TRUE,9/18/14,9/18/14,,8/4/14
109-TZ-T30,FPQ-12197,SCMS-189360,ASN-21234,Tanzania,PMO - US,Direct Drop,EXW,Air,HRDT,HIV test,"Standard Diagnostics, Inc.","HIV 1/2, Determine Complete HIV Kit, 100 Tests","HIV 1/2, Determine Complete HIV Kit",Determine,N/A,Test kit,"Alere Medical Co., Ltd.",19405,100,3039,0,0,0,0,1257,21351.18,TRUE,9/17/13,9/16/13,,5/29/13
108-VN-T30,FPQ-10811,SCMS-164680,ASN-18664,Vietnam,PMO - US,Direct Drop,EXW,Air,ARV,Adult,HETERO LABS LIMITED,"Zidovudine 300mg, tablets, 60 Tabs",Zidovudine,Generic,300mg,Tablet,Hetero Unit III Hyderabad IN,19406,60,1082,6221.5,5.75,0.1,7.7,2228,3565.08,TRUE,4/2/13,4/2/13,,11/7/12
133-NG-T30,FPQ-7193,SCMS-103110,ASN-11031,Nigeria,PMO - US,Direct Drop,EXW,Air,HRDT,HIV test,"Orgenics, Ltd","HIV 1/2, Determine Complete HIV Kit, 100 Tests","HIV 1/2, Determine Complete HIV Kit",Determine,N/A,Test kit,Inverness Japan,19410,100,2586,230154,89,0.89,379.75,1231,28132.96,TRUE,7/7/11,7/7/11,,3/30/11
104-CI-T30,FPQ-13603,SCMS-228080,ASN-29972,Côte d'Ivoire,PMO - US,Direct Drop,EXW,Air,HRDT,HIV test,"Standard Diagnostics, Inc.","HIV 1/2, Bioline 3.0 Kit, Lancets, Capillary pipets, Alcohol swabs included, 25 Tests","HIV 1/2, Bioline 3.0 Kit, Lancets, Capillary pipets, Alcohol swabs included",Bioline,N/A,Test kit,"Standard Diagnostics, Korea",19431,25,1400,28700,20.5,0.82,29.5,437,5924.89,TRUE,1/23/15,1/23/15,,2/26/14
133-NG-T30,FPQ-15504,SCMS-270770,ASN-31785,Nigeria,PMO - US,Direct Drop,EXW,Air,HRDT,HIV test,"Orgenics, Ltd","HIV 1/2, Determine Complete HIV Kit, 100 Tests","HIV 1/2, Determine Complete HIV Kit",Determine,N/A,Test kit,"Alere Medical Co., Ltd.",19484,100,5640,501960,89,0.89,590.81,2292,27361.87,TRUE,5/7/15,5/7/15,,3/13/15
108-VN-T30,FPQ-8428,SCMS-123530,ASN-14319,Vietnam,PMO - US,Direct Drop,EXW,Air,ARV,Adult,MYLAN LABORATORIES LTD (FORMERLY MATRIX LABORATORIES),"Efavirenz/Lamivudine/Tenofovir Disoproxil Fumarate 600/300/300mg, tablets, 30 Tabs",Efavirenz/Lamivudine/Tenofovir Disoproxil Fumarate,Generic,600/300/300mg,Tablet - FDC,Mylan (formerly Matrix) Nashik,19512,30,5451,76859.1,14.1,0.47,126.82,1675,3401.49,TRUE,4/24/12,4/24/12,,10/3/11
116-ZA-T30,FPQ-13973,SCMS-238553,ASN-28021,South Africa,PMO - US,Direct Drop,DDP,Truck,ARV,Adult,PHARMACY DIRECT,"Lamivudine/Zidovudine 150/300mg, tablets, 60 Tabs",Lamivudine/Zidovudine,Generic,150/300mg,Tablet - FDC,"Aurobindo Unit III, India",19514,60,16,499.07,31.19,0.52,0.51,,,FALSE,8/28/14,8/28/14,,8/28/14
109-TZ-T30,FPQ-9211,SCMS-136930,ASN-14644,Tanzania,PMO - US,Direct Drop,EXW,Air,HRDT,HIV test,"Orgenics, Ltd","HIV 1/2, Determine Complete HIV Kit, 100 Tests","HIV 1/2, Determine Complete HIV Kit",Determine,N/A,Test kit,"Alere Medical Co., Ltd.",19584,100,1337,106960,80,0.8,149.96,639,12022.17,TRUE,5/25/12,5/25/12,,2/17/12
104-CI-T30,FPQ-6661,SCMS-91830,ASN-9057,Côte d'Ivoire,PMO - US,Direct Drop,FCA,Air,ARV,Adult,ABBVIE LOGISTICS (FORMERLY ABBOTT LOGISTICS BV),"Lopinavir/Ritonavir 200/50mg [Aluvia], tablets, 120 Tabs",Lopinavir/Ritonavir,Aluvia,200/50mg,Tablet,ABBVIE Ludwigshafen Germany,19620,120,7320,264691.2,36.16,0.3,436.74,1838,13562.36,TRUE,1/14/11,1/14/11,,11/11/10
111-MZ-T30,FPQ-15324,SCMS-264780,ASN-30261,Mozambique,PMO - US,Direct Drop,EXW,Air,HRDT,HIV test - Ancillary,"Orgenics, Ltd","Chase Buffer, Determine, 100 Tests, 2.5ml x 1 Vial","Chase Buffer, Determine, 100 Tests, 2.5ml x 1 Vial",Determine,N/A,Test kit - Ancillary,"Alere Medical Co., Ltd.",19627,1,60,300,5,5,0.35,,,TRUE,2/10/15,2/10/15,,11/19/14
108-VN-T30,FPQ-10811,SCMS-166140,ASN-17572,Vietnam,PMO - US,Direct Drop,EXW,Air,ARV,Pediatric,Aurobindo Pharma Limited,"Lamivudine 10mg/ml, oral solution w/syringe, Bottle, 240 ml",Lamivudine,Generic,10mg/ml,Oral solution,"Aurobindo Unit III, India",19630,240,136,251.6,1.85,0.01,0.31,173,1079.39,TRUE,1/9/13,1/9/13,,11/9/12
161-ZA-T30,FPQ-7400,SCMS-104240,ASN-12269,South Africa,PMO - US,Direct Drop,DDP,Ocean,ARV,Pediatric,GLAXOSMITHKLINE EXPORT LIMITED,"Abacavir 20mg/ml [Ziagen], oral solution, Bottle, 240 ml",Abacavir,Ziagen,20mg/ml,Oral solution,GSK Mississauga (Canada),19647,240,20000,185600,9.28,0.04,306.24,7664,17022.13,TRUE,11/18/11,11/18/11,,3/30/11
161-ZA-T30,FPQ-6262,SCMS-84250,ASN-9052,South Africa,PMO - US,Direct Drop,DDP,Ocean,ARV,Adult,STRIDES ARCOLAB LIMITED,"Lamivudine 150mg, tablets, 60 Tabs",Lamivudine,Generic,150mg,Tablet,"Strides, Bangalore, India.",19656,60,168711,416716.16,2.47,0.04,898.44,8183,12225.76,TRUE,12/15/10,12/15/10,,9/21/10
116-ZA-T30,FPQ-14942,SCMS-259079,ASN-33852,South Africa,PMO - US,Direct Drop,DDP,Truck,ARV,Adult,PHARMACY DIRECT,"Abacavir 300mg, tablets, 60 Tabs",Abacavir,Generic,300mg,Tablet,"Aurobindo Unit III, India",19670,60,82,4392.17,53.56,0.89,4.52,,,FALSE,8/24/15,8/24/15,,10/9/14
110-ZM-T30,FPQ-11561,SCMS-183050,ASN-19389,Zambia,PMO - US,Direct Drop,FCA,Air,ARV,Pediatric,ABBVIE LOGISTICS (FORMERLY ABBOTT LOGISTICS BV),"Lopinavir/Ritonavir 80/20mg/ml [Kaletra], oral solution, cool, Bottle 5 x 60 ml",Lopinavir/Ritonavir,Kaletra,80/20mg/ml,Oral solution,ABBVIE (Abbott) Logis. UK,19685,300,1500,46230,30.82,0.1,57.19,1374,10365.13,TRUE,5/22/13,5/22/13,,3/28/13
116-ZA-T30,FPQ-5630,SCMS-72870,ASN-7106,South Africa,PMO - US,Direct Drop,DDP,Truck,ARV,Pediatric,S. BUYS WHOLESALER,"Lopinavir/Ritonavir 80/20mg/ml [Kaletra], oral solution, cool, Bottle 5 x 60 ml",Lopinavir/Ritonavir,Kaletra,80/20mg/ml,Oral solution,ABBVIE (Abbott) Logis. UK,19689,300,50,2037.29,40.75,0.14,4.39,,,TRUE,5/12/10,5/12/10,,5/5/10
102-GY-T30,FPQ-4068,SCMS-52270,ASN-4928,Guyana,PMO - US,Direct Drop,EXW,Air,HRDT,HIV test,"Trinity Biotech, Plc","HIV 1/2, Uni-Gold HIV Kit, 20 Tests","HIV 1/2, Uni-Gold HIV Kit",Uni-Gold,N/A,Test kit,"Trinity Biotech, Plc",19694,20,2551,81632,32,1.6,160,885,11057.25,TRUE,9/24/09,9/24/09,,8/31/09
102-CD-T30,FPQ-9645,SCMS-145470,ASN-15048,"Congo, DRC",PMO - US,Direct Drop,EXW,Air,HRDT,HIV test,"Trinity Biotech, Plc","HIV 1/2, Uni-Gold HIV Kit, 20 Tests","HIV 1/2, Uni-Gold HIV Kit",Uni-Gold,N/A,Test kit,"Trinity Biotech, Plc",19696,20,400,12800,32,1.6,17.95,132,1692.7,TRUE,8/2/12,8/2/12,,5/7/12
108-VN-T30,FPQ-13034,SCMS-210120,ASN-24394,Vietnam,PMO - US,Direct Drop,EXW,Air,ARV,Adult,HETERO LABS LIMITED,"Efavirenz 600mg, tablets, 30 Tabs",Efavirenz,Generic,600mg,Tablet,Hetero Unit III Hyderabad IN,19712,30,2516,8151.84,3.24,0.11,10.08,,,FALSE,4/23/14,4/23/14,,10/10/13
108-VN-T30,FPQ-5317,SCMS-69220,ASN-7411,Vietnam,PMO - US,Direct Drop,FCA,Air,ARV,Adult,ABBVIE LOGISTICS (FORMERLY ABBOTT LOGISTICS BV),"Lopinavir/Ritonavir 200/50mg [Aluvia], tablets, 120 Tabs",Lopinavir/Ritonavir,Aluvia,200/50mg,Tablet,ABBVIE Ludwigshafen Germany,19771,120,5530,454566,82.2,0.68,980.04,1348,10670.09,TRUE,7/16/10,7/16/10,,3/31/10
161-ZA-T30,FPQ-7175,SCMS-103360,ASN-11433,South Africa,PMO - US,Direct Drop,DDP,Ocean,ARV,Pediatric,Aurobindo Pharma Limited,"Efavirenz 50mg, capsule, 30 Caps",Efavirenz,Generic,50mg,Capsule,"Aurobindo Unit III, India",19788,30,2247,5482.68,2.44,0.08,9.05,,,TRUE,9/2/11,9/14/11,,3/24/11
108-VN-T30,FPQ-15040,SCMS-263670,ASN-30942,Vietnam,PMO - US,Direct Drop,EXW,Air,ARV,Adult,HETERO LABS LIMITED,"Abacavir 300mg, tablets, 60 Tabs",Abacavir,Generic,300mg,Tablet,Hetero Unit III Hyderabad IN,19840,60,1900,21280,11.2,0.19,21.88,2356,3688.77,TRUE,4/14/15,4/14/15,,12/8/14
114-UG-T30,FPQ-12777,SCMS-202560,ASN-22984,Uganda,PMO - US,Direct Drop,EXW,Air,ARV,Pediatric,Aurobindo Pharma Limited,"Nevirapine 10mg/ml, oral suspension w/syringe, Bottle, 100 ml",Nevirapine,Generic,10mg/ml,Oral suspension,"Aurobindo Unit III, India",19851,100,11310,14703,1.3,0.01,18.19,2454,10898.12,TRUE,12/10/13,12/12/13,,8/9/13
116-ZA-T30,FPQ-14942,SCMS-259078,ASN-33470,South Africa,PMO - US,Direct Drop,DDP,Truck,ARV,Adult,PHARMACY DIRECT,"Lamivudine/Zidovudine 150/300mg, tablets, 60 Tabs",Lamivudine/Zidovudine,Generic,150/300mg,Tablet - FDC,"Aurobindo Unit III, India",19863,60,23,528.93,23,0.38,0.54,,,FALSE,7/24/15,7/24/15,,10/9/14
116-ZA-T30,FPQ-14942,SCMS-259078,ASN-33470,South Africa,PMO - US,Direct Drop,DDP,Truck,ARV,Adult,PHARMACY DIRECT,"Nevirapine 200mg, tablets, 60 Tabs",Nevirapine,Generic,200mg,Tablet,"Aurobindo Unit III, India",19873,60,23,315.96,13.74,0.23,0.32,,,FALSE,7/24/15,7/24/15,,10/9/14
161-ZA-T30,FPQ-6262,SCMS-83890,ASN-9513,South Africa,PMO - US,Direct Drop,DDP,Ocean,ARV,Pediatric,CIPLA LIMITED,"Lamivudine 10mg/ml, oral solution w/syringe, Bottle, 240 ml",Lamivudine,Generic,10mg/ml,Oral solution,"Cipla, Goa, India",19891,240,55000,114400,2.08,0.01,246.65,20419,17267.14,TRUE,2/24/11,2/24/11,,9/21/10
108-VN-T30,FPQ-5899,SCMS-77250,ASN-8909,Vietnam,PMO - US,Direct Drop,EXW,Air,ARV,Adult,Aurobindo Pharma Limited,"Lamivudine/Zidovudine 150/300mg, tablets, 60 Tabs",Lamivudine/Zidovudine,Generic,150/300mg,Tablet - FDC,"Aurobindo Unit III, India",19905,60,20000,165000,8.25,0.14,355.74,1951,13083.7,TRUE,12/8/10,12/8/10,,7/1/10
106-HT-T30,FPQ-15102,SCMS-260780,ASN-31452,Haiti,PMO - US,Direct Drop,EXW,Air,HRDT,HIV test,"Orgenics, Ltd","HIV 1/2, Determine Complete HIV Kit, 100 Tests","HIV 1/2, Determine Complete HIV Kit",Determine,N/A,Test kit,"Alere Medical Co., Ltd.",19924,100,6302,630200,100,1,741.75,2557,21256.43,TRUE,5/5/15,5/5/15,,11/5/14
108-VN-T30,FPQ-13524,SCMS-226251,ASN-27964,Vietnam,PMO - US,Direct Drop,EXW,Air,ARV,Adult,MYLAN LABORATORIES LTD (FORMERLY MATRIX LABORATORIES),"Lamivudine/Zidovudine 150/300mg, tablets, 60 Tabs",Lamivudine/Zidovudine,Generic,150/300mg,Tablet - FDC,Mylan (formerly Matrix) Nashik,19940,60,20000,129800,6.49,0.11,133.43,1725,3273.14,TRUE,11/3/14,11/3/14,,6/27/14
103-KE-T30,FPQ-10018,SCMS-149610,ASN-15368,Kenya,PMO - US,Direct Drop,EXW,Air,HRDT,HIV test,"Orgenics, Ltd","HIV 1/2, Determine Complete HIV Kit, 100 Tests","HIV 1/2, Determine Complete HIV Kit",Determine,N/A,Test kit,"Alere Medical Co., Ltd.",19958,100,1,89,89,0.89,0.12,985,11034.01,TRUE,7/9/12,7/9/12,,6/14/12
116-ZA-T30,FPQ-13973,SCMS-238555,ASN-29257,South Africa,PMO - US,Direct Drop,DDP,Truck,ARV,Adult,PHARMACY DIRECT,"Lamivudine 150mg, tablets, 60 Tabs",Lamivudine,Generic,150mg,Tablet,"Aurobindo Unit III, India",19959,60,203,1855.98,9.14,0.15,1.91,,,TRUE,11/5/14,11/5/14,,11/4/14
116-ZA-T30,FPQ-4359,SCMS-54980,ASN-5372,South Africa,PMO - US,Direct Drop,DDP,Truck,ARV,Pediatric,S. BUYS WHOLESALER,"Lamivudine 10mg/ml [Epivir], oral solution, Bottle, 240 ml",Lamivudine,Epivir,10mg/ml,Oral solution,GSK Mississauga (Canada),19977,240,1000,6669.31,6.67,0.03,13.07,,,TRUE,10/21/09,10/21/09,,10/15/09
119-NA-T30,FPQ-3814,SCMS-47550,ASN-4512,Namibia,PMO - US,Direct Drop,EXW,Air,ARV,Pediatric,CIPLA LIMITED,"Lamivudine/Nevirapine/Stavudine 30/50/6mg, dispersible tablets, 60 Tabs",Lamivudine/Nevirapine/Stavudine,Generic,30/50/6mg,Chewable/dispersible tablet - FDC,"Cipla, Goa, India",19996,60,688,1651.2,2.4,0.04,3.24,53,571.53,TRUE,8/5/09,8/5/09,,6/15/09
116-ZA-T30,FPQ-13973,SCMS-238552,ASN-27608,South Africa,PMO - US,Direct Drop,DDP,Truck,ARV,Adult,PHARMACY DIRECT,"Saquinavir 200mg [Invirase], capsules, 270 Caps",Saquinavir,Invirase,200mg,Capsule,Roche Basel,20044,270,30,2177.92,72.6,0.27,2.24,,,TRUE,8/5/14,8/5/14,,8/5/14
133-NG-T30,FPQ-14995,SCMS-260700,ASN-29931,Nigeria,PMO - US,Direct Drop,EXW,Air,HRDT,HIV test,"Orgenics, Ltd","HIV 1/2, Determine Complete HIV Kit, 100 Tests","HIV 1/2, Determine Complete HIV Kit",Determine,N/A,Test kit,"Alere Medical Co., Ltd.",20073,100,3144,279816,89,0.89,287.65,1276,15681.99,TRUE,1/19/15,1/20/15,,10/29/14
114-UG-T30,FPQ-4185,SCMS-54140,ASN-5318,Uganda,PMO - US,Direct Drop,FCA,Air,ARV,Adult,ABBVIE LOGISTICS (FORMERLY ABBOTT LOGISTICS BV),"Lopinavir/Ritonavir 200/50mg [Aluvia], tablets, 120 Tabs",Lopinavir/Ritonavir,Aluvia,200/50mg,Tablet,ABBVIE Ludwigshafen Germany,20133,120,60,2169.6,36.16,0.3,4.25,36,814.04,TRUE,11/4/09,11/4/09,,9/30/09
111-MZ-T30,FPQ-10880,SCMS-164000,ASN-18532,Mozambique,PMO - US,Direct Drop,EXW,Air,HRDT,HIV test,"Orgenics, Ltd","HIV 1/2, Determine Complete HIV Kit, 100 Tests","HIV 1/2, Determine Complete HIV Kit",Determine,N/A,Test kit,"Alere Medical Co., Ltd.",20172,100,2939,235120,80,0.8,290.84,1330,13801.89,TRUE,3/20/13,3/21/13,,11/6/12
105-SS-T30,FPQ-14470,SCMS-245260,ASN-29409,South Sudan,PMO - US,Direct Drop,EXW,Air,HRDT,HIV test - Ancillary,"Orgenics, Ltd","Chase Buffer, Determine, 100 Tests, 2.5ml x 1 Vial","Chase Buffer, Determine, 100 Tests, 2.5ml x 1 Vial",Determine,N/A,Test kit - Ancillary,"Alere Medical Co., Ltd.",20185,1,160,800,5,5,0.82,149,2084.52,TRUE,12/22/14,12/22/14,,6/30/14
108-VN-T30,FPQ-10286,SCMS-156310,ASN-17176,Vietnam,PMO - US,Direct Drop,EXW,Air,ARV,Adult,HETERO LABS LIMITED,"Lamivudine/Zidovudine 150/300mg, tablets, 60 Tabs",Lamivudine/Zidovudine,Generic,150/300mg,Tablet - FDC,Hetero Unit III Hyderabad IN,20219,60,10158,71918.64,7.08,0.12,100.83,941,1934.17,TRUE,12/14/12,12/14/12,,8/15/12
101-CD-T30,FPQ-14255,SCMS-239810,ASN-27324,"Congo, DRC",PMO - US,Direct Drop,EXW,Air,ARV,Pediatric,Aurobindo Pharma Limited,"Didanosine 200mg, delayed-release capsules, 30 Caps",Didanosine,Generic,200mg,Delayed-release capsules,"Aurobindo Unit III, India",20236,30,550,6050,11,0.37,6.22,,,FALSE,9/30/14,9/30/14,,5/19/14
107-RW-T30,FPQ-8742,SCMS-137421,ASN-15443,Rwanda,PMO - US,Direct Drop,EXW,Air,ARV,Adult,HETERO LABS LIMITED,"Efavirenz 600mg, tablets, 30 Tabs",Efavirenz,Generic,600mg,Tablet,Hetero Unit III Hyderabad IN,20239,30,20370,72720.9,3.57,0.12,101.95,1751,13244.8,TRUE,7/20/12,7/20/12,,6/14/12
102-SZ-T30,FPQ-10537,SCMS-159081,ASN-19430,Swaziland,PMO - US,Direct Drop,EXW,Air,HRDT,HIV test,"Trinity Biotech, Plc","HIV 1/2, Uni-Gold HIV Kit, 20 Tests","HIV 1/2, Uni-Gold HIV Kit",Uni-Gold,N/A,Test kit,"Trinity Biotech, Plc",20245,20,150,4800,32,1.6,6.73,58,642.05,TRUE,5/21/13,5/21/13,,9/12/12
107-RW-T30,FPQ-12518,SCMS-198222,ASN-24715,Rwanda,PMO - US,Direct Drop,EXW,Air,HRDT,HIV test,"SHANGHAI KEHUA BIOENGINEERING CO.,LTD.  (KHB)","HIV 1/2, SKB Colloidal Gold, Diagnostic Kit, Antibody, 50 Tests","HIV 1/2, Colloidal Gold, Diagnostic Kit, Antibody",Colloidal Gold,N/A,Test kit,"KHB Test Kit Facility, Shanghai China",20264,1,2988,73206,24.5,24.5,90.56,1992,26266.34,TRUE,3/27/14,3/27/14,,8/12/13
114-UG-T30,FPQ-9365,SCMS-142320,ASN-15425,Uganda,PMO - US,Direct Drop,DDP,Air,ARV,Adult,ASPEN PHARMACARE,"Etravirine 100mg [Intelence], tablets, 120 Tabs",Etravirine,Intelence,100mg,Tablet,"Janssen-Cilag, Latina, IT",20266,120,150,11250,75,0.62,15.77,49,475,TRUE,7/5/12,7/5/12,,4/17/12
108-VN-T30,FPQ-13976,SCMS-236060,ASN-27814,Vietnam,PMO - US,Direct Drop,EXW,Air,ARV,Adult,HETERO LABS LIMITED,"Efavirenz/Lamivudine/Tenofovir Disoproxil Fumarate 600/300/300mg, tablets, 30 Tabs",Efavirenz/Lamivudine/Tenofovir Disoproxil Fumarate,Generic,600/300/300mg,Tablet - FDC,Hetero Unit III Hyderabad IN,20274,30,17280,181440,10.5,0.35,186.52,2401,3701.66,TRUE,9/22/14,9/15/14,,4/30/14
123-NG-T30,FPQ-4066,SCMS-51270,ASN-5524,Nigeria,PMO - US,Direct Drop,FCA,Air,ARV,Adult,Hoffmann-La Roche ltd Basel,"Saquinavir 500mg [Invirase], tablets, 120 Tabs",Saquinavir,Invirase,500mg,Tablet,Roche Basel,20280,120,500,47667.85,95.34,0.79,93.43,83,852.02,TRUE,12/15/09,12/15/09,,8/12/09
116-ZA-T30,FPQ-5535,SCMS-71370,ASN-7373,South Africa,PMO - US,Direct Drop,DDP,Truck,ARV,Adult,S. BUYS WHOLESALER,"Emtricitabine/Tenofovir Disoproxil Fumarate 200/300mg [Truvada], tablets, 30 Tabs",Emtricitabine/Tenofovir Disoproxil Fumarate,Truvada,300/200mg,Tablet - FDC,"Aspen-OSD, Port Elizabeth, SA",20291,30,540,25796.95,47.77,1.59,55.62,,,FALSE,5/31/10,5/31/10,,4/21/10
110-ZM-T30,FPQ-12662,SCMS-202390,ASN-23686,Zambia,PMO - US,Direct Drop,EXW,Air,ARV,Adult,MYLAN LABORATORIES LTD (FORMERLY MATRIX LABORATORIES),"Emtricitabine/Tenofovir Disoproxil Fumarate 200/300mg, tablets, 30 Tabs",Emtricitabine/Tenofovir Disoproxil Fumarate,Generic,200/300mg,Tablet - FDC,Mylan (formerly Matrix) Nashik,20294,30,300000,1722000,5.74,0.19,2130.11,24233,119474.09,TRUE,2/14/14,2/14/14,,8/12/13
110-ZM-T30,FPQ-14236,SCMS-239740,ASN-26572,Zambia,PMO - US,Direct Drop,EXW,Air,HRDT,HIV test,"Orgenics, Ltd","HIV 1/2, Determine Complete HIV Kit, 100 Tests","HIV 1/2, Determine Complete HIV Kit",Determine,N/A,Test kit,"Alere Medical Co., Ltd.",20319,100,6000,480000,80,0.8,493.44,2439,30885.26,TRUE,9/12/14,9/12/14,,5/20/14
108-VN-T30,FPQ-9576,SCMS-145310,ASN-16124,Vietnam,PMO - US,Direct Drop,EXW,Air,ARV,Adult,MYLAN LABORATORIES LTD (FORMERLY MATRIX LABORATORIES),"Abacavir 300mg, tablets, 60 Tabs",Abacavir,Generic,300mg,Tablet,Mylan (formerly Matrix) Nashik,20321,60,331,4220.25,12.75,0.21,5.92,2951,7211.04,TRUE,10/2/12,10/2/12,,6/11/12
108-VN-T30,FPQ-9576,SCMS-145310,ASN-16124,Vietnam,PMO - US,Direct Drop,EXW,Air,ARV,Adult,MYLAN LABORATORIES LTD (FORMERLY MATRIX LABORATORIES),"Tenofovir Disoproxil Fumarate 300mg, tablets, 30 Tabs",Tenofovir Disoproxil Fumarate,Generic,300mg,Tablet,Mylan (formerly Matrix) Nashik,20349,30,30704,137860.95,4.49,0.15,193.28,,,FALSE,10/2/12,10/2/12,,6/11/12
108-VN-T30,FPQ-9577,SCMS-145530,ASN-16123,Vietnam,PMO - US,Direct Drop,EXW,Air,ARV,Pediatric,MYLAN LABORATORIES LTD (FORMERLY MATRIX LABORATORIES),"Lamivudine/Nevirapine/Zidovudine 30/50/60mg, dispersible tablets, 60 Tabs",Lamivudine/Nevirapine/Zidovudine,Generic,30/50/60mg,Chewable/dispersible tablet - FDC,Mylan (formerly Matrix) Nashik,20371,60,1302,5403.3,4.15,0.07,7.58,4587,11252.53,TRUE,10/9/12,10/9/12,,6/12/12
106-HT-T30,FPQ-9636,SCMS-148370,ASN-16472,Haiti,PMO - US,Direct Drop,EXW,Ocean,ARV,Adult,MYLAN LABORATORIES LTD (FORMERLY MATRIX LABORATORIES),"Lamivudine/Nevirapine/Zidovudine 150/200/300mg, tablets, 60 Tabs",Lamivudine/Nevirapine/Zidovudine,Generic,150/300/200mg,Tablet - FDC,Mylan (formerly Matrix) Nashik,20383,60,34080,318648,9.35,0.16,446.74,4726,7208.11,TRUE,12/20/12,12/20/12,,7/3/12
116-ZA-T30,FPQ-12522,SCMS-199289,ASN-28036,South Africa,PMO - US,Direct Drop,DDP,Truck,ARV,Adult,S. BUYS WHOLESALER,"Tenofovir Disoproxil Fumarate 300mg, tablets, 30 Tabs",Tenofovir Disoproxil Fumarate,Generic,300mg,Tablet,Hetero Unit III Hyderabad IN,20407,30,627,13051.03,20.82,0.69,16.14,,,TRUE,8/29/14,8/29/14,,8/29/14
116-ZA-T30,FPQ-14942,SCMS-259079,ASN-33851,South Africa,PMO - US,Direct Drop,DDP,Truck,ARV,Adult,PHARMACY DIRECT,"Efavirenz 600mg, tablets, 30 Tabs",Efavirenz,Generic,600mg,Tablet,"Aurobindo Unit III, India",20417,30,42,507.93,12.09,0.4,0.52,,,TRUE,8/24/15,8/24/15,,10/9/14
161-ZA-T30,FPQ-7175,SCMS-103390,ASN-12169,South Africa,PMO - US,Direct Drop,DDP,Ocean,ARV,Adult,Aurobindo Pharma Limited,"Efavirenz 600mg, tablets, 30 Tabs",Efavirenz,Generic,600mg,Tablet,"Aurobindo Unit III, India",20432,30,106589,480716.38,4.51,0.15,793.18,9061,9323.3,TRUE,10/10/11,11/3/11,,3/24/11
101-CD-T30,FPQ-12093,SCMS-189070,ASN-20218,"Congo, DRC",PMO - US,Direct Drop,EXW,Air,ARV,Pediatric,Aurobindo Pharma Limited,"Didanosine 125mg, delayed-release capsules, 30 Caps",Didanosine,Generic,125mg,Delayed-release capsules,"Aurobindo Unit III, India",20450,30,171,1453.5,8.5,0.28,1.8,81,2782.94,TRUE,11/28/13,11/28/13,,5/17/13
104-CI-T30,FPQ-5209,SCMS-75381,ASN-7842,Côte d'Ivoire,PMO - US,Direct Drop,EXW,Air,HRDT,HIV test,"Orgenics, Ltd","HIV 1/2, Determine HIV Kit, without Lancets, 100 Tests","HIV 1/2, Determine HIV Kit, without Lancets",Determine,N/A,Test kit,Inverness Japan,20462,100,3000,233100,77.7,0.78,502.56,680,11463.46,TRUE,9/8/10,9/8/10,,6/7/10
108-VN-T30,FPQ-15692,SCMS-281650,ASN-32442,Vietnam,PMO - US,Direct Drop,EXW,Air,ARV,Adult,HETERO LABS LIMITED,"Tenofovir Disoproxil Fumarate 300mg, tablets, 30 Tabs",Tenofovir Disoproxil Fumarate,Generic,300mg,Tablet,Hetero Unit III Hyderabad IN,20506,30,17300,54495,3.15,0.1,64.14,1320,2730.91,TRUE,7/7/15,7/7/15,,3/19/15
107-RW-T30,FPQ-13853,SCMS-235960,ASN-27544,Rwanda,PMO - US,Direct Drop,EXW,Air,ARV,Pediatric,EMCURE PHARMACEUTICALS LTD,"Atazanavir 200mg, capsules, 60 Caps",Atazanavir,Generic,200mg,Capsule,"Emcure Plot No.P-2, I.T-B.T. Park, Phase II, MIDC, Hinjwadi, Pune, India",20512,60,1411,46563,33,0.55,47.87,145,1950.74,TRUE,8/22/14,8/22/14,,4/29/14
114-UG-T30,FPQ-15314,SCMS-264740,ASN-30492,Uganda,PMO - US,Direct Drop,EXW,Air,HRDT,HIV test,"Orgenics, Ltd","HIV 1/2, Determine Complete HIV Kit, 100 Tests","HIV 1/2, Determine Complete HIV Kit",Determine,N/A,Test kit,"Alere Medical Co., Ltd.",20544,100,4872,389760,80,0.8,458.75,1978,16876.25,TRUE,2/27/15,2/27/15,,12/4/14
101-CD-T30,FPQ-16001,SCMS-280220,ASN-32231,"Congo, DRC",PMO - US,Direct Drop,EXW,Air,HRDT,HIV test,"Orgenics, Ltd","HIV 1/2, Determine Complete HIV Kit, 100 Tests","HIV 1/2, Determine Complete HIV Kit",Determine,N/A,Test kit,"Alere Medical Co., Ltd.",20558,100,100,8000,80,0.8,9.42,,,FALSE,7/23/15,7/23/15,,3/17/15
105-GH-T30,FPQ-13872,SCMS-235810,ASN-27124,Ghana,PMO - US,Direct Drop,FCA,Air,ARV,Pediatric,ABBVIE LOGISTICS (FORMERLY ABBOTT LOGISTICS BV),"Lopinavir/Ritonavir 100/25mg [Aluvia], tablets, 60 Tabs",Lopinavir/Ritonavir,Generic,100/25mg,Tablet,ABBVIE Ludwigshafen Germany,20560,60,448,2661.12,5.94,0.1,2.74,63,1317.82,TRUE,8/6/14,8/6/14,,4/23/14
109-TZ-T30,FPQ-12197,SCMS-189361,ASN-21237,Tanzania,PMO - US,Direct Drop,EXW,Air,HRDT,HIV test,"Standard Diagnostics, Inc.","HIV 1/2, Determine Complete HIV Kit, 100 Tests","HIV 1/2, Determine Complete HIV Kit",Determine,N/A,Test kit,"Alere Medical Co., Ltd.",20619,100,2500,200000,80,0.8,247.4,1036,17579.56,TRUE,9/16/13,9/16/13,,5/29/13
116-ZA-T30,FPQ-14942,SCMS-259071,ASN-29597,South Africa,PMO - US,Direct Drop,DDP,Truck,ARV,Adult,PHARMACY DIRECT,"Tenofovir Disoproxil Fumarate 300mg, tablets, 30 Tabs",Tenofovir Disoproxil Fumarate,Generic,300mg,Tablet,Mylan (formerly Matrix) Nashik,20623,30,121,1671.82,13.82,0.46,1.72,,,FALSE,11/28/14,11/28/14,,11/28/14
111-MZ-T30,FPQ-14844,SCMS-260210,ASN-30569,Mozambique,PMO - US,Direct Drop,CIP,Air,ARV,Adult,JANSSEN SCIENCES IRELAND UC (FORMERLY JANSSEN R&D IRELAND),"Darunavir 600mg [Prezista], tablets, 60 Tabs",Darunavir,Prezista,600mg,Tablet,"Janssen-Cilag, Latina, IT",20631,60,276,14904,54,0.9,15.32,,,TRUE,2/16/15,2/16/15,,10/30/14
112-NG-T30,FPQ-4044,SCMS-51240,ASN-4829,Nigeria,PMO - US,Direct Drop,FCA,Air,ARV,Adult,ABBVIE LOGISTICS (FORMERLY ABBOTT LOGISTICS BV),"Lopinavir/Ritonavir 200/50mg [Aluvia], tablets, 120 Tabs",Lopinavir/Ritonavir,Aluvia,200/50mg,Tablet,ABBVIE Ludwigshafen Germany,20666,120,500,18080,36.16,0.3,35.44,130,1599.22,TRUE,10/16/09,10/16/09,,8/12/09
114-UG-T30,FPQ-12777,SCMS-202560,ASN-22986,Uganda,PMO - US,Direct Drop,EXW,Air,ARV,Pediatric,Aurobindo Pharma Limited,"Nevirapine 10mg/ml, oral suspension w/syringe, Bottle, 100 ml",Nevirapine,Generic,10mg/ml,Oral suspension,"Aurobindo Unit III, India",20667,100,1503,1953.9,1.3,0.01,2.42,,,TRUE,12/10/13,12/12/13,,8/9/13
161-ZA-T30,FPQ-7175,SCMS-123590,ASN-13057,South Africa,PMO - US,Direct Drop,DDP,Ocean,ARV,Adult,Aurobindo Pharma Limited,"Efavirenz 600mg, tablets, 30 Tabs",Efavirenz,Generic,600mg,Tablet,"Aurobindo Unit III, India",20671,30,91772,390948.72,4.26,0.14,645.07,7797,7292.27,TRUE,1/16/12,1/23/12,,9/30/11
116-ZA-T30,FPQ-14942,SCMS-259072,ASN-30377,South Africa,PMO - US,Direct Drop,DDP,Truck,ARV,Adult,PHARMACY DIRECT,"Efavirenz 600mg, tablets, 30 Tabs",Efavirenz,Generic,600mg,Tablet,"Aurobindo Unit III, India",20684,30,153,1724.15,11.27,0.38,1.77,,,FALSE,1/26/15,1/26/15,,1/26/15
200-ZW-T30,FPQ-6488,SCMS-90651,ASN-10895,Zimbabwe,PMO - US,Direct Drop,FCA,Air,ARV,Pediatric,ABBVIE LOGISTICS (FORMERLY ABBOTT LOGISTICS BV),"Lopinavir/Ritonavir 80/20mg/ml [Kaletra], oral solution, cool, Bottle 5 x 60 ml",Lopinavir/Ritonavir,Kaletra,80/20mg/ml,Oral solution,ABBVIE (Abbott) Logis. UK,20690,300,1083,39161.28,36.16,0.12,84.43,1042,17912.6,TRUE,8/4/11,8/4/11,,11/10/10
108-VN-T30,FPQ-10286,SCMS-156130,ASN-17075,Vietnam,PMO - US,Direct Drop,EXW,Air,ARV,Pediatric,Aurobindo Pharma Limited,"Nevirapine 10mg/ml, oral suspension w/syringe, Bottle, 240 ml",Nevirapine,Generic,10mg/ml,Oral suspension,"Aurobindo Unit III, India",20697,240,564,1099.8,1.95,0.01,1.54,5939,10770.55,TRUE,11/29/12,11/29/12,,8/14/12
116-ZA-T30,FPQ-14942,SCMS-259072,ASN-30377,South Africa,PMO - US,Direct Drop,DDP,Truck,ARV,Adult,PHARMACY DIRECT,"Didanosine 400mg, delayed-release capsules, 30 Caps",Didanosine,Generic,400mg,Delayed-release capsules,"Aurobindo Unit III, India",20723,30,7,99.53,14.22,0.47,0.1,,,FALSE,1/26/15,1/26/15,,1/26/15
107-RW-T30,FPQ-8932,SCMS-129780,ASN-13341,Rwanda,PMO - US,Direct Drop,EXW,Ocean,ARV,Adult,Aurobindo Pharma Limited,"Lamivudine/Tenofovir Disoproxil Fumarate 300/300mg, tablets, 30 Tabs",Lamivudine/Tenofovir Disoproxil Fumarate,Generic,300/300mg,Tablet - FDC,"Aurobindo Unit VII, IN",20735,30,132000,706200,5.35,0.18,990.09,12886,102761.99,TRUE,4/13/12,4/13/12,,12/13/11
114-UG-T30,FPQ-14325,SCMS-244400,ASN-28662,Uganda,PMO - US,Direct Drop,CIP,Air,ARV,Adult,MERCK SHARP & DOHME IDEA GMBH (FORMALLY MERCK SHARP & DOHME B.V.),"Raltegravir 400mg [Isentress], tablets, 60 Tabs",Raltegravir,Isentress,400mg,Tablet,"MSD, Haarlem, NL",20761,60,1299,72094.5,55.5,0.92,74.11,137,309.95,TRUE,10/28/14,10/28/14,,6/23/14
116-ZA-T30,FPQ-14942,SCMS-259079,ASN-33852,South Africa,PMO - US,Direct Drop,DDP,Truck,ARV,Adult,PHARMACY DIRECT,"Lamivudine 150mg, tablets, 60 Tabs",Lamivudine,Generic,150mg,Tablet,"Aurobindo Unit III, India",20774,60,119,839.15,7.05,0.12,0.86,,,FALSE,8/24/15,8/24/15,,10/9/14
901-CM-T30,FPQ-12837,SCMS-204360,ASN-21528,Cameroon,PMO - US,Direct Drop,EXW,Air,ARV,Adult,CIPLA LIMITED,"Lamivudine/Zidovudine 150/300mg, tablets, 60 Tabs",Lamivudine/Zidovudine,Generic,150/300mg,Tablet - FDC,"Cipla, Goa, India",20824,60,59,388.81,6.59,0.11,0.48,23,1067.02,TRUE,9/26/13,9/26/13,,8/23/13
108-VN-T30,FPQ-6384,SCMS-87700,ASN-9709,Vietnam,PMO - US,Direct Drop,FCA,Air,ARV,Adult,ABBVIE LOGISTICS (FORMERLY ABBOTT LOGISTICS BV),"Ritonavir 100mg [Norvir], capsules, cool, 4 x 84 Caps",Ritonavir,Norvir,100mg,Capsule,ABBVIE (Abbott) Logis. UK,20878,336,12,2478.12,206.51,0.61,5.34,51,4042.47,TRUE,2/24/11,2/24/11,,10/14/10
109-TZ-T30,FPQ-6925,SCMS-97120,ASN-9973,Tanzania,PMO - US,Direct Drop,EXW,Air,HRDT,HIV test,"Standard Diagnostics, Inc.","HIV 1/2, Bioline 3.0 Kit, Lancets, Capillary pipets, Alcohol swabs included, 25 Tests","HIV 1/2, Bioline 3.0 Kit, Lancets, Capillary pipets, Alcohol swabs included",Bioline,N/A,Test kit,"Standard Diagnostics, Korea",20883,25,1520,30400,20,0.8,50.16,507,4329.08,TRUE,5/16/11,5/16/11,,2/2/11
106-HT-T30,FPQ-9066,SCMS-138580,ASN-14408,Haiti,PMO - US,Direct Drop,EXW,Air,ARV,Adult,Aurobindo Pharma Limited,"Lopinavir/Ritonavir 200/50mg, tablets, 120 Tabs",Lopinavir/Ritonavir,Generic,200/50mg,Tablet,"Aurobindo Unit III, India",20894,120,5240,157200,30,0.25,220.39,,,FALSE,4/22/12,4/22/12,,2/24/12
116-ZA-T30,FPQ-12522,SCMS-199289,ASN-28036,South Africa,PMO - US,Direct Drop,DDP,Truck,ARV,Pediatric,S. BUYS WHOLESALER,"Lamivudine 10mg/ml, oral solution w/syringe, Bottle, 240 ml",Lamivudine,Generic,10mg/ml,Oral solution,"Aurobindo Unit III, India",20908,240,43,339.26,7.89,0.03,0.42,,,FALSE,8/29/14,8/29/14,,8/29/14
116-ZA-T30,FPQ-14942,SCMS-259073,ASN-30671,South Africa,PMO - US,Direct Drop,DDP,Truck,ARV,Adult,PHARMACY DIRECT,"Tenofovir Disoproxil Fumarate 300mg, tablets, 30 Tabs",Tenofovir Disoproxil Fumarate,Generic,300mg,Tablet,Mylan (formerly Matrix) Nashik,20947,30,135,1865,13.81,0.46,1.92,,,FALSE,2/12/15,2/12/15,,2/12/15
116-ZA-T30,FPQ-13973,SCMS-238556,ASN-31854,South Africa,PMO - US,Direct Drop,DDP,Truck,ARV,Adult,PHARMACY DIRECT,"Didanosine 400mg, delayed-release capsules, 30 Caps",Didanosine,Generic,400mg,Delayed-release capsules,"Aurobindo Unit III, India",20952,30,4,78.7,19.68,0.66,0.08,,,TRUE,4/28/15,4/28/15,,4/28/15
108-VN-T30,FPQ-11560,SCMS-177620,ASN-20368,Vietnam,PMO - US,Direct Drop,EXW,Air,ARV,Adult,MYLAN LABORATORIES LTD (FORMERLY MATRIX LABORATORIES),"Efavirenz/Lamivudine/Tenofovir Disoproxil Fumarate 600/300/300mg, tablets, 30 Tabs",Efavirenz/Lamivudine/Tenofovir Disoproxil Fumarate,Generic,600/300/300mg,Tablet - FDC,Mylan (formerly Matrix) Nashik,20961,30,27122,311631.78,11.49,0.38,385.49,2843,9740.27,TRUE,8/1/13,8/1/13,,2/13/13
107-RW-T30,FPQ-13874,SCMS-232310,ASN-25925,Rwanda,PMO - US,Direct Drop,EXW,Air,HRDT,HIV test,"SHANGHAI KEHUA BIOENGINEERING CO.,LTD.  (KHB)","HIV 1/2, SKB Colloidal Gold, Diagnostic Kit, Antibody, 50 Tests","HIV 1/2, Colloidal Gold, Diagnostic Kit, Antibody",Colloidal Gold,N/A,Test kit,"KHB Test Kit Facility, Shanghai China",20969,1,4156,101822,24.5,24.5,104.67,2771,36502.8,TRUE,4/28/14,6/16/14,,4/3/14
116-ZA-T30,FPQ-12522,SCMS-199283,ASN-27975,South Africa,PMO - US,Direct Drop,DDP,Truck,ARV,Adult,S. BUYS WHOLESALER,"Tenofovir Disoproxil Fumarate 300mg, tablets, 30 Tabs",Tenofovir Disoproxil Fumarate,Generic,300mg,Tablet,"Aurobindo Unit III, India",20975,30,1,22.6,22.6,0.75,0.03,,,TRUE,8/27/14,8/27/14,,8/27/14
106-HT-T30,FPQ-14083,SCMS-240120,ASN-26692,Haiti,PMO - US,Direct Drop,FCA,Air,ARV,Pediatric,ABBVIE LOGISTICS (FORMERLY ABBOTT LOGISTICS BV),"Lopinavir/Ritonavir 100/25mg [Aluvia], tablets, 60 Tabs",Lopinavir/Ritonavir,Generic,100/25mg,Tablet,ABBVIE Ludwigshafen Germany,21000,60,520,3088.8,5.94,0.1,3.18,65,892.5,TRUE,9/9/14,9/9/14,,5/28/14
116-ZA-T30,FPQ-12522,SCMS-199289,ASN-28037,South Africa,PMO - US,Direct Drop,DDP,Truck,ARV,Adult,S. BUYS WHOLESALER,"Didanosine 400mg, delayed-release capsules, 30 Caps",Didanosine,Generic,400mg,Delayed-release capsules,"Aurobindo Unit III, India",21028,30,23,499.23,21.71,0.72,0.62,,,FALSE,8/29/14,8/29/14,,8/29/14
110-ZM-T30,FPQ-13224,SCMS-215200,ASN-23390,Zambia,PMO - US,Direct Drop,FCA,Air,ARV,Pediatric,ABBVIE LOGISTICS (FORMERLY ABBOTT LOGISTICS BV),"Lopinavir/Ritonavir 80/20mg/ml [Kaletra], oral solution, cool, Bottle 5 x 60 ml",Lopinavir/Ritonavir,Kaletra,80/20mg/ml,Oral solution,ABBVIE (Abbott) Logis. UK,21033,300,2569,79176.58,30.82,0.1,81.39,2410,14384.91,TRUE,2/7/14,2/7/14,,11/19/13
114-UG-T30,FPQ-6918,SCMS-96930,ASN-10455,Uganda,PMO - US,Direct Drop,CIP,Air,ARV,Adult,MERCK SHARP & DOHME IDEA GMBH (FORMALLY MERCK SHARP & DOHME B.V.),"Raltegravir 400mg [Isentress], tablets, 60 Tabs",Raltegravir,Isentress,400mg,Tablet,"MSD, Haarlem, NL",21037,60,55,5032.5,91.5,1.52,8.3,6,99,TRUE,4/19/11,4/19/11,,1/21/11
108-VN-T30,FPQ-12539,SCMS-199800,ASN-22999,Vietnam,PMO - US,Direct Drop,EXW,Air,ARV,Adult,MYLAN LABORATORIES LTD (FORMERLY MATRIX LABORATORIES),"Lamivudine/Zidovudine 150/300mg, tablets, 60 Tabs",Lamivudine/Zidovudine,Generic,150/300mg,Tablet - FDC,Mylan (formerly Matrix) Nashik,21044,60,1652,10721.48,6.49,0.11,13.26,146,746.89,TRUE,12/23/13,12/23/13,,8/2/13
107-RW-T30,FPQ-12518,SCMS-198222,ASN-24718,Rwanda,PMO - US,Direct Drop,EXW,Air,HRDT,HIV test,"SHANGHAI KEHUA BIOENGINEERING CO.,LTD.  (KHB)","HIV 1/2, SKB Colloidal Gold, Diagnostic Kit, Antibody, 50 Tests","HIV 1/2, Colloidal Gold, Diagnostic Kit, Antibody",Colloidal Gold,N/A,Test kit,"KHB Test Kit Facility, Shanghai China",21045,1,2988,73206,24.5,24.5,90.56,1992,26266.34,TRUE,3/27/14,3/27/14,,8/12/13
111-MZ-T30,FPQ-4108,SCMS-52430,ASN-5474,Mozambique,PMO - US,Direct Drop,FCA,Air,ARV,Adult,Hoffmann-La Roche ltd Basel,"Saquinavir 200mg [Invirase], capsules, 270 Caps",Saquinavir,Invirase,200mg,Capsule,Roche Basel,21061,270,168,15864.66,94.43,0.35,31.09,86,1242.33,TRUE,11/23/09,11/23/09,,9/3/09
101-KE-T30,FPQ-11883,SCMS-184970,ASN-20150,Kenya,PMO - US,Direct Drop,EXW,Air,HRDT,HIV test,Premier Medical Corporation Ltd.,"HIV 1/2/O, First Response HIV 1-2.0, v.3.0 Cards Kit, 30 Tests","HIV 1/2/O, First Response HIV 1-2.0, v.3.0 Cards Kit",First Response,N/A,Test kit,Premier Med. Corp Ltd. India,21076,30,6667,146674,22,0.73,181.44,2020,10682.41,TRUE,8/5/13,8/5/13,,5/15/13
106-HT-T30,FPQ-9635,SCMS-148440,ASN-15571,Haiti,PMO - US,Direct Drop,EXW,Ocean,ARV,Pediatric,MYLAN LABORATORIES LTD (FORMERLY MATRIX LABORATORIES),"Lamivudine/Nevirapine/Zidovudine 30/50/60mg, dispersible tablets, 60 Tabs",Lamivudine/Nevirapine/Zidovudine,Generic,30/50/60mg,Chewable/dispersible tablet - FDC,Mylan (formerly Matrix) Nashik,21091,60,5324,22094.6,4.15,0.07,30.98,4654,8538.03,TRUE,10/22/12,10/22/12,,6/28/12
161-ZA-T30,FPQ-5303,SCMS-68940,ASN-8040,South Africa,PMO - US,Direct Drop,DDP,Air,ARV,Adult,Aurobindo Pharma Limited,"Efavirenz 600mg, tablets, 30 Tabs",Efavirenz,Generic,600mg,Tablet,"Aurobindo Unit III, India",21092,30,34560,161395.2,4.67,0.16,347.97,3240,4263.07,TRUE,9/7/10,10/15/10,,3/19/10
900-SS-T30,FPQ-8611,SCMS-127510,ASN-13212,South Sudan,PMO - US,Direct Drop,EXW,Air,HRDT,HIV test,"Orgenics, Ltd","HIV 1/2, Determine Complete HIV Kit, 100 Tests","HIV 1/2, Determine Complete HIV Kit",Determine,N/A,Test kit,"Alere Medical Co., Ltd.",21096,100,470,41830,89,0.89,58.65,244,7428.38,TRUE,2/8/12,2/8/12,,11/16/11
109-TZ-T30,FPQ-6728,SCMS-94240,ASN-9436,Tanzania,PMO - US,Direct Drop,EXW,Air,ARV,Pediatric,EMCURE PHARMACEUTICALS LTD,"Atazanavir 150mg, capsules, 60 Caps",Atazanavir,Generic,150mg,Capsule,"Emcure Plot No.P-2, I.T-B.T. Park, Phase II, MIDC, Hinjwadi, Pune, India",21125,60,1135,29612.15,26.09,0.43,48.86,103,1308.4,TRUE,3/10/11,3/10/11,,12/9/10
202-GT-T30,FPQ-6944,SCMS-98040,ASN-12152,Guatemala,PMO - US,Direct Drop,DDU,Air,ARV,Pediatric,IDIS LIMITED,"Didanosine 50mg [Videx], chewable tablets, 60 Tabs",Didanosine,Videx,50mg,Chewable/dispersible tablet,"BMS Meymac, France",21143,60,192,14519.04,75.62,1.26,23.96,,,TRUE,9/12/11,9/12/11,,1/25/11
133-NG-T30,FPQ-5815,SCMS-77240,ASN-7561,Nigeria,PMO - US,Direct Drop,EXW,Air,HRDT,HIV test,"Trinity Biotech, Plc","HIV 1/2, Uni-Gold HIV Kit, 20 Tests","HIV 1/2, Uni-Gold HIV Kit",Uni-Gold,N/A,Test kit,"Trinity Biotech, Plc",21147,20,7000,224000,32,1.6,482.94,2373,29878.21,TRUE,7/22/10,7/22/10,,6/28/10
104-CI-T30,FPQ-3882,SCMS-51810,ASN-4979,Côte d'Ivoire,PMO - US,Direct Drop,FCA,Air,ARV,Adult,ABBVIE LOGISTICS (FORMERLY ABBOTT LOGISTICS BV),"Lopinavir/Ritonavir 200/50mg [Aluvia], tablets, 120 Tabs",Lopinavir/Ritonavir,Aluvia,200/50mg,Tablet,ABBVIE Ludwigshafen Germany,21174,120,11480,415116.8,36.16,0.3,813.63,4794,28238.31,TRUE,10/8/09,10/8/09,,8/24/09
116-ZA-T30,FPQ-13214,SCMS-215410,ASN-23875,South Africa,PMO - US,Direct Drop,DDP,Truck,ARV,Adult,S. BUYS WHOLESALER,"Tenofovir Disoproxil Fumarate 300mg, tablets, 30 Tabs",Tenofovir Disoproxil Fumarate,Generic,300mg,Tablet,Hetero Unit III Hyderabad IN,21175,30,1485,27749.02,18.69,0.62,28.53,,,FALSE,1/13/14,1/13/14,,12/2/13
127-KE-T30,FPQ-7684,SCMS-109250,ASN-11441,Kenya,PMO - US,Direct Drop,EXW,Air,HRDT,HIV test,"Orgenics, Ltd","HIV 1/2, Determine Complete HIV Kit, 100 Tests","HIV 1/2, Determine Complete HIV Kit",Determine,N/A,Test kit,Inverness Japan,21193,100,8331,741459,89,0.89,1223.41,1980,37548.87,TRUE,8/9/11,8/11/11,,5/19/11
106-HT-T30,FPQ-13797,SCMS-233920,ASN-27200,Haiti,PMO - US,Direct Drop,FCA,Air,ARV,Pediatric,ABBVIE LOGISTICS (FORMERLY ABBOTT LOGISTICS BV),"Lopinavir/Ritonavir 80/20mg/ml [Kaletra], oral solution, cool, Bottle 5 x 60 ml",Lopinavir/Ritonavir,Kaletra,80/20mg/ml,Oral solution,ABBVIE (Abbott) Logis. UK,21199,300,40,1232.8,30.82,0.1,1.27,61,1257.16,TRUE,8/29/14,8/29/14,,4/28/14
109-TZ-T30,FPQ-13927,SCMS-232850,ASN-25559,Tanzania,PMO - US,Direct Drop,EXW,Air,ARV,Pediatric,MYLAN LABORATORIES LTD (FORMERLY MATRIX LABORATORIES),"Lamivudine/Nevirapine/Zidovudine 30/50/60mg, dispersible tablets, 60 Tabs",Lamivudine/Nevirapine/Zidovudine,Generic,30/50/60mg,Chewable/dispersible tablet - FDC,Mylan (formerly Matrix) Nashik,21217,60,36000,129600,3.6,0.06,133.23,2205,9815.52,TRUE,6/24/14,6/24/14,,3/27/14
109-TZ-T30,FPQ-12286,SCMS-193860,ASN-21926,Tanzania,PMO - US,Direct Drop,EXW,Air,ARV,Adult,HETERO LABS LIMITED,"Efavirenz/Lamivudine/Tenofovir Disoproxil Fumarate 600/300/300mg, tablets, 30 Tabs",Efavirenz/Lamivudine/Tenofovir Disoproxil Fumarate,Generic,600/300/300mg,Tablet - FDC,Hetero Unit III Hyderabad IN,21230,30,200000,2100000,10.5,0.35,2597.7,28168,127285.48,TRUE,11/21/13,11/21/13,,6/11/13
161-ZA-T30,FPQ-6708,SCMS-93490,ASN-10251,South Africa,PMO - US,Direct Drop,DDP,Ocean,ARV,Pediatric,Aurobindo Pharma Limited,"Nevirapine 10mg/ml, oral suspension w/syringe, Bottle, 240 ml",Nevirapine,Generic,10mg/ml,Oral suspension,"Aurobindo Unit III, India",21276,240,4529,9601.48,2.12,0.01,15.84,1679,3524.93,TRUE,4/4/11,5/27/11,,12/14/10
101-CD-T30,FPQ-11103,SCMS-170580,ASN-18701,"Congo, DRC",PMO - US,Direct Drop,EXW,Air,ARV,Pediatric,Aurobindo Pharma Limited,"Nevirapine 50mg, dispersible tablets (tablets for oral suspension), 30 Tabs",Nevirapine,Generic,50mg,Chewable/dispersible tablet,"Aurobindo Unit III, India",21279,30,984,1230,1.25,0.04,1.52,53,938.05,TRUE,7/11/13,7/11/13,,1/3/13
109-TZ-T30,FPQ-5437,SCMS-71420,ASN-7131,Tanzania,PMO - US,Direct Drop,EXW,Air,ARV,Pediatric,EMCURE PHARMACEUTICALS LTD,"Atazanavir 150mg, capsules, 60 Caps",Atazanavir,Generic,150mg,Capsule,"Emcure Plot No.P-2, I.T-B.T. Park, Phase II, MIDC, Hinjwadi, Pune, India",21301,60,1065,27785.85,26.09,0.43,59.91,112,1122.07,TRUE,8/2/10,8/2/10,,4/23/10
116-ZA-T30,FPQ-5535,SCMS-71370,ASN-7373,South Africa,PMO - US,Direct Drop,DDP,Truck,ARV,Adult,S. BUYS WHOLESALER,"Efavirenz 600mg, tablets, 30 Tabs",Efavirenz,Generic,600mg,Tablet,"Cipla, Goa, India",21336,30,1500,29714.49,19.81,0.66,64.06,,,FALSE,5/31/10,5/31/10,,4/21/10
116-ZA-T30,FPQ-11828,SCMS-183950,ASN-19166,South Africa,South Africa Field Office,Direct Drop,DDP,Truck,ARV,Adult,S. BUYS WHOLESALER,"Lamivudine/Zidovudine 150/300mg [Combivir], tablets, 60 Tabs",Lamivudine/Zidovudine,Combivir,150/300mg,Tablet - FDC,"GSK, U1, Poznan, Poland",21338,60,39,746.32,19.14,0.32,0.92,,,FALSE,4/16/13,4/16/13,,
114-UG-T30,FPQ-12777,SCMS-202560,ASN-22985,Uganda,PMO - US,Direct Drop,EXW,Air,ARV,Pediatric,Aurobindo Pharma Limited,"Nevirapine 10mg/ml, oral suspension w/syringe, Bottle, 100 ml",Nevirapine,Generic,10mg/ml,Oral suspension,"Aurobindo Unit III, India",21378,100,10368,13478.4,1.3,0.01,16.67,,,TRUE,12/10/13,12/12/13,,8/9/13
110-ZM-T30,FPQ-6263,SCMS-87290,ASN-9000,Zambia,PMO - US,Direct Drop,EXW,Air,HRDT,HIV test,"Orgenics, Ltd","HIV 1/2, Determine Complete HIV Kit, 100 Tests","HIV 1/2, Determine Complete HIV Kit",Determine,N/A,Test kit,Inverness Japan,21380,100,2415,193200,80,0.8,416.54,1167,19610.11,TRUE,12/17/10,12/21/10,,10/7/10
108-VN-T30,FPQ-14516,SCMS-251671,ASN-29771,Vietnam,PMO - US,Direct Drop,EXW,Air,ARV,Adult,MYLAN LABORATORIES LTD (FORMERLY MATRIX LABORATORIES),"Abacavir 300mg, tablets, 60 Tabs",Abacavir,Generic,300mg,Tablet,Mylan (formerly Matrix) Nashik,21390,60,1200,13308,11.09,0.18,13.68,128,1069.31,TRUE,1/15/15,1/15/15,,11/24/14
116-ZA-T30,FPQ-14942,SCMS-259072,ASN-30377,South Africa,PMO - US,Direct Drop,DDP,Truck,ARV,Adult,PHARMACY DIRECT,"Lamivudine 150mg, tablets, 60 Tabs",Lamivudine,Generic,150mg,Tablet,"Aurobindo Unit III, India",21399,60,191,1261.81,6.61,0.11,1.3,,,FALSE,1/26/15,1/26/15,,1/26/15
114-UG-T30,FPQ-12477,SCMS-198541,ASN-22494,Uganda,PMO - US,Direct Drop,EXW,Air,ARV,Adult,CIPLA LIMITED,"Lamivudine/Nevirapine/Zidovudine 150/200/300mg, tablets, 60 Tabs",Lamivudine/Nevirapine/Zidovudine,Generic,150/300/200mg,Tablet - FDC,"Cipla, Goa, India",21414,60,60929,493524.9,8.1,0.13,610.49,8638,30764.18,TRUE,11/16/13,11/16/13,,9/10/13
105-SS-T30,FPQ-15569,SCMS-272170,ASN-32106,South Sudan,PMO - US,Direct Drop,EXW,Air,HRDT,HIV test - Ancillary,"Orgenics, Ltd","Chase Buffer, Determine, 100 Tests, 2.5ml x 1 Vial","Chase Buffer, Determine, 100 Tests, 2.5ml x 1 Vial",Determine,N/A,Test kit - Ancillary,"Alere Medical Co., Ltd.",21469,1,20,100,5,5,0.12,,,FALSE,7/2/15,7/7/15,,2/20/15
116-ZA-T30,FPQ-13973,SCMS-238551,ASN-26882,South Africa,PMO - US,Direct Drop,DDP,Truck,ARV,Pediatric,PHARMACY DIRECT,"Abacavir 20mg/ml, oral solution, Bottle, 240 ml",Abacavir,Generic,20mg/ml,Oral solution,"Aurobindo Unit III, India",21478,240,24,588.25,24.51,0.1,0.6,,,TRUE,6/25/14,6/25/14,,6/25/14
108-VN-T30,FPQ-13976,SCMS-236060,ASN-27813,Vietnam,PMO - US,Direct Drop,EXW,Air,ARV,Adult,HETERO LABS LIMITED,"Efavirenz/Lamivudine/Tenofovir Disoproxil Fumarate 600/300/300mg, tablets, 30 Tabs",Efavirenz/Lamivudine/Tenofovir Disoproxil Fumarate,Generic,600/300/300mg,Tablet - FDC,Hetero Unit III Hyderabad IN,21480,30,14780,155190,10.5,0.35,159.54,1671,2718.03,TRUE,9/22/14,9/15/14,,4/30/14
114-UG-T30,FPQ-11098,SCMS-171680,ASN-18883,Uganda,PMO - US,Direct Drop,EXW,Air,HRDT,HIV test,"Orgenics, Ltd","HIV 1/2, Determine Complete HIV Kit, 100 Tests","HIV 1/2, Determine Complete HIV Kit",Determine,N/A,Test kit,"Alere Medical Co., Ltd.",21491,100,2957,236560,80,0.8,292.62,1313,31917.19,TRUE,4/29/13,4/29/13,,1/2/13
102-BI-T30,FPQ-12580,SCMS-199580,ASN-21349,Burundi,PMO - US,Direct Drop,EXW,Air,HRDT,HIV test,"CHEMBIO DIAGNOSTIC SYSTEMS, INC.","HIV 1/2, Stat-Pak Dipstick Assay Kit, 30 Tests","HIV 1/2, Stat-Pak Dipstick Assay Kit",Stat-Pak,N/A,Test kit,Chembio Diagnostics Sys. Inc.,21493,30,1249,34472.4,27.6,0.92,42.64,145,1682.15,TRUE,9/20/13,9/20/13,,7/31/13
116-ZA-T30,FPQ-13973,SCMS-238553,ASN-28021,South Africa,PMO - US,Direct Drop,DDP,Truck,ARV,Pediatric,PHARMACY DIRECT,"Abacavir 20mg/ml, oral solution, Bottle, 240 ml",Abacavir,Generic,20mg/ml,Oral solution,"Aurobindo Unit III, India",21525,240,60,1470.62,24.51,0.1,1.51,,,FALSE,8/28/14,8/28/14,,8/28/14
110-PK-T30,FPQ-9896,SCMS-149790,ASN-23519,Pakistan,PMO - US,Direct Drop,EXW,Air,HRDT,HIV test,INVERNESS MEDICAL INNOVATIONS HONG KONG LTD,"HIV 1/2, Determine Complete HIV Kit, 100 Tests","HIV 1/2, Determine Complete HIV Kit",Determine,N/A,Test kit,"Alere Medical Co., Ltd.",21536,100,4484,358720,80,0.8,502.93,1744,19489.83,TRUE,3/17/14,3/17/14,,7/9/12
116-ZA-T30,FPQ-12522,SCMS-199289,ASN-28036,South Africa,PMO - US,Direct Drop,DDP,Truck,ARV,Adult,S. BUYS WHOLESALER,"Zidovudine 300mg, tablets, 60 Tabs",Zidovudine,Generic,300mg,Tablet,"Aurobindo Unit III, India",21540,60,17,460.89,27.11,0.45,0.57,,,FALSE,8/29/14,8/29/14,,8/29/14
108-VN-T30,FPQ-11418,SCMS-176180,ASN-19098,Vietnam,PMO - US,Direct Drop,EXW,Air,ARV,Pediatric,Aurobindo Pharma Limited,"Nevirapine 10mg/ml, oral suspension w/syringe, Bottle, 240 ml",Nevirapine,Generic,10mg/ml,Oral suspension,"Aurobindo Unit III, India",21556,240,837,1548.45,1.85,0.01,1.92,526,6368.02,TRUE,5/22/13,5/22/13,,2/5/13
103-ZW-T30,FPQ-9905,SCMS-149110,ASN-18802,Zimbabwe,PMO - US,Direct Drop,FCA,Air,ARV,Pediatric,ABBVIE LOGISTICS (FORMERLY ABBOTT LOGISTICS BV),"Lopinavir/Ritonavir 80/20mg/ml [Kaletra], oral solution, cool, Bottle 5 x 60 ml",Lopinavir/Ritonavir,Kaletra,80/20mg/ml,Oral solution,ABBVIE (Abbott) Logis. UK,21557,300,846,26073.72,30.82,0.1,36.56,798,9299.26,TRUE,4/25/13,4/25/13,,7/18/12
109-TZ-T30,FPQ-13927,SCMS-233190,ASN-25567,Tanzania,PMO - US,Direct Drop,EXW,Ocean,ARV,Pediatric,MYLAN LABORATORIES LTD (FORMERLY MATRIX LABORATORIES),"Lamivudine/Nevirapine/Zidovudine 30/50/60mg, dispersible tablets, 60 Tabs",Lamivudine/Nevirapine/Zidovudine,Generic,30/50/60mg,Chewable/dispersible tablet - FDC,Mylan (formerly Matrix) Nashik,21563,60,115000,414000,3.6,0.06,425.59,10504,28270.78,TRUE,5/27/14,5/27/14,,3/31/14
104-CI-T30,FPQ-7325,SCMS-106580,ASN-11773,Côte d'Ivoire,PMO - US,Direct Drop,EXW,Air,HRDT,HIV test,"Standard Diagnostics, Inc.","HIV 1/2, Bioline 3.0 Kit, Lancets, Capillary pipets, Alcohol swabs included, 25 Tests","HIV 1/2, Bioline 3.0 Kit, Lancets, Capillary pipets, Alcohol swabs included",Bioline,N/A,Test kit,"Standard Diagnostics, Korea",21568,25,1209,24180,20,0.8,39.9,403,5639.42,TRUE,9/12/11,9/12/11,,5/5/11
101-CD-T30,FPQ-13548,SCMS-224850,ASN-25795,"Congo, DRC",PMO - US,Direct Drop,DDP,Truck,HRDT,HIV test - Ancillary,WAGENIA,"Chase Buffer, Determine, 100 Tests, 2.5ml x 1 Vial","Chase Buffer, Determine, 100 Tests, 2.5ml x 1 Vial",Determine,N/A,Test kit - Ancillary,"Alere Medical Co., Ltd.",21573,1,2500,18775,7.51,7.51,19.3,,,TRUE,4/7/14,4/7/14,,1/30/14
108-VN-T30,FPQ-14516,SCMS-249140,ASN-29592,Vietnam,PMO - US,Direct Drop,FCA,Air,ARV,Adult,ABBVIE LOGISTICS (FORMERLY ABBOTT LOGISTICS BV),"Lopinavir/Ritonavir 200/50mg [Aluvia], tablets, 120 Tabs",Lopinavir/Ritonavir,Aluvia,200/50mg,Tablet,ABBVIE Ludwigshafen Germany,21576,120,5600,340592,60.82,0.51,350.13,1368,4489.32,TRUE,1/16/15,1/16/15,,8/11/14
104-CI-T30,FPQ-6024,SCMS-80900,ASN-8019,Côte d'Ivoire,PMO - US,Direct Drop,CIP,Air,ARV,Pediatric,BRISTOL-MYERS SQUIBB,"Didanosine 25mg [Videx], chewable tablets, 60 Tabs",Didanosine,Videx,25mg,Chewable/dispersible tablet,"BMS Meymac, France",21590,60,415,2905,7,0.12,6.26,,,FALSE,9/8/10,9/8/10,,8/2/10
161-ZA-T30,FPQ-6708,SCMS-93490,ASN-10129,South Africa,PMO - US,Direct Drop,DDP,Ocean,ARV,Pediatric,Aurobindo Pharma Limited,"Nevirapine 10mg/ml, oral suspension w/syringe, Bottle, 240 ml",Nevirapine,Generic,10mg/ml,Oral suspension,"Aurobindo Unit III, India",21606,240,3971,8418.52,2.12,0.01,13.89,1472,3524.95,TRUE,4/4/11,4/4/11,,12/14/10
110-ZM-T30,FPQ-14151,SCMS-240080,ASN-26468,Zambia,PMO - US,Direct Drop,EXW,Air,ARV,Adult,Aurobindo Pharma Limited,"Nevirapine 200mg, tablets, 60 Tabs",Nevirapine,Generic,200mg,Tablet,"Aurobindo Unit III, India",21656,60,42813,96329.25,2.25,0.04,99.03,4369,22508.32,TRUE,7/20/14,7/20/14,,5/21/14
108-VN-T30,FPQ-16194,SCMS-285450,ASN-33290,Vietnam,PMO - US,Direct Drop,EXW,Air,ARV,Adult,Aurobindo Pharma Limited,"Efavirenz 600mg, tablets, 30 Tabs",Efavirenz,Generic,600mg,Tablet,"Aurobindo Unit III, India",21666,30,5000,16500,3.3,0.11,19.42,,,TRUE,9/7/15,9/7/15,,5/11/15
108-VN-T30,FPQ-8428,SCMS-123600,ASN-13410,Vietnam,PMO - US,Direct Drop,EXW,Air,ARV,Adult,Aurobindo Pharma Limited,"Lamivudine/Zidovudine 150/300mg, tablets, 60 Tabs",Lamivudine/Zidovudine,Generic,150/300mg,Tablet - FDC,"Aurobindo Unit III, India",21674,60,15211,120927.45,7.95,0.13,199.53,,,FALSE,2/18/12,2/18/12,,10/4/11
108-VN-T30,FPQ-10811,SCMS-164570,ASN-18408,Vietnam,PMO - US,Direct Drop,EXW,Air,ARV,Adult,MYLAN LABORATORIES LTD (FORMERLY MATRIX LABORATORIES),"Efavirenz/Lamivudine/Tenofovir Disoproxil Fumarate 600/300/300mg, tablets, 30 Tabs",Efavirenz/Lamivudine/Tenofovir Disoproxil Fumarate,Generic,600/300/300mg,Tablet - FDC,Mylan (formerly Matrix) Nashik,21705,30,23389,268739.62,11.49,0.38,332.43,2741,4802.92,TRUE,3/18/13,3/18/13,,11/7/12
901-CM-T30,FPQ-12837,SCMS-204360,ASN-21530,Cameroon,PMO - US,Direct Drop,EXW,Air,ARV,Adult,CIPLA LIMITED,"Lamivudine/Zidovudine 150/300mg, tablets, 60 Tabs",Lamivudine/Zidovudine,Generic,150/300mg,Tablet - FDC,"Cipla, Goa, India",21706,60,47268,311496.12,6.59,0.11,385.32,4549,36166.79,TRUE,9/26/13,9/26/13,,8/23/13
102-GY-T30,FPQ-6501,SCMS-89530,ASN-8827,Guyana,PMO - US,Direct Drop,EXW,Air,HRDT,HIV test,"CHEMBIO DIAGNOSTIC SYSTEMS, INC.","HIV 1/2, Stat-Pak HIV, Kit, 20 Tests","HIV 1/2, Stat-Pak HIV, Kit",Stat-Pak,N/A,Test kit,Chembio Diagnostics Sys. Inc.,21742,20,40,1080,27,1.35,1.78,14,269.98,TRUE,11/19/10,11/19/10,,10/27/10
108-VN-T30,FPQ-5317,SCMS-69250,ASN-7661,Vietnam,PMO - US,Direct Drop,EXW,Air,ARV,Adult,Aurobindo Pharma Limited,"Didanosine 250mg, delayed-release capsules, 30 Caps",Didanosine,Generic,250mg,Delayed-release capsules,"Aurobindo Unit III, India",21752,30,252,3276,13,0.43,7.06,1553,13320.8,TRUE,8/13/10,8/13/10,,3/25/10
116-ZA-T30,FPQ-13973,SCMS-238555,ASN-29255,South Africa,PMO - US,Direct Drop,DDP,Truck,ARV,Adult,PHARMACY DIRECT,"Etravirine 100mg [Intelence], tablets, 120 Tabs",Etravirine,Intelence,100mg,Tablet,"Janssen-Cilag, Latina, IT",21755,120,12,424.25,35.35,0.29,0.44,,,FALSE,11/5/14,11/5/14,,11/4/14
108-VN-T30,FPQ-4720,SCMS-62480,ASN-6191,Vietnam,PMO - US,Direct Drop,EXW,Air,ARV,Adult,CIPLA LIMITED,"Lamivudine/Nevirapine/Stavudine 150/200/30mg, tablets, 60 Tabs",Lamivudine/Nevirapine/Stavudine,Generic,150/200/30mg,Tablet - FDC,"Cipla, Goa, India",21795,60,15040,86329.6,5.74,0.1,186.13,1481,6390.83,TRUE,3/13/10,3/13/10,,1/12/10
114-UG-T30,FPQ-12290,SCMS-192060,ASN-22498,Uganda,PMO - US,Direct Drop,FCA,Air,ARV,Adult,ABBVIE LOGISTICS (FORMERLY ABBOTT LOGISTICS BV),"Ritonavir 100mg [Norvir], film coated tablets, 60 Tabs",Ritonavir,Norvir,100mg,Tablet,ABBVIE Ludwigshafen Germany,21825,60,417,2856.45,6.85,0.11,3.53,65,887.67,TRUE,11/15/13,11/15/13,,6/13/13
116-ZA-T30,FPQ-12522,SCMS-199289,ASN-28034,South Africa,PMO - US,Direct Drop,DDP,Truck,ARV,Adult,S. BUYS WHOLESALER,"Didanosine 400mg, delayed-release capsules, 30 Caps",Didanosine,Generic,400mg,Delayed-release capsules,"Aurobindo Unit III, India",21839,30,20,434.11,21.71,0.72,0.54,,,FALSE,8/29/14,8/29/14,,8/29/14
161-ZA-T30,FPQ-7175,SCMS-103430,ASN-11393,South Africa,PMO - US,Direct Drop,DDP,Ocean,ARV,Adult,Aurobindo Pharma Limited,"Lamivudine/Zidovudine 150/300mg, tablets, 60 Tabs",Lamivudine/Zidovudine,Generic,150/300mg,Tablet - FDC,"Aurobindo Unit III, India",21843,60,50000,421000,8.42,0.14,694.65,4603,8033.13,TRUE,9/14/11,9/14/11,,3/24/11
109-TZ-T30,FPQ-14010,SCMS-236760,ASN-25903,Tanzania,PMO - US,Direct Drop,EXW,Air,ARV,Pediatric,STRIDES ARCOLAB LIMITED,"Efavirenz 200mg, scored tablets, 90 Tabs",Efavirenz,Generic,200mg,Tablet,"Strides, Bangalore, India.",21844,90,9959,92618.7,9.3,0.1,95.21,630,3416.2,TRUE,6/24/14,6/24/14,,4/18/14
108-VN-T30,FPQ-7565,SCMS-107650,ASN-11407,Vietnam,PMO - US,Direct Drop,EXW,Air,ARV,Adult,MYLAN LABORATORIES LTD (FORMERLY MATRIX LABORATORIES),"Zidovudine 300mg, tablets, 60 Tabs",Zidovudine,Generic,300mg,Tablet,Mylan (formerly Matrix) Nashik,21868,60,12000,87000,7.25,0.12,143.55,664,6247.82,TRUE,7/27/11,7/27/11,,5/2/11
117-ET-T30,FPQ-9096,SCMS-133340,ASN-15539,Ethiopia,PMO - US,Direct Drop,EXW,Air,HRDT,HIV test,"Trinity Biotech, Plc","HIV 1/2, Uni-Gold HIV Kit, 20 Tests","HIV 1/2, Uni-Gold HIV Kit",Uni-Gold,N/A,Test kit,"Trinity Biotech, Plc",21897,20,27,864,32,1.6,1.21,10,512.31,TRUE,8/21/12,8/21/12,,1/23/12
116-ZA-T30,FPQ-14942,SCMS-259075,ASN-32138,South Africa,PMO - US,Direct Drop,DDP,Truck,ARV,Adult,PHARMACY DIRECT,"Nevirapine 200mg, tablets, 60 Tabs",Nevirapine,Generic,200mg,Tablet,"Aurobindo Unit III, India",21942,60,3,38.47,12.82,0.21,0.04,,,FALSE,5/12/15,5/12/15,,5/11/15
103-SS-T30,FPQ-11382,SCMS-173320,ASN-18203,South Sudan,PMO - US,Direct Drop,EXW,Air,HRDT,HIV test,"Trinity Biotech, Plc","HIV 1/2, Uni-Gold HIV Kit, 20 Tests","HIV 1/2, Uni-Gold HIV Kit",Uni-Gold,N/A,Test kit,"Trinity Biotech, Plc",21953,20,324,10368,32,1.6,12.83,107,2231.97,TRUE,3/27/13,3/27/13,,1/22/13
116-ZA-T30,FPQ-4770,SCMS-60170,ASN-5933,South Africa,PMO - US,Direct Drop,DDP,Truck,ARV,Adult,S. BUYS WHOLESALER,"Zidovudine 300mg [Retrovir], tablets, 60 Tabs",Zidovudine,Retrovir,300mg,Tablet,GSK Ware (UK),21983,60,500,7451.43,14.9,0.25,16.07,,,FALSE,12/29/09,12/29/09,,12/23/09
116-ZA-T30,FPQ-14942,SCMS-259086,ASN-33674,South Africa,PMO - US,Direct Drop,DDP,Truck,ARV,Pediatric,PHARMACY DIRECT,"Lopinavir/Ritonavir 80/20mg/ml [Kaletra], oral solution, cool, Bottle 5 x 60 ml",Lopinavir/Ritonavir,Kaletra,80/20mg/ml,Oral solution,ABBVIE (Abbott) Logis. UK,21988,300,3,51.42,17.14,0.06,0.05,,,TRUE,8/11/15,8/11/15,,8/11/15
106-HT-T30,FPQ-14895,SCMS-258610,ASN-30989,Haiti,PMO - US,Direct Drop,EXW,Ocean,ARV,Adult,CIPLA LIMITED,"Efavirenz/Lamivudine/Tenofovir Disoproxil Fumarate 600/300/300mg, tablets, 30 Tabs",Efavirenz/Lamivudine/Tenofovir Disoproxil Fumarate,Generic,600/300/300mg,Tablet - FDC,Cipla Ltd A-42 MIDC Mahar. IN,21997,30,38530,394932.5,10.25,0.34,405.99,5640,9481.92,TRUE,5/25/15,5/25/15,,11/14/14
107-RW-T30,FPQ-12518,SCMS-198222,ASN-24716,Rwanda,PMO - US,Direct Drop,EXW,Air,HRDT,HIV test,"SHANGHAI KEHUA BIOENGINEERING CO.,LTD.  (KHB)","HIV 1/2, SKB Colloidal Gold, Diagnostic Kit, Antibody, 50 Tests","HIV 1/2, Colloidal Gold, Diagnostic Kit, Antibody",Colloidal Gold,N/A,Test kit,"KHB Test Kit Facility, Shanghai China",22028,1,2988,73206,24.5,24.5,90.56,1992,26266.34,TRUE,3/27/14,3/27/14,,8/12/13
106-HT-T30,FPQ-11443,SCMS-180940,ASN-19819,Haiti,PMO - US,Direct Drop,EXW,Ocean,ARV,Adult,Aurobindo Pharma Limited,"Lamivudine/Zidovudine 150/300mg, tablets, 60 Tabs",Lamivudine/Zidovudine,Generic,150/300mg,Tablet - FDC,"Aurobindo Unit III, India",22045,60,14520,99026.4,6.82,0.11,122.5,,,FALSE,9/2/13,9/2/13,,3/22/13
116-ZA-T30,FPQ-3596,SCMS-50371,ASN-5866,South Africa,PMO - US,Direct Drop,DDP,Truck,ARV,Pediatric,S. BUYS WHOLESALER,"Efavirenz 50mg, capsule, 30 Caps",Efavirenz,Generic,50mg,Capsule,"Aurobindo Unit III, India",22060,30,4292,17235.27,4.02,0.13,33.78,,,TRUE,12/8/09,12/8/09,,9/22/09
114-UG-T30,FPQ-12477,SCMS-198541,ASN-22496,Uganda,PMO - US,Direct Drop,EXW,Air,ARV,Adult,CIPLA LIMITED,"Efavirenz 600mg, tablets, 30 Tabs",Efavirenz,Generic,600mg,Tablet,"Cipla, Goa, India",22069,30,50000,162000,3.24,0.11,200.39,5593,19759.68,TRUE,11/16/13,11/16/13,,9/10/13
108-VN-T30,FPQ-10287,SCMS-155710,ASN-17021,Vietnam,PMO - US,Direct Drop,FCA,Air,ARV,Adult,ABBVIE LOGISTICS (FORMERLY ABBOTT LOGISTICS BV),"Lopinavir/Ritonavir 200/50mg [Aluvia], tablets, 120 Tabs",Lopinavir/Ritonavir,Aluvia,200/50mg,Tablet,ABBVIE Ludwigshafen Germany,22073,120,5188,315534.16,60.82,0.51,442.38,1138,3622.58,TRUE,12/21/12,12/21/12,,8/14/12
111-MZ-T30,FPQ-7064,SCMS-98450,ASN-12214,Mozambique,PMO - US,Direct Drop,FCA,Air,ARV,Adult,ABBVIE LOGISTICS (FORMERLY ABBOTT LOGISTICS BV),"Ritonavir 100mg [Norvir], film coated tablets, 60 Tabs",Ritonavir,Norvir,100mg,Tablet,ABBVIE Ludwigshafen Germany,22076,60,2464,16878.4,6.85,0.11,27.85,361,3669.84,TRUE,11/8/11,11/8/11,,2/2/11
161-ZA-T30,FPQ-6262,SCMS-83820,ASN-9484,South Africa,PMO - US,Direct Drop,DDP,Ocean,ARV,Adult,Aurobindo Pharma Limited,"Efavirenz 600mg, tablets, 30 Tabs",Efavirenz,Generic,600mg,Tablet,"Aurobindo Unit III, India",22079,30,63967,289770.5,4.53,0.15,624.75,5491,15331.49,TRUE,3/10/11,3/4/11,,9/24/10
105-DO-T30,FPQ-11295,SCMS-172501,ASN-22113,Dominican Republic,PMO - US,Direct Drop,EXW,Air,HRDT,HIV test,"Orgenics, Ltd","HIV 1/2, Determine Complete HIV Kit, 100 Tests","HIV 1/2, Determine Complete HIV Kit",Determine,N/A,Test kit,"Alere Medical Co., Ltd.",22091,100,1775,163300,92,0.92,202,721,9165.29,TRUE,10/29/13,10/29/13,,1/15/13
133-NG-T30,FPQ-10349,SCMS-155310,ASN-16603,Nigeria,PMO - US,Direct Drop,EXW,Air,HRDT,HIV test,"CHEMBIO DIAGNOSTIC SYSTEMS, INC.","HIV 1/2, Stat-Pak HIV, Kit, 20 Tests","HIV 1/2, Stat-Pak HIV, Kit",Stat-Pak,N/A,Test kit,Chembio Diagnostics Sys. Inc.,22116,20,3401,98629,29,1.45,138.28,972,6418.11,TRUE,10/8/12,10/8/12,,8/10/12
106-HT-T30,FPQ-14083,SCMS-240201,ASN-27545,Haiti,PMO - US,Direct Drop,EXW,Ocean,ARV,Adult,MYLAN LABORATORIES LTD (FORMERLY MATRIX LABORATORIES),"Efavirenz/Lamivudine/Tenofovir Disoproxil Fumarate 600/300/300mg, tablets, 30 Tabs",Efavirenz/Lamivudine/Tenofovir Disoproxil Fumarate,Generic,600/300/300mg,Tablet - FDC,Mylan (formerly Matrix) Nashik,22160,30,46500,499410,10.74,0.36,513.39,5342,9195.61,TRUE,10/20/14,10/20/14,,6/2/14
116-ZA-T30,FPQ-13973,SCMS-238556,ASN-31854,South Africa,PMO - US,Direct Drop,DDP,Truck,ARV,Pediatric,PHARMACY DIRECT,"Efavirenz 50mg, capsule, 30 Caps",Efavirenz,Generic,50mg,Capsule,"Aurobindo Unit III, India",22176,30,15,45.09,3.01,0.1,0.05,,,FALSE,4/28/15,4/28/15,,4/28/15
108-VN-T30,FPQ-3896,SCMS-48260,ASN-5132,Vietnam,PMO - US,Direct Drop,EXW,Air,ARV,Adult,Aurobindo Pharma Limited,"Lamivudine/Zidovudine 150/300mg, tablets, 60 Tabs",Lamivudine/Zidovudine,Generic,150/300mg,Tablet - FDC,"Aurobindo Unit III, India",22186,60,1008,8678.88,8.61,0.14,17.01,1015,3796.95,TRUE,10/23/09,10/23/09,,6/26/09
112-NG-T30,FPQ-3635,SCMS-48420,ASN-4850,Nigeria,PMO - US,Direct Drop,CIP,Air,HRDT,HIV test,BIO-RAD LABORATORIES PTY LTD. (SOUTH AFRICA),"HIV 2, New LAV Blot 2 HIV Kit, 18 Tests","HIV 2, New LAV Blot 2 HIV Kit",LAV,N/A,Test kit,Bio-Rad Laboratories,22191,18,1,750.29,750.29,41.68,1.47,18,,TRUE,9/23/09,9/23/09,,8/5/09
108-VN-T30,FPQ-13976,SCMS-236100,ASN-28777,Vietnam,PMO - US,Direct Drop,EXW,Air,ARV,Adult,MICRO LABS LIMITED,"Efavirenz 600mg, tablets, 30 Tabs",Efavirenz,Generic,600mg,Tablet,"Micro labs, Verna, Goa, India",22196,30,21000,62580,2.98,0.1,64.33,3244,6195.84,TRUE,11/26/14,11/26/14,,4/30/14
116-ZA-T30,FPQ-14942,SCMS-259071,ASN-29597,South Africa,PMO - US,Direct Drop,DDP,Truck,ARV,Adult,PHARMACY DIRECT,"Lamivudine/Zidovudine 150/300mg, tablets, 60 Tabs",Lamivudine/Zidovudine,Generic,150/300mg,Tablet - FDC,"Aurobindo Unit III, India",22222,60,18,405.71,22.54,0.38,0.42,,,FALSE,11/28/14,11/28/14,,11/28/14
101-CD-T30,FPQ-13555,SCMS-234290,ASN-26632,"Congo, DRC",PMO - US,Direct Drop,EXW,Air,ARV,Pediatric,CIPLA LIMITED,"Lamivudine/Zidovudine 30/60mg, tablets, 60 Tabs",Lamivudine/Zidovudine,Generic,30/60mg,Tablet - FDC,"Cipla, Goa, India",22268,60,150,322.5,2.15,0.04,0.33,25,1765.03,TRUE,8/22/14,8/22/14,,5/5/14
161-ZA-T30,FPQ-5648,SCMS-75940,ASN-8443,South Africa,PMO - US,Direct Drop,DDP,Ocean,ARV,Adult,STRIDES ARCOLAB LIMITED,"Nevirapine 200mg, tablets, 60 Tabs",Nevirapine,Generic,200mg,Tablet,"Strides, Bangalore, India.",22275,60,100000,282000,2.82,0.05,607.99,6297,7526.14,TRUE,11/17/10,11/17/10,,6/17/10
116-ZA-T30,FPQ-12522,SCMS-199283,ASN-27979,South Africa,PMO - US,Direct Drop,DDP,Truck,ARV,Adult,S. BUYS WHOLESALER,"Lamivudine 150mg, tablets, 60 Tabs",Lamivudine,Generic,150mg,Tablet,Hetero Unit III Hyderabad IN,22280,60,183,1802.16,9.85,0.16,2.23,,,FALSE,8/27/14,8/27/14,,8/27/14
116-ZA-T30,FPQ-14942,SCMS-259079,ASN-33852,South Africa,PMO - US,Direct Drop,DDP,Truck,ARV,Pediatric,PHARMACY DIRECT,"Lamivudine 10mg/ml, oral solution, Bottle, 240 ml",Lamivudine,Generic,10mg/ml,Oral solution,"Aurobindo Unit III, India",22281,240,17,91.92,5.41,0.02,0.09,,,FALSE,8/24/15,8/24/15,,10/9/14
110-ZM-T30,FPQ-12252,SCMS-189240,ASN-20481,Zambia,PMO - US,Direct Drop,EXW,Air,HRDT,HIV test,"Orgenics, Ltd","HIV 1/2, Determine Complete HIV Kit, 100 Tests","HIV 1/2, Determine Complete HIV Kit",Determine,N/A,Test kit,"Alere Medical Co., Ltd.",22290,100,3038,243040,80,0.8,300.64,1259,19517.12,TRUE,8/5/13,8/9/13,,5/22/13
161-ZA-T30,FPQ-6262,SCMS-83820,ASN-9487,South Africa,PMO - US,Direct Drop,DDP,Ocean,ARV,Adult,Aurobindo Pharma Limited,"Efavirenz 600mg, tablets, 30 Tabs",Efavirenz,Generic,600mg,Tablet,"Aurobindo Unit III, India",22295,30,108129,489824.38,4.53,0.15,1056.06,9280,15331.51,TRUE,3/10/11,3/4/11,,9/24/10
108-VN-T30,FPQ-10287,SCMS-156280,ASN-17513,Vietnam,PMO - US,Direct Drop,EXW,Air,ARV,Adult,MYLAN LABORATORIES LTD (FORMERLY MATRIX LABORATORIES),"Efavirenz/Lamivudine/Tenofovir Disoproxil Fumarate 600/300/300mg, tablets, 30 Tabs",Efavirenz/Lamivudine/Tenofovir Disoproxil Fumarate,Generic,600/300/300mg,Tablet - FDC,Mylan (formerly Matrix) Nashik,22301,30,23251,278779.5,11.99,0.4,390.85,2641,4503.42,TRUE,12/28/12,12/28/12,,8/14/12
106-HT-T30,FPQ-12590,SCMS-210500,ASN-24629,Haiti,PMO - US,Direct Drop,CIP,Air,ARV,Adult,ETHNOR DEL ISTMO S.A.,"Darunavir 300mg [Prezista], tablets, 120 Tabs",Darunavir,Prezista,300mg,Tablet,"Janssen Ortho LLC, Puerto Rico",22312,120,22,1465.2,66.6,0.55,1.81,,,TRUE,2/24/14,2/24/14,,10/23/13
116-ZA-T30,FPQ-13973,SCMS-238553,ASN-28021,South Africa,PMO - US,Direct Drop,DDP,Truck,ARV,Adult,PHARMACY DIRECT,"Tenofovir Disoproxil Fumarate 300mg, tablets, 30 Tabs",Tenofovir Disoproxil Fumarate,Generic,300mg,Tablet,Mylan (formerly Matrix) Nashik,22323,30,112,2141.49,19.12,0.64,2.2,,,FALSE,8/28/14,8/28/14,,8/28/14
161-ZA-T30,FPQ-6262,SCMS-83730,ASN-10249,South Africa,PMO - US,Direct Drop,DDP,Ocean,ARV,Pediatric,Aurobindo Pharma Limited,"Efavirenz 200mg, capsule, 90 Caps",Efavirenz,Generic,200mg,Capsule,"Aurobindo Unit III, India",22328,90,22643,225977.14,9.98,0.11,487.21,3000,4573.21,TRUE,5/3/11,5/3/11,,9/24/10
151-NG-T30,FPQ-11025,SCMS-169180,ASN-18584,Nigeria,PMO - US,Direct Drop,EXW,Air,ARV,Pediatric,ABBVIE LOGISTICS (FORMERLY ABBOTT LOGISTICS BV),"Lopinavir/Ritonavir 100/25mg [Aluvia], tablets, 60 Tabs",Lopinavir/Ritonavir,Generic,100/25mg,Tablet,ABBVIE Ludwigshafen Germany,22356,60,2221,13192.74,5.94,0.1,16.32,252,2969.34,TRUE,3/14/13,3/14/13,,12/18/12
107-RW-T30,FPQ-15065,SCMS-263330,ASN-30485,Rwanda,PMO - US,Direct Drop,EXW,Air,HRDT,HIV test,"SHANGHAI KEHUA BIOENGINEERING CO.,LTD.  (KHB)","HIV 1/2, SKB Colloidal Gold, Diagnostic Kit, Antibody, 50 Tests","HIV 1/2, Colloidal Gold, Diagnostic Kit, Antibody",Colloidal Gold,N/A,Test kit,"KHB Test Kit Facility, Shanghai China",22357,1,4032,98784,24.5,24.5,101.55,2688,35437.38,TRUE,2/18/15,2/18/15,,12/18/14
111-MZ-T30,FPQ-11915,SCMS-185210,ASN-20547,Mozambique,PMO - US,Direct Drop,EXW,Air,ARV,Adult,HETERO LABS LIMITED,"Zidovudine 300mg, tablets, 60 Tabs",Zidovudine,Generic,300mg,Tablet,Hetero Unit III Hyderabad IN,22373,60,67098,369039,5.5,0.09,456.5,3957,18263.45,TRUE,8/13/13,8/13/13,,4/11/13
161-ZA-T30,FPQ-7175,SCMS-103390,ASN-12170,South Africa,PMO - US,Direct Drop,DDP,Ocean,ARV,Adult,Aurobindo Pharma Limited,"Efavirenz 600mg, tablets, 30 Tabs",Efavirenz,Generic,600mg,Tablet,"Aurobindo Unit III, India",22387,30,64316,290065.16,4.51,0.15,478.61,5467,9323.3,TRUE,10/10/11,11/3/11,,3/24/11
106-HT-T30,FPQ-15038,SCMS-262890,ASN-32716,Haiti,PMO - US,Direct Drop,FCA,Air,ARV,Pediatric,ABBVIE LOGISTICS (FORMERLY ABBOTT LOGISTICS BV),"Lopinavir/Ritonavir 100/25mg [Aluvia], tablets, 60 Tabs",Lopinavir/Ritonavir,Generic,100/25mg,Tablet,ABBVIE Ludwigshafen Germany,22417,60,2697,16020.18,5.94,0.1,16.47,1825,4126.9,TRUE,7/7/15,7/7/15,,1/30/15
110-ZM-T30,FPQ-4691,SCMS-60710,ASN-6290,Zambia,PMO - US,Direct Drop,EXW,Air,HRDT,HIV test,"Orgenics, Ltd","HIV 1/2, Determine Complete HIV Kit, 100 Tests","HIV 1/2, Determine Complete HIV Kit",Determine,N/A,Test kit,Inverness Japan,22469,100,2639,190008,72,0.72,409.66,1276,20121.14,TRUE,3/18/10,3/18/10,,12/22/09
901-NA-T30,FPQ-14728,SCMS-252640,ASN-28482,Namibia,PMO - US,Direct Drop,EXW,Air,ARV,Adult,HETERO LABS LIMITED,"Lamivudine/Tenofovir Disoproxil Fumarate 300/300mg, tablets, 30 Tabs",Lamivudine/Tenofovir Disoproxil Fumarate,Generic,300/300mg,Tablet - FDC,Hetero Unit III Hyderabad IN,22477,30,24672,113984.64,4.62,0.15,117.18,2631,12463.74,TRUE,10/22/14,10/22/14,,8/14/14
110-ZM-T30,FPQ-14790,SCMS-253023,ASN-31631,Zambia,PMO - US,Direct Drop,FCA,Air,ARV,Pediatric,ABBVIE LOGISTICS (FORMERLY ABBOTT LOGISTICS BV),"Lopinavir/Ritonavir 80/20mg/ml [Kaletra], oral solution, cool, Bottle 5 x 60 ml",Lopinavir/Ritonavir,Kaletra,80/20mg/ml,Oral solution,ABBVIE (Abbott) Logis. UK,22511,300,2266,69838.12,30.82,0.1,71.79,2272,13949.95,TRUE,4/23/15,4/23/15,,8/20/14
116-ZA-T30,FPQ-12522,SCMS-199283,ASN-27978,South Africa,PMO - US,Direct Drop,DDP,Truck,ARV,Pediatric,S. BUYS WHOLESALER,"Lamivudine 10mg/ml, oral solution w/syringe, Bottle, 240 ml",Lamivudine,Generic,10mg/ml,Oral solution,"Aurobindo Unit III, India",22516,240,13,103.95,8,0.03,0.13,,,FALSE,8/27/14,8/27/14,,8/27/14
108-VN-T30,FPQ-4265,SCMS-56220,ASN-5683,Vietnam,PMO - US,Direct Drop,EXW,Air,ARV,Adult,CIPLA LIMITED,"Lamivudine/Nevirapine/Stavudine 150/200/30mg, tablets, 60 Tabs",Lamivudine/Nevirapine/Stavudine,Generic,150/200/30mg,Tablet - FDC,"Cipla, Goa, India",22531,60,19600,120540,6.15,0.1,236.26,1926,12423.96,TRUE,1/7/10,1/7/10,,11/2/09
104-CI-T30,FPQ-8366,SCMS-124280,ASN-13657,Côte d'Ivoire,PMO - US,Direct Drop,FCA,Ocean,ARV,Adult,ABBVIE LOGISTICS (FORMERLY ABBOTT LOGISTICS BV),"Lopinavir/Ritonavir 200/50mg [Aluvia], tablets, 120 Tabs",Lopinavir/Ritonavir,Aluvia,200/50mg,Tablet,ABBVIE Ludwigshafen Germany,22595,120,9800,302036,30.82,0.26,498.36,,,TRUE,3/23/12,3/23/12,,10/11/11
105-SS-T30,FPQ-11539,SCMS-176930,ASN-19142,South Sudan,PMO - US,Direct Drop,EXW,Air,HRDT,HIV test,"Orgenics, Ltd","HIV 1/2, Determine Complete HIV Kit, 100 Tests","HIV 1/2, Determine Complete HIV Kit",Determine,N/A,Test kit,"Alere Medical Co., Ltd.",22600,100,250,22250,89,0.89,27.52,115,2561.61,TRUE,7/20/13,7/20/13,,2/26/13
101-CD-T30,FPQ-13555,SCMS-234320,ASN-27483,"Congo, DRC",PMO - US,Direct Drop,EXW,Air,ARV,Adult,STRIDES ARCOLAB LIMITED,"Lamivudine/Nevirapine/Zidovudine 150/200/300mg, tablets, 60 Tabs",Lamivudine/Nevirapine/Zidovudine,Generic,150/300/200mg,Tablet - FDC,"Strides, Bangalore, India.",22615,60,980,7947.8,8.11,0.14,8.17,116,2322.08,TRUE,9/30/14,9/30/14,,5/5/14
161-ZA-T30,FPQ-7175,SCMS-123590,ASN-13054,South Africa,PMO - US,Direct Drop,DDP,Ocean,ARV,Adult,Aurobindo Pharma Limited,"Efavirenz 600mg, tablets, 30 Tabs",Efavirenz,Generic,600mg,Tablet,"Aurobindo Unit III, India",22616,30,128620,547921.2,4.26,0.14,904.07,10643,7292.26,TRUE,1/16/12,1/16/12,,9/30/11
901-NA-T30,FPQ-14728,SCMS-252640,ASN-28481,Namibia,PMO - US,Direct Drop,EXW,Air,ARV,Adult,HETERO LABS LIMITED,"Lamivudine/Tenofovir Disoproxil Fumarate 300/300mg, tablets, 30 Tabs",Lamivudine/Tenofovir Disoproxil Fumarate,Generic,300/300mg,Tablet - FDC,Hetero Unit III Hyderabad IN,22620,30,24096,111323.52,4.62,0.15,114.44,2630,12463.74,TRUE,10/22/14,10/22/14,,8/14/14
107-RW-T30,FPQ-8365,SCMS-126490,ASN-14125,Rwanda,PMO - US,Direct Drop,EXW,Air,ARV,Adult,Aurobindo Pharma Limited,"Didanosine 400mg, delayed-release capsules, 30 Caps",Didanosine,Generic,400mg,Delayed-release capsules,"Aurobindo Unit III, India",22658,30,150,3000,20,0.67,4.95,197,5906.43,TRUE,3/30/12,3/30/12,,11/9/11
106-HT-T30,FPQ-13797,SCMS-233970,ASN-27796,Haiti,PMO - US,Direct Drop,EXW,Air,ARV,Adult,CIPLA LIMITED,"Lamivudine/Nevirapine/Zidovudine 150/200/300mg, tablets, 60 Tabs",Lamivudine/Nevirapine/Zidovudine,Generic,150/300/200mg,Tablet - FDC,"Cipla, Goa, India",22661,60,19835,160663.5,8.1,0.13,165.16,2866,17036.99,TRUE,10/14/14,10/14/14,,4/30/14
133-NG-T30,FPQ-14305,SCMS-240830,ASN-27474,Nigeria,PMO - US,Direct Drop,EXW,Air,HRDT,HIV test,"Orgenics, Ltd","HIV 1/2, Determine Complete HIV Kit, 100 Tests","HIV 1/2, Determine Complete HIV Kit",Determine,N/A,Test kit,"Alere Medical Co., Ltd.",22670,100,4177,371753,89,0.89,382.16,2755,25709.5,TRUE,8/19/14,9/5/14,,6/2/14
113-ZW-T30,FPQ-13939,SCMS-234720,ASN-26118,Zimbabwe,PMO - US,Direct Drop,EXW,Air,ARV,Adult,Aurobindo Pharma Limited,"Lamivudine/Tenofovir Disoproxil Fumarate 300/300mg, tablets, 30 Tabs",Lamivudine/Tenofovir Disoproxil Fumarate,Generic,300/300mg,Tablet - FDC,"Aurobindo Unit VII, IN",22675,30,32760,152334,4.65,0.16,156.6,3155,25316.94,TRUE,6/14/14,6/14/14,,5/8/14
114-UG-T30,FPQ-7268,SCMS-104120,ASN-11009,Uganda,PMO - US,Direct Drop,DDP,Air,ARV,Adult,ASPEN PHARMACARE,"Darunavir 300mg [Prezista], tablets, 120 Tabs",Darunavir,Prezista,300mg,Tablet,"Aspen-OSD, Port Elizabeth, SA",22684,120,259,24123.26,93.14,0.78,39.8,43,466,TRUE,5/31/11,5/31/11,,3/25/11
105-GY-T30,FPQ-3837,SCMS-47960,ASN-4606,Guyana,PMO - US,Direct Drop,EXW,Air,ARV,Adult,"PUETRO RICO PHARMACEUTICAL, INC.","Emtricitabine/Tenofovir Disoproxil Fumarate 200/300mg [Truvada], tablets, 30 Tabs",Emtricitabine/Tenofovir Disoproxil Fumarate,Truvada,300/200mg,Tablet - FDC,Gilead(Nycomed) Oranienburg DE,22698,30,4900,147931,30.19,1.01,289.94,390,2748.16,TRUE,8/17/09,8/17/09,,6/29/09
102-SD-T30,FPQ-7321,SCMS-107780,ASN-11002,Sudan,PMO - US,Direct Drop,EXW,Air,HRDT,HIV test,"Trinity Biotech, Plc","HIV 1/2, Uni-Gold HIV Kit, 20 Tests","HIV 1/2, Uni-Gold HIV Kit",Uni-Gold,N/A,Test kit,"Trinity Biotech, Plc",22722,20,207,6624,32,1.6,10.93,71,1626.67,TRUE,7/1/11,7/1/11,,5/2/11
153-NA-T30,FPQ-8072,SCMS-117210,ASN-12115,Namibia,PMO - US,Direct Drop,EXW,Air,HRDT,HIV test,"Orgenics, Ltd","HIV 1/2, Determine HIV Kit, without Lancets, 100 Tests","HIV 1/2, Determine HIV Kit, without Lancets",Determine,N/A,Test kit,Inverness Japan,22726,100,150,11655,77.7,0.78,19.23,36,859.18,TRUE,9/20/11,9/20/11,,8/3/11
108-VN-T30,FPQ-4265,SCMS-56320,ASN-6060,Vietnam,PMO - US,Direct Drop,EXW,Air,ARV,Adult,MYLAN LABORATORIES LTD (FORMERLY MATRIX LABORATORIES),"Efavirenz 600mg, tablets, 30 Tabs",Efavirenz,Generic,600mg,Tablet,Mylan (formerly Matrix) Nashik,22728,30,30912,200928,6.5,0.22,393.82,2405,11448.01,TRUE,3/10/10,3/10/10,,11/3/09
116-ZA-T30,FPQ-12522,SCMS-199289,ASN-28037,South Africa,PMO - US,Direct Drop,DDP,Truck,ARV,Adult,S. BUYS WHOLESALER,"Tenofovir Disoproxil Fumarate 300mg, tablets, 30 Tabs",Tenofovir Disoproxil Fumarate,Generic,300mg,Tablet,Hetero Unit III Hyderabad IN,22752,30,235,4891.53,20.82,0.69,6.05,,,FALSE,8/29/14,8/29/14,,8/29/14
101-CD-T30,FPQ-14584,SCMS-249220,ASN-27933,"Congo, DRC",PMO - US,Direct Drop,EXW,Air,ARV,Pediatric,Aurobindo Pharma Limited,"Didanosine 200mg, delayed-release capsules, 30 Caps",Didanosine,Generic,200mg,Delayed-release capsules,"Aurobindo Unit III, India",22761,30,1100,12100,11,0.37,12.44,95,2453.16,TRUE,11/10/14,11/10/14,,7/18/14
161-ZA-T30,FPQ-6262,SCMS-83820,ASN-9175,South Africa,PMO - US,Direct Drop,DDP,Ocean,ARV,Adult,Aurobindo Pharma Limited,"Zidovudine 300mg, tablets, 60 Tabs",Zidovudine,Generic,300mg,Tablet,"Aurobindo Unit III, India",22778,60,1033,7571.89,7.33,0.12,16.32,52,4295.61,TRUE,1/11/11,1/11/11,,9/24/10
106-HT-T30,FPQ-9066,SCMS-138570,ASN-14148,Haiti,PMO - US,Direct Drop,EXW,Air,ARV,Pediatric,Aurobindo Pharma Limited,"Didanosine 125mg, delayed-release capsules, 30 Caps",Didanosine,Generic,125mg,Delayed-release capsules,"Aurobindo Unit III, India",22799,30,252,2142,8.5,0.28,3,16,1471.46,TRUE,4/10/12,4/10/12,,2/24/12
108-VN-T30,FPQ-15823,SCMS-277320,ASN-33209,Vietnam,PMO - US,Direct Drop,FCA,Air,ARV,Adult,ABBVIE LOGISTICS (FORMERLY ABBOTT LOGISTICS BV),"Ritonavir 100mg [Norvir], film coated tablets, 30 Tabs",Ritonavir,Norvir,100mg,Tablet,ABBVIE Ludwigshafen Germany,22812,30,400,9304,23.26,0.78,10.95,,,TRUE,8/11/15,8/11/15,,3/2/15
161-ZA-T30,FPQ-5303,SCMS-68830,ASN-7191,South Africa,PMO - US,Direct Drop,DDP,Air,ARV,Adult,STRIDES ARCOLAB LIMITED,"Lamivudine 150mg, tablets, 60 Tabs",Lamivudine,Generic,150mg,Tablet,"Strides, Bangalore, India.",22815,60,294346,756469.25,2.57,0.04,1630.95,14550,20706.21,TRUE,7/27/10,7/27/10,,3/19/10
107-RW-T30,FPQ-4854,SCMS-63650,ASN-6167,Rwanda,PMO - US,Direct Drop,FCA,Air,ARV,Adult,Hoffmann-La Roche ltd Basel,"Nelfinavir (as mesilate) 250mg [Viracept], tablets, 270 Tabs",Nelfinavir (as mesilate),Viracept,250mg,Tablet,Roche Madrid,22817,270,40,5037.72,125.94,0.47,10.86,11,1049.3,TRUE,3/3/10,3/3/10,,1/20/10
108-VN-T30,FPQ-14516,SCMS-249141,ASN-29593,Vietnam,PMO - US,Direct Drop,FCA,Air,ARV,Adult,ABBVIE LOGISTICS (FORMERLY ABBOTT LOGISTICS BV),"Ritonavir 100mg [Norvir], film coated tablets, 30 Tabs",Ritonavir,Norvir,100mg,Tablet,ABBVIE Ludwigshafen Germany,22843,30,200,4652,23.26,0.78,4.78,,,TRUE,1/16/15,1/16/15,,8/11/14
107-RW-T30,FPQ-10752,SCMS-162530,ASN-18216,Rwanda,PMO - US,Direct Drop,EXW,Ocean,ARV,Adult,MYLAN LABORATORIES LTD (FORMERLY MATRIX LABORATORIES),"Abacavir 300mg, tablets, 60 Tabs",Abacavir,Generic,300mg,Tablet,Mylan (formerly Matrix) Nashik,22855,60,37350,438862.5,11.75,0.2,615.29,3860,59186.46,TRUE,4/22/13,4/22/13,,11/9/12
116-ZA-T30,FPQ-14942,SCMS-259078,ASN-33473,South Africa,PMO - US,Direct Drop,DDP,Truck,ARV,Adult,PHARMACY DIRECT,"Etravirine 100mg [Intelence], tablets, 120 Tabs",Etravirine,Intelence,100mg,Tablet,"Janssen-Cilag, Latina, IT",22869,120,27,742.84,27.51,0.23,0.76,,,FALSE,7/24/15,7/24/15,,10/9/14
108-VN-T30,FPQ-15692,SCMS-274390,ASN-32269,Vietnam,PMO - US,Direct Drop,EXW,Air,ARV,Adult,HETERO LABS LIMITED,"Efavirenz/Lamivudine/Tenofovir Disoproxil Fumarate 600/300/300mg, tablets, 30 Tabs",Efavirenz/Lamivudine/Tenofovir Disoproxil Fumarate,Generic,600/300/300mg,Tablet - FDC,Hetero Unit III Hyderabad IN,22876,30,17760,177600,10,0.33,209.04,,,TRUE,7/10/15,7/7/15,,2/17/15
116-ZA-T30,FPQ-12522,SCMS-199289,ASN-28036,South Africa,PMO - US,Direct Drop,DDP,Truck,ARV,Adult,S. BUYS WHOLESALER,"Lamivudine/Zidovudine 150/300mg, tablets, 60 Tabs",Lamivudine/Zidovudine,Generic,150/300mg,Tablet - FDC,Hetero Unit III Hyderabad IN,22964,60,292,9562.36,32.75,0.55,11.83,,,FALSE,8/29/14,8/29/14,,8/29/14
133-NG-T30,FPQ-14995,SCMS-260700,ASN-29929,Nigeria,PMO - US,Direct Drop,EXW,Air,HRDT,HIV test,"Orgenics, Ltd","HIV 1/2, Determine Complete HIV Kit, 100 Tests","HIV 1/2, Determine Complete HIV Kit",Determine,N/A,Test kit,"Alere Medical Co., Ltd.",23015,100,6110,543790,89,0.89,559.02,2474,31305.04,TRUE,1/19/15,1/16/15,,10/29/14
153-NA-T30,FPQ-9698,SCMS-144310,ASN-15069,Namibia,PMO - US,Direct Drop,EXW,Air,HRDT,HIV test,"Orgenics, Ltd","HIV 1/2, Determine HIV Kit, without Lancets, 100 Tests","HIV 1/2, Determine HIV Kit, without Lancets",Determine,N/A,Test kit,Inverness Japan,23023,100,75,5827.5,77.7,0.78,8.17,19,718.32,TRUE,7/5/12,7/5/12,,5/2/12
161-ZA-T30,FPQ-7175,SCMS-103710,ASN-12153,South Africa,PMO - US,Direct Drop,DDP,Ocean,ARV,Adult,HETERO LABS LIMITED,"Efavirenz 600mg, tablets, 30 Tabs",Efavirenz,Generic,600mg,Tablet,Hetero Unit III Hyderabad IN,23024,30,92500,435675,4.71,0.16,718.86,7778,20684.73,TRUE,10/17/11,10/17/11,,3/23/11
104-CI-T30,FPQ-9065,SCMS-138120,ASN-15225,Côte d'Ivoire,PMO - US,Direct Drop,FCA,Air,ARV,Adult,ABBVIE LOGISTICS (FORMERLY ABBOTT LOGISTICS BV),"Ritonavir 100mg [Norvir], film coated tablets, 60 Tabs",Ritonavir,Norvir,100mg,Tablet,ABBVIE Ludwigshafen Germany,23050,60,760,5206,6.85,0.11,7.3,99,1462.71,TRUE,7/3/12,7/3/12,,3/8/12
109-TZ-T30,FPQ-12540,SCMS-198771,ASN-22835,Tanzania,PMO - US,Direct Drop,EXW,Air,ARV,Adult,CIPLA LIMITED,"Lamivudine/Nevirapine/Zidovudine 150/200/300mg, tablets, 60 Tabs",Lamivudine/Nevirapine/Zidovudine,Generic,150/300/200mg,Tablet - FDC,"Cipla, Goa, India",23051,60,16245,131584.5,8.1,0.13,162.77,2368,11363.07,TRUE,12/27/13,12/27/13,,8/27/13
102-MW-T30,FPQ-11638,SCMS-179341,ASN-21750,Malawi,PMO - US,Direct Drop,EXW,Air,HRDT,HIV test,"Trinity Biotech, Plc","HIV 1/2, Uni-Gold HIV Kit, 20 Tests","HIV 1/2, Uni-Gold HIV Kit",Uni-Gold,N/A,Test kit,"Trinity Biotech, Plc",23070,20,32,1024,32,1.6,1.27,17,703.25,TRUE,10/2/13,10/2/13,,3/14/13
105-SS-T30,FPQ-11754,SCMS-181381,ASN-20235,South Sudan,PMO - US,Direct Drop,EXW,Air,HRDT,HIV test,"Trinity Biotech, Plc","HIV 1/2, Uni-Gold HIV Kit, 20 Tests","HIV 1/2, Uni-Gold HIV Kit",Uni-Gold,N/A,Test kit,"Trinity Biotech, Plc",23076,20,450,14400,32,1.6,17.81,165,2329.14,TRUE,9/12/13,9/12/13,,4/1/13
116-ZA-T30,FPQ-14942,SCMS-259079,ASN-33855,South Africa,PMO - US,Direct Drop,DDP,Truck,ARV,Adult,PHARMACY DIRECT,"Raltegravir 400mg [Isentress], tablets, 60 Tabs",Raltegravir,Isentress,400mg,Tablet,"MSD, Haarlem, NL",23096,60,1,65.75,65.75,1.1,0.07,,,TRUE,8/24/15,8/24/15,,10/9/14
108-VN-T30,FPQ-6818,SCMS-98180,ASN-10619,Vietnam,PMO - US,Direct Drop,FCA,Air,ARV,Adult,ABBVIE LOGISTICS (FORMERLY ABBOTT LOGISTICS BV),"Ritonavir 100mg [Norvir], capsules, cool, 4 x 84 Caps",Ritonavir,Norvir,100mg,Capsule,ABBVIE (Abbott) Logis. UK,23105,336,14,2891.14,206.51,0.61,4.77,52,7339.84,TRUE,5/9/11,5/9/11,,2/9/11
116-ZA-T30,FPQ-14942,SCMS-259079,ASN-33852,South Africa,PMO - US,Direct Drop,DDP,Truck,ARV,Adult,PHARMACY DIRECT,"Tenofovir Disoproxil Fumarate 300mg, tablets, 30 Tabs",Tenofovir Disoproxil Fumarate,Generic,300mg,Tablet,Mylan (formerly Matrix) Nashik,23120,30,36,534.69,14.85,0.5,0.55,,,FALSE,8/24/15,8/24/15,,10/9/14
105-SS-T30,FPQ-15569,SCMS-272170,ASN-32106,South Sudan,PMO - US,Direct Drop,EXW,Air,HRDT,HIV test - Ancillary,"Orgenics, Ltd","Capillary Tubes, for Determine, EDTA, 50uL,100 Pcs","HIV, Capillary Tubes, for Determine, EDTA, 50uL,100 Pcs",Determine,N/A,Test kit - Ancillary,"Alere Medical Co., Ltd.",23149,100,20,160,8,0.08,0.19,,,FALSE,7/2/15,7/7/15,,2/20/15
108-VN-T30,FPQ-13524,SCMS-226260,ASN-26928,Vietnam,PMO - US,Direct Drop,EXW,Air,ARV,Adult,HETERO LABS LIMITED,"Efavirenz/Lamivudine/Tenofovir Disoproxil Fumarate 600/300/300mg, tablets, 30 Tabs",Efavirenz/Lamivudine/Tenofovir Disoproxil Fumarate,Generic,600/300/300mg,Tablet - FDC,Hetero Unit III Hyderabad IN,23156,30,16528,173544,10.5,0.35,178.4,3283,5173.14,TRUE,8/13/14,7/30/14,,3/10/14
108-VN-T30,FPQ-5899,SCMS-77170,ASN-7779,Vietnam,PMO - US,Direct Drop,FCA,Air,ARV,Adult,ABBVIE LOGISTICS (FORMERLY ABBOTT LOGISTICS BV),"Ritonavir 100mg [Norvir], capsules, cool, 4 x 84 Caps",Ritonavir,Norvir,100mg,Capsule,ABBVIE (Abbott) Logis. UK,23159,336,24,7365.12,306.88,0.91,15.88,60,3981.97,TRUE,9/6/10,9/6/10,,7/1/10
106-HT-T30,FPQ-14895,SCMS-261110,ASN-30364,Haiti,PMO - US,Direct Drop,EXW,Ocean,ARV,Adult,MYLAN LABORATORIES LTD (FORMERLY MATRIX LABORATORIES),"Lamivudine/Zidovudine 150/300mg, tablets, 60 Tabs",Lamivudine/Zidovudine,Generic,150/300mg,Tablet - FDC,Mylan (formerly Matrix) Nashik,23173,60,75816,492045.84,6.49,0.11,505.82,6452,10477.63,TRUE,3/31/15,3/31/15,,11/14/14
108-VN-T30,FPQ-13034,SCMS-210120,ASN-24394,Vietnam,PMO - US,Direct Drop,EXW,Air,ARV,Adult,HETERO LABS LIMITED,"Tenofovir Disoproxil Fumarate 300mg, tablets, 30 Tabs",Tenofovir Disoproxil Fumarate,Generic,300mg,Tablet,Hetero Unit III Hyderabad IN,23192,30,9683,34374.65,3.55,0.12,42.52,,,FALSE,4/23/14,4/23/14,,10/10/13
106-HT-T30,FPQ-7066,SCMS-100140,ASN-10007,Haiti,PMO - US,Direct Drop,FCA,Air,ARV,Pediatric,BRISTOL-MYERS SQUIBB,"Didanosine 25mg [Videx], chewable tablets, 60 Tabs",Didanosine,Videx,25mg,Chewable/dispersible tablet,"BMS Meymac, France",23194,60,160,1120,7,0.12,1.85,43,1082.89,TRUE,4/5/11,4/5/11,,2/15/11
109-TZ-T30,FPQ-13927,SCMS-233190,ASN-25567,Tanzania,PMO - US,Direct Drop,EXW,Ocean,ARV,Adult,MYLAN LABORATORIES LTD (FORMERLY MATRIX LABORATORIES),"Efavirenz/Emtricitabine/Tenofovir Disoproxil Fumarate 600/200/300mg, tablets, 30 Tabs",Efavirenz/Emtricitabine/Tenofovir Disoproxil Fumarate,Generic,600/200/300mg,Tablet - FDC,Mylan (formerly Matrix) Nashik,23211,30,35000,410900,11.74,0.39,422.41,,,FALSE,5/27/14,5/27/14,,3/31/14
116-ZA-T30,FPQ-12523,SCMS-199315,ASN-27210,South Africa,PMO - US,Direct Drop,DDP,Truck,ARV,Pediatric,S. BUYS WHOLESALER,"Atazanavir 150mg [Reyataz], capsules, 60 Caps",Atazanavir,Reyataz,150mg,Capsule,"BMS Evansville, US",23223,60,2,51.37,25.68,0.43,0.06,,,TRUE,7/11/14,7/11/14,,7/11/14
161-ZA-T30,FPQ-7175,SCMS-103510,ASN-11886,South Africa,PMO - US,Direct Drop,DDP,Ocean,ARV,Adult,Aurobindo Pharma Limited,"Efavirenz 600mg, tablets, 30 Tabs",Efavirenz,Generic,600mg,Tablet,"Aurobindo Unit III, India",23224,30,110291,497412.4,4.51,0.15,820.73,9375,9951.38,TRUE,10/10/11,10/10/11,,3/24/11
106-HT-T30,FPQ-14083,SCMS-240201,ASN-27545,Haiti,PMO - US,Direct Drop,EXW,Ocean,ARV,Pediatric,MYLAN LABORATORIES LTD (FORMERLY MATRIX LABORATORIES),"Abacavir/Lamivudine 60/30mg, tablets, 60 Tabs",Abacavir/Lamivudine,Generic,60/30mg,Tablet - FDC,Mylan (formerly Matrix) Nashik,23238,60,2160,8532,3.95,0.07,8.77,,,FALSE,10/20/14,10/20/14,,6/2/14
116-ZA-T30,FPQ-12522,SCMS-199289,ASN-28037,South Africa,PMO - US,Direct Drop,DDP,Truck,ARV,Pediatric,S. BUYS WHOLESALER,"Efavirenz 50mg, capsule, 30 Caps",Efavirenz,Generic,50mg,Capsule,"Aurobindo Unit III, India",23267,30,92,305.1,3.32,0.11,0.38,,,FALSE,8/29/14,8/29/14,,8/29/14
161-ZA-T30,FPQ-5303,SCMS-68910,ASN-7439,South Africa,PMO - US,Direct Drop,DDP,Air,ARV,Adult,Aurobindo Pharma Limited,"Efavirenz 600mg, tablets, 30 Tabs",Efavirenz,Generic,600mg,Tablet,"Aurobindo Unit III, India",23280,30,57600,268992,4.67,0.16,579.95,4872,5886.9,TRUE,8/24/10,8/24/10,,3/19/10
161-ZA-T30,FPQ-5303,SCMS-68980,ASN-8251,South Africa,PMO - US,Direct Drop,DDP,Air,ARV,Adult,Aurobindo Pharma Limited,"Lamivudine 150mg, tablets, 60 Tabs",Lamivudine,Generic,150mg,Tablet,"Aurobindo Unit III, India",23283,60,2004,5070.12,2.53,0.04,10.93,3,1791.41,TRUE,8/24/10,11/19/10,,3/19/10
107-RW-T30,FPQ-15654,SCMS-272600,ASN-30399,Rwanda,PMO - US,Direct Drop,EXW,Air,ARV,Pediatric,EMCURE PHARMACEUTICALS LTD,"Atazanavir 150mg, capsules, 60 Caps",Atazanavir,Generic,150mg,Capsule,"Emcure Plot No.P-2, I.T-B.T. Park, Phase II, MIDC, Hinjwadi, Pune, India",23315,60,912,18240,20,0.33,21.47,102,1600.98,TRUE,2/17/15,2/17/15,,1/19/15
123-NG-T30,FPQ-8755,SCMS-129160,ASN-13338,Nigeria,PMO - US,Direct Drop,EXW,Air,ANTM,Malaria,IDA FOUNDATION,"Sulfadoxine/Pyrimethamine 500/25mg, tablets, Blister 10 x 3 Tabs",Sulfadoxine/Pyrimethamine,Generic,500/25mg,Tablet - FDC + blister,"Micro Labs Ltd. (Brown & Burk), India",23340,30,300,477,1.59,0.05,0.67,14,350.02,TRUE,1/9/12,1/9/12,,12/9/11
107-RW-T30,FPQ-3859,SCMS-48872,ASN-6489,Rwanda,PMO - US,Direct Drop,CIP,Air,ARV,Adult,Aurobindo Pharma Limited,"Didanosine 250mg, delayed-release capsules, 30 Caps",Didanosine,Generic,250mg,Delayed-release capsules,"Aurobindo Unit III, India",23365,30,558,8174.7,14.65,0.49,16.02,1297,23760.45,TRUE,4/15/10,4/15/10,,7/7/09
102-ZW-T30,FPQ-13030,SCMS-210650,ASN-22850,Zimbabwe,PMO - US,Direct Drop,EXW,Air,ARV,Adult,MYLAN LABORATORIES LTD (FORMERLY MATRIX LABORATORIES),"Abacavir/Lamivudine 600/300mg, tablets, 30 Tabs",Abacavir/Lamivudine,Generic,600/300mg,Tablet - FDC,Mylan (formerly Matrix) Nashik,23370,30,9810,132336.9,13.49,0.45,163.7,962,6773.13,TRUE,1/21/14,1/21/14,,10/16/13
106-HT-T30,FPQ-15038,SCMS-263030,ASN-30812,Haiti,PMO - US,Direct Drop,EXW,Air,ARV,Adult,HETERO LABS LIMITED,"Lamivudine 150mg, tablets, 60 Tabs",Lamivudine,Generic,150mg,Tablet,Hetero Unit III Hyderabad IN,23375,60,3600,6480,1.8,0.03,6.66,216,2612.79,TRUE,3/26/15,3/26/15,,12/24/14
100-ZW-T30,FPQ-6716,SCMS-95570,ASN-10269,Zimbabwe,PMO - US,Direct Drop,CIF,Air,HRDT,HIV test,BIOLYTICAL LABORATORIES INC.,"#109440**HIV 1/2, INSTI HIV Antibody Individual POC, 1 Test","HIV 1/2, INSTI HIV Antibody Individual POC, 1 Test",INSTi,N/A,Test kit,bioLytical Laboratories,23381,1,7199,23396.75,3.25,3.25,38.6,369,1014.5,TRUE,5/10/11,5/10/11,,1/12/11
116-ZA-T30,FPQ-14942,SCMS-259078,ASN-33470,South Africa,PMO - US,Direct Drop,DDP,Truck,ARV,Adult,PHARMACY DIRECT,"Lamivudine 150mg, tablets, 60 Tabs",Lamivudine,Generic,150mg,Tablet,"Aurobindo Unit III, India",23387,60,74,521.82,7.05,0.12,0.54,,,FALSE,7/24/15,7/24/15,,10/9/14
105-SS-T30,FPQ-15569,SCMS-272160,ASN-31323,South Sudan,PMO - US,Direct Drop,EXW,Air,HRDT,HIV test - Ancillary,"Orgenics, Ltd","Chase Buffer, Determine, 100 Tests, 2.5ml x 1 Vial","Chase Buffer, Determine, 100 Tests, 2.5ml x 1 Vial",Determine,N/A,Test kit - Ancillary,"Alere Medical Co., Ltd.",23404,1,20,100,5,5,0.12,,,FALSE,6/3/15,6/3/15,,2/20/15
104-CI-T30,FPQ-12806,SCMS-206591,ASN-26596,Côte d'Ivoire,PMO - US,Direct Drop,EXW,Air,ARV,Adult,MYLAN LABORATORIES LTD (FORMERLY MATRIX LABORATORIES),"Atazanavir/Ritonavir 300/100mg, tablets, 30 Tabs",Atazanavir/Ritonavir,Generic,300/100mg,Tablet,Mylan (formerly Matrix) Nashik,23445,30,2100,42000,20,0.67,51.95,293,3316.79,TRUE,6/30/14,6/30/14,,2/10/14
200-ZW-T30,FPQ-6488,SCMS-90690,ASN-13957,Zimbabwe,PMO - US,Direct Drop,FCA,Air,ARV,Pediatric,ABBVIE LOGISTICS (FORMERLY ABBOTT LOGISTICS BV),"Lopinavir/Ritonavir 80/20mg/ml [Kaletra], oral solution, cool, Bottle 5 x 60 ml",Lopinavir/Ritonavir,Kaletra,80/20mg/ml,Oral solution,ABBVIE (Abbott) Logis. UK,23452,300,1251,38555.82,30.82,0.1,83.13,,,TRUE,4/2/12,4/2/12,,11/10/10
107-RW-T30,FPQ-3859,SCMS-48890,ASN-6725,Rwanda,PMO - US,Direct Drop,CIP,Air,ARV,Adult,Aurobindo Pharma Limited,"Lopinavir/Ritonavir 200/50mg, tablets, 120 Tabs",Lopinavir/Ritonavir,Generic,200/50mg,Tablet,"Aurobindo Unit III, India",23466,120,2240,83686.4,37.36,0.31,164.03,554,7531.78,TRUE,4/26/10,4/26/10,,7/16/09
161-ZA-T30,FPQ-7175,SCMS-104070,ASN-11381,South Africa,PMO - US,Direct Drop,DDP,Ocean,ARV,Adult,CIPLA LIMITED,"Nevirapine 200mg, tablets, 60 Tabs",Nevirapine,Generic,200mg,Tablet,"Cipla, Goa, India",23467,60,89674,243913.28,2.72,0.05,402.46,9667,17703.62,TRUE,11/2/11,11/2/11,,3/28/11
105-SS-T30,FPQ-14470,SCMS-245230,ASN-27241,South Sudan,PMO - US,Direct Drop,EXW,Air,HRDT,HIV test,"Trinity Biotech, Plc","HIV 1/2, Uni-Gold HIV Kit, 20 Tests","HIV 1/2, Uni-Gold HIV Kit",Uni-Gold,N/A,Test kit,"Trinity Biotech, Plc",23488,20,25,800,32,1.6,0.82,175,4011.66,TRUE,9/29/14,9/29/14,,7/1/14
116-ZA-T30,FPQ-3560,SCMS-49641,ASN-5157,South Africa,PMO - US,Direct Drop,DDP,Truck,ARV,Adult,S. BUYS WHOLESALER,"Lopinavir/Ritonavir 200/50mg [Aluvia], tablets, 120 Tabs",Lopinavir/Ritonavir,Aluvia,200/50mg,Tablet,ABBVIE Ludwigshafen Germany,23509,120,8000,375880.97,46.99,0.39,736.73,,,TRUE,8/12/09,8/12/09,,7/21/09
104-CI-T30,FPQ-7654,SCMS-113780,ASN-13752,Côte d'Ivoire,PMO - US,Direct Drop,CIP,Air,ARV,Pediatric,MERCK SHARP & DOHME IDEA GMBH (FORMALLY MERCK SHARP & DOHME B.V.),"Efavirenz 30mg/ml [Stocrin/Sustiva], oral solution, Bottle, 180 ml",Efavirenz,Stocrin/Sustiva,30mg/ml,Oral solution,"MSD, Haarlem, NL",23524,180,1184,20080.64,16.96,0.09,33.13,361,783.22,TRUE,2/20/12,2/20/12,,7/8/11
116-ZA-T30,FPQ-3560,SCMS-49610,ASN-5004,South Africa,PMO - US,Direct Drop,DDP,Truck,ARV,Adult,S. BUYS WHOLESALER,"Tenofovir Disoproxil Fumarate 300mg [Viread], tablets, 30 Tabs",Tenofovir Disoproxil Fumarate,Viread,300mg,Tablet,"Aspen-OSD, Port Elizabeth, SA",23557,30,2837,73030.7,25.74,0.86,143.14,,,TRUE,8/11/09,8/12/09,,7/21/09
133-NG-T30,FPQ-7553,SCMS-108720,ASN-11271,Nigeria,PMO - US,Direct Drop,EXW,Air,HRDT,HIV test,"Orgenics, Ltd","HIV 1/2, Determine Complete HIV Kit, 100 Tests","HIV 1/2, Determine Complete HIV Kit",Determine,N/A,Test kit,Inverness Japan,23573,100,2687,239143,89,0.89,394.59,1277,26014.88,TRUE,7/27/11,7/27/11,,5/23/11
114-UG-T30,FPQ-3891,SCMS-52560,ASN-5281,Uganda,PMO - US,Direct Drop,CIP,Air,ARV,Adult,MERCK SHARP & DOHME IDEA GMBH (FORMALLY MERCK SHARP & DOHME B.V.),"Indinavir 400mg [Crixivan], capsules, 180 Caps",Indinavir,Crixivan,400mg,Capsule,"MSD, Haarlem, NL",23584,180,48,2400,50,0.28,4.7,11,48,TRUE,11/17/09,11/17/09,,9/14/09
116-ZA-T30,FPQ-13035,SCMS-215370,ASN-24415,South Africa,PMO - US,Direct Drop,DDP,Truck,ARV,Adult,S. BUYS WHOLESALER,"Nevirapine 200mg, tablets, 60 Tabs",Nevirapine,Generic,200mg,Tablet,"Cipla, Goa, India",23596,60,226,4088.15,18.09,0.3,5.06,,,TRUE,2/6/14,2/6/14,,12/2/13
108-VN-T30,FPQ-5317,SCMS-69730,ASN-8446,Vietnam,PMO - US,Direct Drop,EXW,Air,ARV,Adult,MYLAN LABORATORIES LTD (FORMERLY MATRIX LABORATORIES),"Efavirenz 600mg, tablets, 30 Tabs",Efavirenz,Generic,600mg,Tablet,Mylan (formerly Matrix) Nashik,23664,30,42836,184194.8,4.3,0.14,397.12,3494,10711.06,TRUE,11/9/10,11/9/10,,3/29/10
116-ZA-T30,FPQ-13214,SCMS-215410,ASN-23875,South Africa,PMO - US,Direct Drop,DDP,Truck,ARV,Pediatric,S. BUYS WHOLESALER,"Lamivudine 10mg/ml, oral solution w/syringe, Bottle, 240 ml",Lamivudine,Generic,10mg/ml,Oral solution,"Aurobindo Unit III, India",23666,240,54,382.47,7.08,0.03,0.39,,,FALSE,1/13/14,1/13/14,,12/2/13
108-VN-T30,FPQ-11418,SCMS-176200,ASN-19695,Vietnam,PMO - US,Direct Drop,EXW,Air,ARV,Adult,MICRO LABS LIMITED,"Efavirenz 600mg, tablets, 30 Tabs",Efavirenz,Generic,600mg,Tablet,"Micro labs, Verna, Goa, India",23691,30,30118,97281.14,3.23,0.11,120.34,1782,9648.44,TRUE,7/2/13,7/2/13,,2/5/13
144-BW-T30,FPQ-4487,SCMS-57522,ASN-6033,Botswana,PMO - US,Direct Drop,EXW,Air,HRDT,HIV test - Ancillary,"Trinity Biotech, Plc","#109436**HIV 1, Uni-Gold Recombigen HIV Control, Vial 2 x 0.5 ml","HIV 1, Uni-Gold Recombigen HIV Control, Vial 2 x 0.5 ml",Uni-Gold,N/A,Test kit - Ancillary,"Trinity Biotech, Plc",23718,2,15,465,31,15.5,1,1,599.73,TRUE,3/4/10,3/4/10,,11/13/09
161-ZA-T30,FPQ-7400,SCMS-104170,ASN-11477,South Africa,PMO - US,Direct Drop,DDP,Ocean,ARV,Pediatric,GLAXOSMITHKLINE EXPORT LIMITED,"Abacavir 20mg/ml [Ziagen], oral solution, Bottle, 240 ml",Abacavir,Ziagen,20mg/ml,Oral solution,GSK Mississauga (Canada),23724,240,20000,185600,9.28,0.04,306.24,7656,9650.6,TRUE,9/23/11,9/23/11,,3/30/11
116-ZA-T30,FPQ-14942,SCMS-295800,ASN-33865,South Africa,PMO - US,Direct Drop,DDP,Truck,ARV,Adult,PHARMACY DIRECT,"Didanosine 250mg, delayed-release capsules, 30 Caps",Didanosine,Generic,250mg,Delayed-release capsules,"Aurobindo Unit III, India",23727,30,6,71.03,11.84,0.39,0.07,,,TRUE,8/24/15,8/24/15,,8/24/15
109-TZ-T30,FPQ-11919,SCMS-205460,ASN-22365,Tanzania,PMO - US,Direct Drop,EXW,Air,HRDT,HIV test,"Trinity Biotech, Plc","HIV 1/2, Uni-Gold HIV Kit, 20 Tests","HIV 1/2, Uni-Gold HIV Kit",Uni-Gold,N/A,Test kit,"Trinity Biotech, Plc",23750,20,3,96,32,1.6,0.12,0,1002.35,TRUE,12/23/13,12/23/13,,9/11/13
901-NA-T30,FPQ-14689,SCMS-253440,ASN-29096,Namibia,PMO - US,Direct Drop,EXW,Air,ARV,Adult,HETERO LABS LIMITED,"Lamivudine/Nevirapine/Zidovudine 150/200/300mg, tablets, 60 Tabs",Lamivudine/Nevirapine/Zidovudine,Generic,150/300/200mg,Tablet - FDC,"Hetero, Jadcherla, unit 5, IN",23756,60,33516,277847.62,8.29,0.14,285.63,4237,6786.64,TRUE,11/19/14,11/19/14,,8/29/14
144-BW-T30,FPQ-4167,SCMS-54110,ASN-5951,Botswana,PMO - US,Direct Drop,EXW,Air,HRDT,HIV test,"Trinity Biotech, Plc","HIV 1/2, Uni-Gold HIV Kit, 20 Tests","HIV 1/2, Uni-Gold HIV Kit",Uni-Gold,N/A,Test kit,"Trinity Biotech, Plc",23787,20,5,160,32,1.6,0.31,3,603.53,TRUE,3/3/10,3/3/10,,9/30/09
116-ZA-T30,FPQ-13973,SCMS-238554,ASN-28626,South Africa,PMO - US,Direct Drop,DDP,Truck,ARV,Adult,PHARMACY DIRECT,"Raltegravir 400mg [Isentress], tablets, 60 Tabs",Raltegravir,Isentress,400mg,Tablet,"MSD, Haarlem, NL",23791,60,6,507.86,84.64,1.41,0.52,,,TRUE,10/3/14,10/3/14,,10/3/14
106-HT-T30,FPQ-13494,SCMS-225420,ASN-24982,Haiti,PMO - US,Direct Drop,EXW,Air,HRDT,HIV test,"SHANGHAI KEHUA BIOENGINEERING CO.,LTD.  (KHB)","HIV 1/2, SKB Colloidal Gold, Diagnostic Kit, Antibody, 50 Tests","HIV 1/2, Colloidal Gold, Diagnostic Kit, Antibody",Colloidal Gold,N/A,Test kit,"KHB Test Kit Facility, Shanghai China",23831,1,350,8575,24.5,24.5,8.82,240,3126.61,TRUE,4/14/14,4/14/14,,2/19/14
116-ZA-T30,FPQ-12522,SCMS-199289,ASN-28034,South Africa,PMO - US,Direct Drop,DDP,Truck,ARV,Adult,S. BUYS WHOLESALER,"Lopinavir/Ritonavir 200/50mg [Aluvia], tablets, 120 Tabs",Lopinavir/Ritonavir,Aluvia,200/50mg,Tablet,ABBVIE Ludwigshafen Germany,23842,120,101,2601.73,25.76,0.21,3.22,,,FALSE,8/29/14,8/29/14,,8/29/14
108-VN-T30,FPQ-3934,SCMS-48730,ASN-4803,Vietnam,PMO - US,Direct Drop,FCA,Air,ARV,Adult,ABBVIE LOGISTICS (FORMERLY ABBOTT LOGISTICS BV),"Lopinavir/Ritonavir 200/50mg [Aluvia], tablets, 120 Tabs",Lopinavir/Ritonavir,Aluvia,200/50mg,Tablet,ABBVIE Ludwigshafen Germany,23866,120,560,46032,82.2,0.68,90.22,83,436.86,TRUE,9/15/09,9/15/09,,7/14/09
104-CI-T30,FPQ-8327,SCMS-124790,ASN-13316,Côte d'Ivoire,PMO - US,Direct Drop,FCA,Ocean,ARV,Adult,ABBVIE LOGISTICS (FORMERLY ABBOTT LOGISTICS BV),"Lopinavir/Ritonavir 200/50mg [Aluvia], tablets, 120 Tabs",Lopinavir/Ritonavir,Aluvia,200/50mg,Tablet,ABBVIE Ludwigshafen Germany,23875,120,20580,634275.6,30.82,0.26,1046.55,5139,40289,TRUE,3/23/12,3/23/12,,11/18/11
108-VN-T30,FPQ-4266,SCMS-56250,ASN-6253,Vietnam,PMO - US,Direct Drop,EXW,Air,ARV,Adult,MYLAN LABORATORIES LTD (FORMERLY MATRIX LABORATORIES),"Zidovudine 300mg, tablets, 60 Tabs",Zidovudine,Generic,300mg,Tablet,Mylan (formerly Matrix) Nashik,23904,60,168,1260,7.5,0.12,2.47,9,4138.11,TRUE,3/20/10,3/20/10,,11/2/09
161-ZA-T30,FPQ-7175,SCMS-103370,ASN-12256,South Africa,PMO - US,Direct Drop,DDP,Ocean,ARV,Adult,Aurobindo Pharma Limited,"Efavirenz 600mg, tablets, 30 Tabs",Efavirenz,Generic,600mg,Tablet,"Aurobindo Unit III, India",23939,30,249500,1125245,4.51,0.15,1856.65,21205,25129.15,TRUE,11/8/11,11/8/11,,3/24/11
108-VN-T30,FPQ-14516,SCMS-249050,ASN-29373,Vietnam,PMO - US,Direct Drop,EXW,Air,ARV,Adult,HETERO LABS LIMITED,"Efavirenz/Lamivudine/Tenofovir Disoproxil Fumarate 600/300/300mg, tablets, 30 Tabs",Efavirenz/Lamivudine/Tenofovir Disoproxil Fumarate,Generic,600/300/300mg,Tablet - FDC,Hetero Unit III Hyderabad IN,23957,30,19200,201600,10.5,0.35,207.24,2877,4312.92,TRUE,12/17/14,12/17/14,,8/11/14
116-ZA-T30,FPQ-13973,SCMS-238555,ASN-29257,South Africa,PMO - US,Direct Drop,DDP,Truck,ARV,Adult,PHARMACY DIRECT,"Abacavir 300mg, tablets, 60 Tabs",Abacavir,Generic,300mg,Tablet,"Aurobindo Unit III, India",23967,60,84,5795.22,68.99,1.15,5.96,,,FALSE,11/5/14,11/5/14,,11/4/14
100-DO-T30,FPQ-6126,SCMS-83580,ASN-8577,Dominican Republic,PMO - US,Direct Drop,EXW,Truck,ARV,Adult,"ABBVIE, SRL (FORMALLY ABBOTT LABORATORIES INTERNATIONAL CO.)","Ritonavir 100mg [Norvir], capsules, cool, 2 x 84 Caps",Ritonavir,Norvir,100mg,Capsule,ABBVIE (Abbott) St. P'burg USA,23993,168,52,7488,144,0.86,16.14,,,TRUE,10/22/10,10/22/10,,9/2/10
102-KE-T30,FPQ-3976,SCMS-52792,ASN-5143,Kenya,PMO - US,Direct Drop,EXW,Air,HRDT,HIV test,"Orgenics, Ltd","HIV 1/2, Determine Complete HIV Kit, 100 Tests","HIV 1/2, Determine Complete HIV Kit",Determine,N/A,Test kit,Inverness Japan,24018,100,20000,1600000,80,0.8,3136,5902,52057.8,TRUE,11/6/09,11/6/09,,9/3/09
133-NG-T30,FPQ-10765,SCMS-162440,ASN-18599,Nigeria,PMO - US,Direct Drop,EXW,Air,HRDT,HIV test,"Orgenics, Ltd","HIV 1/2, Determine Complete HIV Kit, 100 Tests","HIV 1/2, Determine Complete HIV Kit",Determine,N/A,Test kit,"Alere Medical Co., Ltd.",24028,100,2874,255786,89,0.89,358.61,1252,26380.35,TRUE,1/9/13,3/20/13,,10/16/12
101-CD-T30,FPQ-14654,SCMS-253260,ASN-28279,"Congo, DRC",PMO - US,Direct Drop,EXW,Air,HRDT,HIV test,"Trinity Biotech, Plc","HIV 1/2, Uni-Gold HIV Kit, 20 Tests","HIV 1/2, Uni-Gold HIV Kit",Uni-Gold,N/A,Test kit,"Trinity Biotech, Plc",24048,20,353,11296,32,1.6,11.61,,,FALSE,11/4/14,11/4/14,,8/27/14
109-TZ-T30,FPQ-4157,SCMS-52776,ASN-5222,Tanzania,PMO - US,Direct Drop,EXW,Air,HRDT,HIV test,"Standard Diagnostics, Inc.","HIV 1/2, Bioline 3.0 Kit, (no accessories), 30 Tests","HIV 1/2, Bioline 3.0 Kit (no accessories)",Bioline,N/A,Test kit,"Standard Diagnostics, Korea",24051,30,9720,233280,24,0.8,457.23,3240,36096.76,TRUE,12/24/09,12/24/09,,9/11/09
109-TZ-T30,FPQ-10809,SCMS-162831,ASN-18313,Tanzania,PMO - US,Direct Drop,EXW,Air,HRDT,HIV test,"Trinity Biotech, Plc","HIV 1/2, Uni-Gold HIV Kit, 20 Tests","HIV 1/2, Uni-Gold HIV Kit",Uni-Gold,N/A,Test kit,"Trinity Biotech, Plc",24053,20,107,3424,32,1.6,4.24,39,1158.73,TRUE,4/23/13,4/23/13,,10/18/12
107-RW-T30,FPQ-4047,SCMS-50800,ASN-5455,Rwanda,PMO - US,Direct Drop,CIP,Air,ARV,Adult,HETERO LABS LIMITED,"Lamivudine 150mg, tablets, 60 Tabs",Lamivudine,Generic,150mg,Tablet,Hetero Unit III Hyderabad IN,24060,60,10620,27505.8,2.59,0.04,53.91,593,730.81,TRUE,11/23/09,11/23/09,,8/18/09
109-TZ-T30,FPQ-11881,SCMS-182810,ASN-19486,Tanzania,PMO - US,Direct Drop,EXW,Air,HRDT,HIV test,"Trinity Biotech, Plc","HIV 1/2, Uni-Gold HIV Kit, 20 Tests","HIV 1/2, Uni-Gold HIV Kit",Uni-Gold,N/A,Test kit,"Trinity Biotech, Plc",24063,20,311,9952,32,1.6,12.31,1,1979.1,TRUE,6/11/13,6/11/13,,4/11/13
102-KE-T30,FPQ-9127,SCMS-134410,ASN-13751,Kenya,PMO - US,Direct Drop,CIP,Air,HRDT,HIV test,EY Laboratories,"HIV 1/2, InstantChek HIV 1+2 Kit, 100 Tests","HIV 1/2, InstantChek HIV 1+2 Kit",InstantCHEK,N/A,Test kit,"EY Laboratories, USA",24115,100,15,1125,75,0.75,1.58,18,803.6,TRUE,2/21/12,2/21/12,,1/19/12
116-ZA-T30,FPQ-12522,SCMS-199283,ASN-27976,South Africa,PMO - US,Direct Drop,DDP,Truck,ARV,Pediatric,S. BUYS WHOLESALER,"Efavirenz 200mg, capsule, 90 Caps",Efavirenz,Generic,200mg,Capsule,"Aurobindo Unit III, India",24116,90,25,659.22,26.37,0.29,0.82,,,TRUE,8/27/14,8/27/14,,8/27/14
103-ZW-T30,FPQ-13325,SCMS-216230,ASN-26314,Zimbabwe,PMO - US,Direct Drop,FCA,Air,ARV,Pediatric,ABBVIE LOGISTICS (FORMERLY ABBOTT LOGISTICS BV),"Lopinavir/Ritonavir 100/25mg [Aluvia], tablets, 60 Tabs",Lopinavir/Ritonavir,Generic,100/25mg,Tablet,ABBVIE Ludwigshafen Germany,24123,60,9670,57439.8,5.94,0.1,59.05,1128,13330.73,TRUE,6/24/14,6/24/14,,11/28/13
102-SD-T30,FPQ-8261,SCMS-120442,ASN-12833,Sudan,PMO - US,Direct Drop,EXW,Air,HRDT,HIV test,"Orgenics, Ltd","HIV 1/2, Determine Complete HIV Kit, 100 Tests","HIV 1/2, Determine Complete HIV Kit",Determine,N/A,Test kit,"Alere Medical Co., Ltd.",24129,100,77,6853,89,0.89,11.31,36,1712.6,TRUE,1/6/12,1/6/12,,9/14/11
106-HT-T30,FPQ-15884,SCMS-288090,ASN-33666,Haiti,PMO - US,Direct Drop,CIP,Air,ARV,Adult,"MSD LATIN AMERICA SERVICES, S. DE R.L. DE C.V.","Raltegravir 400mg [Isentress], tablets, 60 Tabs",Raltegravir,Isentress,400mg,Tablet,"MSD, Haarlem, NL",24151,60,400,22200,55.5,0.92,26.13,,,TRUE,9/7/15,9/7/15,,5/18/15
161-ZA-T30,FPQ-6262,SCMS-83830,ASN-9486,South Africa,PMO - US,Direct Drop,DDP,Ocean,ARV,Adult,Aurobindo Pharma Limited,"Efavirenz 600mg, tablets, 30 Tabs",Efavirenz,Generic,600mg,Tablet,"Aurobindo Unit III, India",24187,30,116218,526467.56,4.53,0.15,1135.06,12410,10446.37,TRUE,2/1/11,3/4/11,,9/24/10
102-KE-T30,FPQ-6406,SCMS-88211,ASN-9549,Kenya,PMO - US,Direct Drop,EXW,Air,HRDT,HIV test,"Orgenics, Ltd","HIV 1/2, Determine Complete HIV Kit, 100 Tests","HIV 1/2, Determine Complete HIV Kit",Determine,N/A,Test kit,Inverness Japan,24192,100,1,89,89,0.89,0.19,800,8826,TRUE,2/10/11,2/10/11,,11/22/10
117-ET-T30,FPQ-9990,SCMS-148080,ASN-15260,Ethiopia,PMO - US,Direct Drop,FCA,Air,ARV,Pediatric,ABBVIE LOGISTICS (FORMERLY ABBOTT LOGISTICS BV),"Lopinavir/Ritonavir 80/20mg/ml [Kaletra], oral solution, cool, Bottle 5 x 60 ml",Lopinavir/Ritonavir,Kaletra,80/20mg/ml,Oral solution,ABBVIE (Abbott) Logis. UK,24246,300,700,21574,30.82,0.1,30.25,1050,4672.77,TRUE,6/27/12,6/27/12,,6/1/12
161-ZA-T30,FPQ-5303,SCMS-68980,ASN-7687,South Africa,PMO - US,Direct Drop,DDP,Air,ARV,Adult,Aurobindo Pharma Limited,"Lamivudine 150mg, tablets, 60 Tabs",Lamivudine,Generic,150mg,Tablet,"Aurobindo Unit III, India",24270,60,34067,86189.51,2.53,0.04,185.82,1828,1791.42,TRUE,8/24/10,9/20/10,,3/19/10
113-ZW-T30,FPQ-13669,SCMS-225840,ASN-28465,Zimbabwe,PMO - US,Direct Drop,EXW,Air,HRDT,HIV test,"Orgenics, Ltd","HIV 1/2, Determine Complete HIV Kit, 100 Tests","HIV 1/2, Determine Complete HIV Kit",Determine,N/A,Test kit,"Alere Medical Co., Ltd.",24276,100,7233,578640,80,0.8,594.84,2933,42028.45,TRUE,11/7/14,11/7/14,,2/12/14
116-ZA-T30,FPQ-13973,SCMS-238554,ASN-28627,South Africa,PMO - US,Direct Drop,DDP,Truck,ARV,Adult,PHARMACY DIRECT,"Didanosine 250mg, delayed-release capsules, 30 Caps",Didanosine,Generic,250mg,Delayed-release capsules,"Aurobindo Unit III, India",24285,30,1,15.25,15.25,0.51,0.02,,,FALSE,10/3/14,10/3/14,,10/3/14
101-CD-T30,FPQ-14244,SCMS-240240,ASN-26540,"Congo, DRC",PMO - US,Direct Drop,EXW,Air,ANTM,Malaria,AMSTELFARMA B.V.,"Sulfadoxine/Pyrimethamine 500/25mg, tablets, 1000 Tabs",Sulfadoxine/Pyrimethamine,Generic,500/25mg,Tablet - FDC,"Micro Labs, Hosur, India",24297,1000,1070,25680,24,0.02,26.4,902,5914,TRUE,10/9/14,10/9/14,,5/23/14
116-ZA-T30,FPQ-12522,SCMS-199283,ASN-27976,South Africa,PMO - US,Direct Drop,DDP,Truck,ARV,Pediatric,S. BUYS WHOLESALER,"Lamivudine 10mg/ml, oral solution w/syringe, Bottle, 240 ml",Lamivudine,Generic,10mg/ml,Oral solution,"Aurobindo Unit III, India",24300,240,13,103.95,8,0.03,0.13,,,FALSE,8/27/14,8/27/14,,8/27/14
161-ZA-T30,FPQ-5303,SCMS-68790,ASN-6911,South Africa,PMO - US,Direct Drop,DDP,Air,ARV,Adult,STRIDES ARCOLAB LIMITED,"Lamivudine 150mg, tablets, 60 Tabs",Lamivudine,Generic,150mg,Tablet,"Strides, Bangalore, India.",24324,60,303125,779031.25,2.57,0.04,1679.59,15006,20134.62,TRUE,7/7/10,7/7/10,,3/19/10
108-VN-T30,FPQ-5094,SCMS-68500,ASN-7171,Vietnam,PMO - US,Direct Drop,EXW,Air,ARV,Adult,STRIDES ARCOLAB LIMITED,"Lamivudine/Nevirapine/Zidovudine 150/200/300mg, tablets, 60 Tabs",Lamivudine/Nevirapine/Zidovudine,Generic,150/300/200mg,Tablet - FDC,"Strides, Bangalore, India.",24345,60,20651,227161,11,0.18,489.76,2367,10648.45,TRUE,6/22/10,6/22/10,,3/24/10
109-TZ-T30,FPQ-14049,SCMS-239380,ASN-27718,Tanzania,PMO - US,Direct Drop,FCA,Air,ARV,Pediatric,ABBVIE LOGISTICS (FORMERLY ABBOTT LOGISTICS BV),"Lopinavir/Ritonavir 100/25mg [Aluvia], tablets, 60 Tabs",Lopinavir/Ritonavir,Generic,100/25mg,Tablet,ABBVIE Ludwigshafen Germany,24358,60,5273,31321.62,5.94,0.1,32.2,668,4835.39,TRUE,10/2/14,10/2/14,,5/16/14
117-ET-T30,FPQ-9098,SCMS-133590,ASN-14914,Ethiopia,PMO - US,Direct Drop,EXW,Air,HRDT,HIV test,"SHANGHAI KEHUA BIOENGINEERING CO.,LTD.  (KHB)","HIV 1/2, SKB Colloidal Gold, Diagnostic Kit, Antibody, 50 Tests","HIV 1/2, Colloidal Gold, Diagnostic Kit, Antibody",Colloidal Gold,N/A,Test kit,"KHB Test Kit Facility, Shanghai China",24366,1,1362,33369,24.5,24.5,46.78,970,9718.85,TRUE,5/18/12,5/18/12,,1/23/12
106-HT-T30,FPQ-15038,SCMS-262930,ASN-31826,Haiti,PMO - US,Direct Drop,EXW,Air,ARV,Pediatric,Aurobindo Pharma Limited,"Zidovudine 10mg/ml, oral solution, Bottle, 240 ml",Zidovudine,Generic,10mg/ml,Oral solution,"Aurobindo Unit III, India",24368,240,5730,10887,1.9,0.01,11.19,2254,12791.34,TRUE,6/10/15,6/10/15,,1/20/15
107-RW-T30,FPQ-3859,SCMS-48920,ASN-5840,Rwanda,PMO - US,Direct Drop,CIP,Air,ARV,Adult,Aurobindo Pharma Limited,"Tenofovir Disoproxil Fumarate 300mg, tablets, 30 Tabs",Tenofovir Disoproxil Fumarate,Generic,300mg,Tablet,"Aurobindo Unit III, India",24374,30,5520,47251.2,8.56,0.29,92.61,516,2355.52,TRUE,1/27/10,1/27/10,,7/17/09
114-UG-T30,FPQ-10788,SCMS-162740,ASN-17430,Uganda,PMO - US,Direct Drop,DAP,Air,ARV,Adult,ASPEN PHARMACARE,"Darunavir 300mg [Prezista], tablets, 120 Tabs",Darunavir,Prezista,300mg,Tablet,"Aspen-OSD, Port Elizabeth, SA",24384,120,288,19180.8,66.6,0.55,23.73,94,1061,TRUE,12/14/12,12/14/12,,10/25/12
151-NG-T30,FPQ-16312,SCMS-287700,ASN-32527,Nigeria,PMO - US,Direct Drop,EXW,Air,ARV,Adult,HETERO LABS LIMITED,"Lamivudine/Zidovudine 150/300mg, tablets, 60 Tabs",Lamivudine/Zidovudine,Generic,150/300mg,Tablet - FDC,Hetero Unit III Hyderabad IN,24386,60,58462,385849.2,6.6,0.11,454.14,6093,42199.11,TRUE,6/24/15,6/24/15,,5/7/15
110-ZM-T30,FPQ-4141,SCMS-53261,ASN-5853,Zambia,PMO - US,Direct Drop,EXW,Air,HRDT,HIV test - Ancillary,"Orgenics, Ltd","HIV, Lancet, Safety, for HIV Test kits, 100 Pcs","HIV, Lancet, Safety, for HIV Test kits, 100 Pcs",Generic,N/A,Test kit - Ancillary,Inverness Japan,24427,100,7000,35000,5,0.05,68.6,1382,18369.56,TRUE,1/28/10,1/28/10,,9/11/09
116-ZA-T30,FPQ-12522,SCMS-199287,ASN-27748,South Africa,PMO - US,Direct Drop,DDP,Truck,ARV,Pediatric,S. BUYS WHOLESALER,"Lopinavir/Ritonavir 80/20mg/ml [Kaletra], oral solution, cool, Bottle 5 x 60 ml",Lopinavir/Ritonavir,Kaletra,80/20mg/ml,Oral solution,ABBVIE (Abbott) Logis. UK,24440,300,2,46.9,23.45,0.08,0.06,,,TRUE,8/13/14,8/13/14,,8/13/14
116-ZA-T30,FPQ-12522,SCMS-199289,ASN-28036,South Africa,PMO - US,Direct Drop,DDP,Truck,ARV,Pediatric,S. BUYS WHOLESALER,"Efavirenz 50mg, capsule, 30 Caps",Efavirenz,Generic,50mg,Capsule,"Aurobindo Unit III, India",24461,30,119,394.64,3.32,0.11,0.49,,,FALSE,8/29/14,8/29/14,,8/29/14
114-UG-T30,FPQ-9365,SCMS-143500,ASN-15426,Uganda,PMO - US,Direct Drop,DDP,Air,ARV,Adult,ASPEN PHARMACARE,"Etravirine 100mg [Intelence], tablets, 120 Tabs",Etravirine,Intelence,100mg,Tablet,"Janssen-Cilag, Latina, IT",24473,120,144,10800,75,0.62,15.14,47,449,TRUE,7/5/12,7/5/12,,4/17/12
116-ZA-T30,FPQ-14942,SCMS-259074,ASN-31069,South Africa,PMO - US,Direct Drop,DDP,Truck,ARV,Adult,PHARMACY DIRECT,"Darunavir 300mg [Prezista], tablets, 120 Tabs",Darunavir,Prezista,300mg,Tablet,"Janssen-Cilag, Latina, IT",24488,120,47,2215.03,47.13,0.39,2.28,,,TRUE,3/9/15,3/9/15,,3/9/15
107-RW-T30,FPQ-7987,SCMS-118030,ASN-12645,Rwanda,PMO - US,Direct Drop,EXW,Air,HRDT,HIV test,"Trinity Biotech, Plc","HIV 1/2, Uni-Gold HIV Kit, 20 Tests","HIV 1/2, Uni-Gold HIV Kit",Uni-Gold,N/A,Test kit,"Trinity Biotech, Plc",24519,20,873,27936,32,1.6,46.09,292,6233.79,TRUE,11/23/11,11/23/11,,8/12/11
127-KE-T30,FPQ-8155,SCMS-119180,ASN-12300,Kenya,PMO - US,Direct Drop,EXW,Air,HRDT,HIV test,"Trinity Biotech, Plc","HIV 1/2, Uni-Gold HIV Kit, 20 Tests","HIV 1/2, Uni-Gold HIV Kit",Uni-Gold,N/A,Test kit,"Trinity Biotech, Plc",24530,20,1500,48000,32,1.6,79.2,499,4976.33,TRUE,11/4/11,11/4/11,,8/29/11
102-GY-T30,FPQ-5495,SCMS-71620,ASN-7512,Guyana,PMO - US,Direct Drop,EXW,Air,HRDT,HIV test,"Orgenics, Ltd","HIV 1/2, Determine Complete HIV Kit, 100 Tests","HIV 1/2, Determine Complete HIV Kit",Determine,N/A,Test kit,Inverness Japan,24547,100,618,55620,90,0.9,119.92,304,6363.92,TRUE,8/9/10,8/9/10,,6/21/10
901-NA-T30,FPQ-14689,SCMS-253440,ASN-29097,Namibia,PMO - US,Direct Drop,EXW,Air,ARV,Adult,HETERO LABS LIMITED,"Lamivudine/Nevirapine/Zidovudine 150/200/300mg, tablets, 60 Tabs",Lamivudine/Nevirapine/Zidovudine,Generic,150/300/200mg,Tablet - FDC,"Hetero, Jadcherla, unit 5, IN",24571,60,12788,106012.52,8.29,0.14,108.98,,,FALSE,11/19/14,11/19/14,,8/29/14
116-ZA-T30,FPQ-14942,SCMS-259075,ASN-32138,South Africa,PMO - US,Direct Drop,DDP,Truck,ARV,Adult,PHARMACY DIRECT,"Etravirine 100mg [Intelence], tablets, 120 Tabs",Etravirine,Intelence,100mg,Tablet,"Janssen-Cilag, Latina, IT",24581,120,3,76.78,25.59,0.21,0.08,,,FALSE,5/12/15,5/12/15,,5/11/15
108-VN-T30,FPQ-6818,SCMS-98060,ASN-10712,Vietnam,PMO - US,Direct Drop,FCA,Air,ARV,Adult,ABBVIE LOGISTICS (FORMERLY ABBOTT LOGISTICS BV),"Lopinavir/Ritonavir 200/50mg [Aluvia], tablets, 120 Tabs",Lopinavir/Ritonavir,Aluvia,200/50mg,Tablet,ABBVIE Ludwigshafen Germany,24591,120,3010,247422,82.2,0.68,408.25,756,9193.82,TRUE,5/28/11,5/28/11,,2/15/11
106-HT-T30,FPQ-15038,SCMS-262900,ASN-31866,Haiti,PMO - US,Direct Drop,FCA,Air,ARV,Pediatric,ABBVIE LOGISTICS (FORMERLY ABBOTT LOGISTICS BV),"Lopinavir/Ritonavir 80/20mg/ml [Kaletra], oral solution, cool, Bottle 5 x 60 ml",Lopinavir/Ritonavir,Kaletra,80/20mg/ml,Oral solution,ABBVIE (Abbott) Logis. UK,24604,300,420,12944.4,30.82,0.1,13.31,494,2737.95,TRUE,6/5/15,6/5/15,,12/24/14
104-CI-T30,FPQ-4698,SCMS-64950,ASN-7285,Côte d'Ivoire,PMO - US,Direct Drop,CIP,Air,ARV,Pediatric,MERCK SHARP & DOHME IDEA GMBH (FORMALLY MERCK SHARP & DOHME B.V.),"Efavirenz 30mg/ml [Stocrin/Sustiva], oral solution, Bottle, 180 ml",Efavirenz,Stocrin/Sustiva,30mg/ml,Oral solution,"MSD, Haarlem, NL",24620,180,2737,46419.52,16.96,0.09,100.08,805,1659.71,TRUE,6/28/10,6/28/10,,2/12/10
109-TZ-T30,FPQ-12197,SCMS-189360,ASN-21231,Tanzania,PMO - US,Direct Drop,EXW,Air,HRDT,HIV test,"Standard Diagnostics, Inc.","HIV 1/2, Determine Complete HIV Kit, 100 Tests","HIV 1/2, Determine Complete HIV Kit",Determine,N/A,Test kit,"Alere Medical Co., Ltd.",24653,100,3029,0,0,0,0,1255,21384.75,TRUE,9/17/13,9/15/13,,5/29/13
106-HT-T30,FPQ-11442,SCMS-177130,ASN-21190,Haiti,PMO - US,Direct Drop,FCA,Air,ARV,Pediatric,BRISTOL-MYERS SQUIBB,"Didanosine 25mg [Videx], chewable tablets, 60 Tabs",Didanosine,Videx,25mg,Chewable/dispersible tablet,Bristol-Myers Squibb Anagni IT,24706,60,1040,7280,7,0.12,9.01,226,1962.1,TRUE,9/3/13,9/3/13,,2/11/13
116-ZA-T30,FPQ-12522,SCMS-199283,ASN-27979,South Africa,PMO - US,Direct Drop,DDP,Truck,ARV,Adult,S. BUYS WHOLESALER,"Lamivudine/Zidovudine 150/300mg, tablets, 60 Tabs",Lamivudine/Zidovudine,Generic,150/300mg,Tablet - FDC,Hetero Unit III Hyderabad IN,24754,60,31,1022.62,32.99,0.55,1.26,,,FALSE,8/27/14,8/27/14,,8/27/14
116-ZA-T30,FPQ-5535,SCMS-71370,ASN-7373,South Africa,PMO - US,Direct Drop,DDP,Truck,ARV,Adult,S. BUYS WHOLESALER,"Tenofovir Disoproxil Fumarate 300mg [Viread], tablets, 30 Tabs",Tenofovir Disoproxil Fumarate,Viread,300mg,Tablet,"Aspen-OSD, Port Elizabeth, SA",24766,30,1200,34631.24,28.86,0.96,74.66,,,FALSE,5/31/10,5/31/10,,4/21/10
108-VN-T30,FPQ-11418,SCMS-176300,ASN-19787,Vietnam,PMO - US,Direct Drop,EXW,Air,ARV,Adult,HETERO LABS LIMITED,"Abacavir 300mg, tablets, 60 Tabs",Abacavir,Generic,300mg,Tablet,Hetero Unit III Hyderabad IN,24790,60,717,8783.25,12.25,0.2,10.86,,,FALSE,7/1/13,7/1/13,,2/6/13
105-GY-T30,FPQ-10249,SCMS-153880,ASN-16583,Guyana,PMO - US,Direct Drop,EXW,Air,HRDT,HIV test,"Orgenics, Ltd","HIV 1/2, Determine Complete HIV Kit, 100 Tests","HIV 1/2, Determine Complete HIV Kit",Determine,N/A,Test kit,"Alere Medical Co., Ltd.",24819,100,564,56400,100,1,79.07,272,8128.95,TRUE,10/15/12,10/15/12,,7/26/12
900-TZ-T30,FPQ-10396,SCMS-157660,ASN-16907,Tanzania,PMO - US,Direct Drop,EXW,Air,HRDT,HIV test,"Orgenics, Ltd","HIV 1/2, Determine Complete HIV Kit, 100 Tests","HIV 1/2, Determine Complete HIV Kit",Determine,N/A,Test kit,"Alere Medical Co., Ltd.",24842,100,8000,640000,80,0.8,897.28,3803,64075.1,TRUE,11/20/12,11/20/12,,8/21/12
116-ZA-T30,FPQ-13035,SCMS-215370,ASN-24415,South Africa,PMO - US,Direct Drop,DDP,Truck,ARV,Pediatric,S. BUYS WHOLESALER,"Lopinavir/Ritonavir 100/25mg [Aluvia], tablets, 60 Tabs",Lopinavir/Ritonavir,Generic,100/25mg,Tablet,ABBVIE Ludwigshafen Germany,24862,60,17,98.29,5.78,0.1,0.12,,,FALSE,2/6/14,2/6/14,,12/2/13
161-ZA-T30,FPQ-5303,SCMS-69010,ASN-7316,South Africa,PMO - US,Direct Drop,DDP,Air,ARV,Adult,Aurobindo Pharma Limited,"Zidovudine 300mg, tablets, 60 Tabs",Zidovudine,Generic,300mg,Tablet,"Aurobindo Unit III, India",24865,60,60234,447538.62,7.43,0.12,964.89,3221,3296.57,TRUE,6/24/10,6/24/10,,3/19/10
108-VN-T30,FPQ-10811,SCMS-164530,ASN-18729,Vietnam,PMO - US,Direct Drop,FCA,Air,ARV,Adult,ABBVIE LOGISTICS (FORMERLY ABBOTT LOGISTICS BV),"Lopinavir/Ritonavir 200/50mg [Aluvia], tablets, 120 Tabs",Lopinavir/Ritonavir,Aluvia,200/50mg,Tablet,ABBVIE Ludwigshafen Germany,24868,120,4164,253254.48,60.82,0.51,313.28,992,3212.25,TRUE,4/9/13,4/9/13,,11/7/12
108-VN-T30,FPQ-11417,SCMS-174380,ASN-18759,Vietnam,PMO - US,Direct Drop,EXW,Air,ARV,Adult,HETERO LABS LIMITED,"Nevirapine 200mg, tablets, 60 Tabs",Nevirapine,Generic,200mg,Tablet,Hetero Unit III Hyderabad IN,24872,60,26997,59663.37,2.21,0.04,73.8,1726,11984.91,TRUE,5/13/13,5/13/13,,1/22/13
108-VN-T30,FPQ-13524,SCMS-226250,ASN-27132,Vietnam,PMO - US,Direct Drop,EXW,Air,ARV,Adult,MYLAN LABORATORIES LTD (FORMERLY MATRIX LABORATORIES),"Lamivudine/Nevirapine/Zidovudine 150/200/300mg, tablets, 60 Tabs",Lamivudine/Nevirapine/Zidovudine,Generic,150/300/200mg,Tablet - FDC,Mylan (formerly Matrix) Nashik,24875,60,27900,225990,8.1,0.13,232.32,3868,7238.46,TRUE,8/16/14,8/16/14,,3/10/14
110-ZM-T30,FPQ-9074,SCMS-134290,ASN-13651,Zambia,PMO - US,Direct Drop,EXW,Air,ARV,Adult,Aurobindo Pharma Limited,"Emtricitabine/Tenofovir Disoproxil Fumarate 200/300mg, tablets, 30 Tabs",Emtricitabine/Tenofovir Disoproxil Fumarate,Generic,200/300mg,Tablet - FDC,"Aurobindo Unit III, India",24884,30,100000,735000,7.35,0.24,1030.47,9369,50030.37,TRUE,2/29/12,2/29/12,,1/24/12
114-UG-T30,FPQ-12777,SCMS-202560,ASN-22982,Uganda,PMO - US,Direct Drop,EXW,Air,ARV,Pediatric,Aurobindo Pharma Limited,"Nevirapine 10mg/ml, oral suspension w/syringe, Bottle, 100 ml",Nevirapine,Generic,10mg/ml,Oral suspension,"Aurobindo Unit III, India",24905,100,10368,13478.4,1.3,0.01,16.67,2127,10898.13,TRUE,12/10/13,12/10/13,,8/9/13
151-NG-T30,FPQ-5124,SCMS-66900,ASN-6712,Nigeria,PMO - US,Direct Drop,FCA,Air,ARV,Adult,Hoffmann-La Roche ltd Basel,"Saquinavir 500mg [Invirase], tablets, 120 Tabs",Saquinavir,Invirase,500mg,Tablet,Roche Basel,24934,120,430,40713.32,94.68,0.79,87.78,77,729.03,TRUE,6/21/10,6/21/10,,3/5/10
116-ZA-T30,FPQ-12522,SCMS-199289,ASN-28034,South Africa,PMO - US,Direct Drop,DDP,Truck,ARV,Adult,S. BUYS WHOLESALER,"Efavirenz 600mg, tablets, 30 Tabs",Efavirenz,Generic,600mg,Tablet,Hetero Unit III Hyderabad IN,24970,30,915,15162.72,16.57,0.55,18.76,,,FALSE,8/29/14,8/29/14,,8/29/14
107-RW-T30,FPQ-6341,SCMS-84920,ASN-9798,Rwanda,PMO - US,Direct Drop,EXW,Ocean,ARV,Adult,CIPLA LIMITED,"Lopinavir/Ritonavir 200/50mg, tablets, 120 Tabs",Lopinavir/Ritonavir,Generic,200/50mg,Tablet,Cipla Ltd A-42 MIDC Mahar. IN,24974,120,17587,587405.8,33.4,0.28,1266.45,5480,19123.35,TRUE,3/31/11,3/31/11,,9/27/10
106-HT-T30,FPQ-15038,SCMS-263170,ASN-31572,Haiti,PMO - US,Direct Drop,EXW,Air,ARV,Adult,Aurobindo Pharma Limited,"Lamivudine/Nevirapine/Zidovudine 150/200/300mg, tablets, 60 Tabs",Lamivudine/Nevirapine/Zidovudine,Generic,150/300/200mg,Tablet - FDC,"Aurobindo Unit III, India",24983,60,24000,196800,8.2,0.14,202.31,,,TRUE,5/11/15,5/11/15,,12/24/14
119-NA-T30,FPQ-4267,SCMS-54590,ASN-5308,Namibia,PMO - US,Direct Drop,EXW,Air,HRDT,HIV test,"Trinity Biotech, Plc","HIV 1/2, Uni-Gold HIV Kit, 20 Tests","HIV 1/2, Uni-Gold HIV Kit",Uni-Gold,N/A,Test kit,"Trinity Biotech, Plc",24990,20,25,0.25,0.01,0,0,10,751.43,TRUE,11/11/09,11/11/09,,10/6/09
108-VN-T30,FPQ-13976,SCMS-236100,ASN-28777,Vietnam,PMO - US,Direct Drop,EXW,Air,ARV,Adult,MICRO LABS LIMITED,"Lamivudine 150mg, tablets, 60 Tabs",Lamivudine,Generic,150mg,Tablet,"Micro labs, Verna, Goa, India",24993,60,14500,24940,1.72,0.03,25.64,,,FALSE,11/26/14,11/26/14,,4/30/14
107-RW-T30,FPQ-3859,SCMS-48871,ASN-5799,Rwanda,PMO - US,Direct Drop,CIP,Air,ARV,Adult,Aurobindo Pharma Limited,"Tenofovir Disoproxil Fumarate 300mg, tablets, 30 Tabs",Tenofovir Disoproxil Fumarate,Generic,300mg,Tablet,"Aurobindo Unit III, India",24999,30,1630,13952.8,8.56,0.29,27.35,153,2483.49,TRUE,1/27/10,1/27/10,,12/8/09
116-ZA-T30,FPQ-13973,SCMS-238553,ASN-28021,South Africa,PMO - US,Direct Drop,DDP,Truck,ARV,Adult,PHARMACY DIRECT,"Lamivudine 150mg, tablets, 60 Tabs",Lamivudine,Generic,150mg,Tablet,"Aurobindo Unit III, India",25019,60,220,2011.46,9.14,0.15,2.07,,,FALSE,8/28/14,8/28/14,,8/28/14
161-ZA-T30,FPQ-6708,SCMS-93570,ASN-11701,South Africa,PMO - US,Direct Drop,DDP,Ocean,ARV,Adult,Aurobindo Pharma Limited,"Tenofovir Disoproxil Fumarate 300mg, tablets, 30 Tabs",Tenofovir Disoproxil Fumarate,Generic,300mg,Tablet,"Aurobindo Unit III, India",25037,30,71984,478693.6,6.65,0.22,789.84,6719,9726.54,TRUE,10/5/11,10/5/11,,12/14/10
111-MZ-T30,FPQ-14294,SCMS-247360,ASN-27768,Mozambique,PMO - US,Direct Drop,EXW,Air,HRDT,HIV test,"Orgenics, Ltd","HIV 1/2, Determine Complete HIV Kit, 100 Tests","HIV 1/2, Determine Complete HIV Kit",Determine,N/A,Test kit,"Alere Medical Co., Ltd.",25074,100,3319,265520,80,0.8,272.95,1351,9168.48,TRUE,9/10/14,9/10/14,,7/30/14
104-CI-T30,FPQ-14253,SCMS-243790,ASN-30570,Côte d'Ivoire,PMO - US,Direct Drop,EXW,Air,HRDT,HIV test,"CHEMBIO DIAGNOSTIC SYSTEMS, INC.","HIV 1/2, Stat-Pak HIV, Kit, 20 Tests","HIV 1/2, Stat-Pak HIV, Kit",Stat-Pak,N/A,Test kit,Chembio Diagnostics Sys. Inc.,25075,20,2120,65720,31,1.55,67.56,610,8231.14,TRUE,2/20/15,2/20/15,,7/9/14
102-SZ-T30,FPQ-10537,SCMS-159080,ASN-16585,Swaziland,PMO - US,Direct Drop,EXW,Air,HRDT,HIV test,"Trinity Biotech, Plc","HIV 1/2, Uni-Gold HIV Kit, 20 Tests","HIV 1/2, Uni-Gold HIV Kit",Uni-Gold,N/A,Test kit,"Trinity Biotech, Plc",25083,20,150,4800,32,1.6,6.73,54,752.58,TRUE,6/18/13,6/18/13,,9/12/12
117-ET-T30,FPQ-6608,SCMS-92050,ASN-10239,Ethiopia,PMO - US,Direct Drop,EXW,Air,HRDT,HIV test,"Trinity Biotech, Plc","HIV 1/2, Uni-Gold HIV Kit, 20 Tests","HIV 1/2, Uni-Gold HIV Kit",Uni-Gold,N/A,Test kit,"Trinity Biotech, Plc",25085,20,336,10752,32,1.6,17.74,,1921.14,TRUE,4/8/11,4/8/11,,11/24/10
109-TZ-T30,FPQ-8071,SCMS-116860,ASN-13529,Tanzania,PMO - US,Direct Drop,EXW,Air,HRDT,HIV test,"Orgenics, Ltd","HIV 1/2, Determine Complete HIV Kit, 100 Tests","HIV 1/2, Determine Complete HIV Kit",Determine,N/A,Test kit,Inverness Japan,25103,100,3500,280000,80,0.8,462,1669,30754.1,TRUE,2/9/12,2/9/12,,8/1/11
116-ZA-T30,FPQ-4359,SCMS-54980,ASN-5373,South Africa,PMO - US,Direct Drop,DDP,Truck,ARV,Pediatric,S. BUYS WHOLESALER,"Didanosine 100mg [Videx],chewable tablets, 60 Tabs",Didanosine,Videx,100mg,Chewable/dispersible tablet,"BMS Meymac, France",25127,60,10,162.9,16.29,0.27,0.32,,,FALSE,10/19/09,10/19/09,,10/15/09
116-ZA-T30,FPQ-14942,SCMS-295800,ASN-33865,South Africa,PMO - US,Direct Drop,DDP,Truck,ARV,Pediatric,PHARMACY DIRECT,"Abacavir 20mg/ml, oral solution, Bottle, 240 ml",Abacavir,Generic,20mg/ml,Oral solution,"Aurobindo Unit III, India",25141,240,17,322.98,19,0.08,0.33,,,FALSE,8/24/15,8/24/15,,8/24/15
116-ZA-T30,FPQ-13973,SCMS-238556,ASN-31854,South Africa,PMO - US,Direct Drop,DDP,Truck,ARV,Adult,PHARMACY DIRECT,"Didanosine 250mg, delayed-release capsules, 30 Caps",Didanosine,Generic,250mg,Delayed-release capsules,"Aurobindo Unit III, India",25189,30,4,60.98,15.24,0.51,0.06,,,FALSE,4/28/15,4/28/15,,4/28/15
108-VN-T30,FPQ-4266,SCMS-56530,ASN-7262,Vietnam,PMO - US,Direct Drop,EXW,Air,ARV,Adult,Aurobindo Pharma Limited,"Lamivudine/Nevirapine/Zidovudine 150/200/300mg, tablets, 60 Tabs",Lamivudine/Nevirapine/Zidovudine,Generic,150/300/200mg,Tablet - FDC,"Aurobindo Unit III, India",25201,60,16500,183975,11.15,0.19,360.59,3802,26084.14,TRUE,7/6/10,7/6/10,,11/9/09
133-NG-T30,FPQ-10765,SCMS-162440,ASN-17647,Nigeria,PMO - US,Direct Drop,EXW,Air,HRDT,HIV test,"Orgenics, Ltd","HIV 1/2, Determine Complete HIV Kit, 100 Tests","HIV 1/2, Determine Complete HIV Kit",Determine,N/A,Test kit,"Alere Medical Co., Ltd.",25220,100,2352,209328,89,0.89,293.48,1058,21683.23,TRUE,1/9/13,1/28/13,,10/16/12
161-ZA-T30,FPQ-7175,SCMS-103330,ASN-11045,South Africa,PMO - US,Direct Drop,DDP,Ocean,ARV,Adult,Aurobindo Pharma Limited,"Efavirenz 600mg, tablets, 30 Tabs",Efavirenz,Generic,600mg,Tablet,"Aurobindo Unit III, India",25230,30,174500,786995,4.51,0.15,1298.54,14833,21555.16,TRUE,9/2/11,9/2/11,,3/24/11
114-UG-T30,FPQ-15314,SCMS-264750,ASN-31498,Uganda,PMO - US,Direct Drop,EXW,Air,HRDT,HIV test,"Orgenics, Ltd","HIV 1/2, Determine Complete HIV Kit, 100 Tests","HIV 1/2, Determine Complete HIV Kit",Determine,N/A,Test kit,"Alere Medical Co., Ltd.",25279,100,5655,452400,80,0.8,532.47,2290,18423.91,TRUE,5/5/15,5/5/15,,12/4/14
107-RW-T30,FPQ-4248,SCMS-43810,ASN-5827,Rwanda,PMO - US,Direct Drop,CIP,Air,ARV,Adult,MYLAN LABORATORIES LTD (FORMERLY MATRIX LABORATORIES),"Lamivudine/Zidovudine 150/300mg, tablets, 60 Tabs",Lamivudine/Zidovudine,Generic,150/300mg,Tablet - FDC,Mylan (formerly Matrix) Nashik,25293,60,34464,310176,9,0.15,607.94,2768,29603.24,TRUE,2/3/10,2/3/10,,4/15/09
116-ZA-T30,FPQ-5381,SCMS-69591,ASN-7345,South Africa,PMO - US,Direct Drop,DDP,Truck,ARV,Adult,S. BUYS WHOLESALER,"Stavudine 20mg [Zerit], capsules, 60 Caps",Stavudine,Zerit,20mg,Capsule,"BMS Meymac, France",25319,60,150,910.31,6.07,0.1,1.96,,,TRUE,6/4/10,6/4/10,,3/25/10
108-VN-T30,FPQ-16194,SCMS-285500,ASN-33269,Vietnam,PMO - US,Direct Drop,EXW,Air,ARV,Adult,HETERO LABS LIMITED,"Nevirapine 200mg, tablets, 60 Tabs",Nevirapine,Generic,200mg,Tablet,Hetero Unit III Hyderabad IN,25323,60,2500,5400,2.16,0.04,6.36,,,TRUE,9/3/15,9/3/15,,5/13/15
116-ZA-T30,FPQ-4770,SCMS-60170,ASN-5934,South Africa,PMO - US,Direct Drop,DDP,Truck,ARV,Adult,S. BUYS WHOLESALER,"Lopinavir/Ritonavir 200/50mg [Aluvia], tablets, 120 Tabs",Lopinavir/Ritonavir,Aluvia,200/50mg,Tablet,ABBVIE Ludwigshafen Germany,25328,120,150,6083.68,40.56,0.34,13.12,,,TRUE,12/28/09,12/28/09,,12/23/09
105-GY-T30,FPQ-10249,SCMS-153850,ASN-16935,Guyana,PMO - US,Direct Drop,EXW,Air,HRDT,HIV test,"Trinity Biotech, Plc","HIV 1/2, Uni-Gold HIV Kit, 20 Tests","HIV 1/2, Uni-Gold HIV Kit",Uni-Gold,N/A,Test kit,"Trinity Biotech, Plc",25343,20,461,14752,32,1.6,20.68,149,2115.21,TRUE,11/7/12,11/7/12,,7/26/12
103-CM-T30,FPQ-10128,SCMS-151590,ASN-15819,Cameroon,PMO - US,Direct Drop,EXW,Air,HRDT,HIV test,Orasure Technologies Inc.,"HIV 1/2, OraQuick Advance HIV Rapid Antibody Kit, 100 Tests","HIV 1/2, OraQuick Advance HIV Rapid Antibody Kit",OraQuick,N/A,Test kit,"Pacific Biotech, Thailand",25393,100,30,10500,350,3.5,14.72,72,1765.54,TRUE,8/17/12,8/17/12,,7/16/12
111-MZ-T30,FPQ-7270,SCMS-103120,ASN-10799,Mozambique,PMO - US,Direct Drop,EXW,Ocean,HRDT,HIV test,"Trinity Biotech, Plc","HIV 1/2, Uni-Gold HIV Kit, 20 Tests","HIV 1/2, Uni-Gold HIV Kit",Uni-Gold,N/A,Test kit,"Trinity Biotech, Plc",25412,20,1065,34080,32,1.6,56.23,,,TRUE,11/22/11,11/22/11,,3/30/11
114-UG-T30,FPQ-9365,SCMS-143490,ASN-14880,Uganda,PMO - US,Direct Drop,DDP,Air,ARV,Adult,ASPEN PHARMACARE,"Darunavir 300mg [Prezista], tablets, 120 Tabs",Darunavir,Prezista,300mg,Tablet,"Aspen-OSD, Port Elizabeth, SA",25423,120,63,4195.8,66.6,0.55,5.88,57,548.2,TRUE,5/18/12,5/18/12,,4/17/12
116-ZA-T30,FPQ-14942,SCMS-259073,ASN-30671,South Africa,PMO - US,Direct Drop,DDP,Truck,ARV,Adult,PHARMACY DIRECT,"Emtricitabine/Tenofovir Disoproxil Fumarate 200/300mg, tablets, 30 Tabs",Emtricitabine/Tenofovir Disoproxil Fumarate,Generic,200/300mg,Tablet - FDC,"Aurobindo Unit III, India",25476,30,11,240.13,21.83,0.73,0.25,,,FALSE,2/12/15,2/12/15,,2/12/15
114-UG-T30,FPQ-7268,SCMS-104110,ASN-12478,Uganda,PMO - US,Direct Drop,CIP,Air,ARV,Adult,MERCK SHARP & DOHME IDEA GMBH (FORMALLY MERCK SHARP & DOHME B.V.),"Raltegravir 400mg [Isentress], tablets, 60 Tabs",Raltegravir,Isentress,400mg,Tablet,"MSD, Haarlem, NL",25477,60,274,25071,91.5,1.52,41.37,28,501,TRUE,10/19/11,10/19/11,,3/25/11
900-TG-T30,FPQ-15921,SCMS-278370,ASN-31081,Togo,PMO - US,Direct Drop,EXW,Air,ARV,Adult,HETERO LABS LIMITED,"Lamivudine/Tenofovir Disoproxil Fumarate 300/300mg, tablets, 30 Tabs",Lamivudine/Tenofovir Disoproxil Fumarate,Generic,300/300mg,Tablet - FDC,Hetero Unit III Hyderabad IN,25483,30,6678,30051,4.5,0.15,35.37,734,3710.65,TRUE,4/23/15,4/23/15,,2/27/15
161-ZA-T30,FPQ-6262,SCMS-83830,ASN-9178,South Africa,PMO - US,Direct Drop,DDP,Ocean,ARV,Adult,Aurobindo Pharma Limited,"Zidovudine 300mg, tablets, 60 Tabs",Zidovudine,Generic,300mg,Tablet,"Aurobindo Unit III, India",25521,60,10357,75916.81,7.33,0.12,163.68,523,3161.68,TRUE,12/8/10,2/1/11,,9/24/10
108-VN-T30,FPQ-6384,SCMS-87770,ASN-9407,Vietnam,PMO - US,Direct Drop,EXW,Air,ARV,Adult,HETERO LABS LIMITED,"Nevirapine 200mg, tablets, 60 Tabs",Nevirapine,Generic,200mg,Tablet,Hetero Unit III Hyderabad IN,25522,60,5977,14524.11,2.43,0.04,31.31,,,FALSE,2/9/11,2/9/11,,10/18/10
151-NG-T30,FPQ-12803,SCMS-206340,ASN-23739,Nigeria,PMO - US,Direct Drop,EXW,Air,ARV,Pediatric,CIPLA LIMITED,"Abacavir 60mg, dispersible tablets, 60 Tabs",Abacavir,Generic,60mg,Chewable/dispersible tablet,"Cipla, Patalganga, India",25536,60,7325,36625,5,0.08,45.31,455,4967.03,TRUE,2/11/14,2/11/14,,9/17/13
116-ZA-T30,FPQ-15950,SCMS-277981,ASN-32394,South Africa,PMO - US,Direct Drop,DDP,Truck,ARV,Pediatric,PHARMACY DIRECT,"Ritonavir 80mg/ml [Norvir], oral solution, cool, Bottle, 90 ml",Ritonavir,Norvir,80mg/ml,Oral solution,ABBVIE (Abbott) France,25539,90,2,9.24,4.62,0.05,0.01,,,TRUE,5/26/15,5/26/15,,5/29/15
116-ZA-T30,FPQ-14942,SCMS-259071,ASN-29597,South Africa,PMO - US,Direct Drop,DDP,Truck,ARV,Adult,PHARMACY DIRECT,"Efavirenz 600mg, tablets, 30 Tabs",Efavirenz,Generic,600mg,Tablet,"Aurobindo Unit III, India",25566,30,132,1487.53,11.27,0.38,1.53,,,FALSE,11/28/14,11/28/14,,11/28/14
114-UG-T30,FPQ-13116,SCMS-212350,ASN-24416,Uganda,PMO - US,Direct Drop,EXW,Air,ARV,Pediatric,CIPLA LIMITED,"Lamivudine/Nevirapine/Zidovudine 30/50/60mg, dispersible tablets, 60 Tabs",Lamivudine/Nevirapine/Zidovudine,Generic,30/50/60mg,Chewable/dispersible tablet - FDC,"Cipla, Goa, India",25587,60,15021,60084,4,0.07,61.77,1411,13983.98,TRUE,3/21/14,3/21/14,,10/30/13
113-ZW-T30,FPQ-13939,SCMS-234750,ASN-25953,Zimbabwe,PMO - US,Direct Drop,EXW,Air Charter,ARV,Adult,MICRO LABS LIMITED,"Nevirapine 200mg, tablets, 60 Tabs",Nevirapine,Generic,200mg,Tablet,"Micro labs, Verna, Goa, India",25599,60,55000,114400,2.08,0.03,117.6,5810,46213.4,TRUE,6/14/14,6/14/14,,4/11/14
102-GY-T30,FPQ-5495,SCMS-71630,ASN-8224,Guyana,PMO - US,Direct Drop,EXW,Air,HRDT,HIV test,"Orgenics, Ltd","HIV 1/2, Determine Complete HIV Kit, 100 Tests","HIV 1/2, Determine Complete HIV Kit",Determine,N/A,Test kit,Inverness Japan,25642,100,336,30240,90,0.9,65.2,154,4268.93,TRUE,10/27/10,10/27/10,,6/21/10
116-ZA-T30,FPQ-14942,SCMS-259077,ASN-33477,South Africa,PMO - US,Direct Drop,DDP,Truck,ARV,Adult,PHARMACY DIRECT,"Didanosine 250mg, delayed-release capsules, 30 Caps",Didanosine,Generic,250mg,Delayed-release capsules,"Aurobindo Unit III, India",25676,30,5,55.08,11.02,0.37,0.06,,,TRUE,7/24/15,7/24/15,,10/9/14
106-HT-T30,FPQ-12538,SCMS-198150,ASN-21072,Haiti,PMO - US,Direct Drop,EXW,Air,ARV,Adult,MYLAN LABORATORIES LTD (FORMERLY MATRIX LABORATORIES),"Atazanavir/Ritonavir 300/100mg, tablets, 30 Tabs",Atazanavir/Ritonavir,Generic,300/100mg,Tablet,Mylan (formerly Matrix) Nashik,25706,30,4816,96320,20,0.67,119.15,647,4444.33,TRUE,8/30/13,8/30/13,,7/22/13
107-RW-T30,FPQ-4954,SCMS-64520,ASN-7396,Rwanda,PMO - US,Direct Drop,CIP,Air,ARV,Adult,MYLAN LABORATORIES LTD (FORMERLY MATRIX LABORATORIES),"Abacavir 300mg, tablets, 60 Tabs",Abacavir,Generic,300mg,Tablet,Mylan (formerly Matrix) Nashik,25726,60,26100,424125,16.25,0.27,914.41,2586,1170.2,TRUE,6/30/10,6/30/10,,2/9/10
106-HT-T30,FPQ-6834,SCMS-96430,ASN-9759,Haiti,Haiti Field Office,Direct Drop,EXW,Air,HRDT,HIV test,Orasure Technologies Inc.,"HIV 1/2, OraQuick Advance HIV Rapid Antibody Kit, 100 Tests","HIV 1/2, OraQuick Advance HIV Rapid Antibody Kit",OraQuick,N/A,Test kit,"Orasure Technologies, Inc",25749,100,127,44450,350,3.5,73.34,22,4625.81,TRUE,3/11/11,3/11/11,,1/12/11
161-ZA-T30,FPQ-5303,SCMS-68710,ASN-6750,South Africa,PMO - US,Direct Drop,DDP,Air,ARV,Adult,CIPLA LIMITED,"Tenofovir Disoproxil Fumarate 300mg, tablets, 30 Tabs",Tenofovir Disoproxil Fumarate,Generic,300mg,Tablet,"Cipla, Goa, India",25752,30,38890,304119.8,7.82,0.26,655.68,2649,3908.55,TRUE,6/11/10,6/11/10,,3/19/10
108-VN-T30,FPQ-5899,SCMS-77430,ASN-8081,Vietnam,PMO - US,Direct Drop,EXW,Air,ARV,Adult,STRIDES ARCOLAB LIMITED,"Nevirapine 200mg, tablets, 60 Tabs",Nevirapine,Generic,200mg,Tablet,"Strides, Bangalore, India.",25760,60,1247,3167.38,2.54,0.04,6.83,71,4035.45,TRUE,9/21/10,9/21/10,,7/1/10
102-MW-T30,FPQ-11638,SCMS-179350,ASN-19144,Malawi,PMO - US,Direct Drop,EXW,Air,HRDT,HIV test,"Orgenics, Ltd","HIV 1/2, Determine Complete HIV Kit, 100 Tests","HIV 1/2, Determine Complete HIV Kit",Determine,N/A,Test kit,"Alere Medical Co., Ltd.",25767,100,461,36880,80,0.8,45.62,207,5248.93,TRUE,4/30/13,4/30/13,,3/14/13
108-VN-T30,FPQ-13976,SCMS-236120,ASN-27809,Vietnam,PMO - US,Direct Drop,EXW,Air,ARV,Adult,HETERO LABS LIMITED,"Abacavir 300mg, tablets, 60 Tabs",Abacavir,Generic,300mg,Tablet,Hetero Unit III Hyderabad IN,25782,60,600,6870,11.45,0.19,7.06,,,FALSE,9/16/14,9/16/14,,4/30/14
108-VN-T30,FPQ-12051,SCMS-188660,ASN-22072,Vietnam,PMO - US,Direct Drop,EXW,Air,ARV,Adult,MYLAN LABORATORIES LTD (FORMERLY MATRIX LABORATORIES),"Lamivudine/Zidovudine 150/300mg, tablets, 60 Tabs",Lamivudine/Zidovudine,Generic,150/300mg,Tablet - FDC,Mylan (formerly Matrix) Nashik,25796,60,23063,155675.25,6.75,0.11,192.57,1984,3225.12,TRUE,11/27/13,11/27/13,,5/15/13
108-VN-T30,FPQ-12051,SCMS-188680,ASN-20555,Vietnam,PMO - US,Direct Drop,EXW,Air,ARV,Adult,Aurobindo Pharma Limited,"Lamivudine/Nevirapine/Zidovudine 150/200/300mg, tablets, 60 Tabs",Lamivudine/Nevirapine/Zidovudine,Generic,150/300/200mg,Tablet - FDC,"Aurobindo Unit III, India",25809,60,12488,101777.2,8.15,0.14,125.9,1846,3314.03,TRUE,9/3/13,9/3/13,,5/17/13
111-MZ-T30,FPQ-8116,SCMS-118370,ASN-12475,Mozambique,PMO - US,Direct Drop,EXW,Air,HRDT,HIV test,"Orgenics, Ltd","HIV 1/2, Determine HIV Kit, without Lancets, 100 Tests","HIV 1/2, Determine HIV Kit, without Lancets",Determine,N/A,Test kit,Inverness Japan,25824,100,7409,575679.3,77.7,0.78,949.87,1275,15873.44,TRUE,11/22/11,11/22/11,,8/30/11
161-ZA-T30,FPQ-6708,SCMS-93580,ASN-10111,South Africa,PMO - US,Direct Drop,DDP,Ocean,ARV,Adult,CIPLA LIMITED,"Tenofovir Disoproxil Fumarate 300mg, tablets, 30 Tabs",Tenofovir Disoproxil Fumarate,Generic,300mg,Tablet,"Cipla, Goa, India",25828,30,12346,84693.56,6.86,0.23,139.74,820,9177.19,TRUE,4/8/11,5/5/11,,12/14/10
161-ZA-T30,FPQ-5303,SCMS-68980,ASN-8160,South Africa,PMO - US,Direct Drop,DDP,Air,ARV,Pediatric,Aurobindo Pharma Limited,"Lamivudine 10mg/ml, oral solution w/syringe, Bottle, 240 ml",Lamivudine,Generic,10mg/ml,Oral solution,"Aurobindo Unit III, India",25830,240,11640,34920,3,0.01,75.29,4386,12917.3,TRUE,8/24/10,12/8/10,,3/19/10
109-TZ-T30,FPQ-9211,SCMS-136920,ASN-14276,Tanzania,PMO - US,Direct Drop,EXW,Air,HRDT,HIV test,"Orgenics, Ltd","HIV 1/2, Determine Complete HIV Kit, 100 Tests","HIV 1/2, Determine Complete HIV Kit",Determine,N/A,Test kit,"Alere Medical Co., Ltd.",25844,100,1130,90400,80,0.8,126.74,537,10626.8,TRUE,5/8/12,5/8/12,,2/17/12
123-NG-T30,FPQ-8934,SCMS-140020,ASN-15131,Nigeria,PMO - US,Direct Drop,EXW,Air,ACT,ACT,NOVARTIS PHARMA SERVICES AG,"Artemether/Lumefantrine 20/120mg [Coartem], scored tablets, Blister 30 x 24 Tabs",Artemether/Lumefantrine,Coartem,20/120mg,Tablet - FDC + blister,"Novartis Pharma Suffern, USA",25854,720,2884,131510.4,45.6,0.06,184.38,2006,12723.32,TRUE,6/29/12,6/29/12,,5/15/12
108-VN-T30,FPQ-3896,SCMS-48270,ASN-5131,Vietnam,PMO - US,Direct Drop,EXW,Air,ARV,Adult,Aurobindo Pharma Limited,"Lamivudine/Nevirapine/Zidovudine 150/200/300mg, tablets, 60 Tabs",Lamivudine/Nevirapine/Zidovudine,Generic,150/300/200mg,Tablet - FDC,"Aurobindo Unit III, India",25886,60,8500,94775,11.15,0.19,185.76,3099,5018.69,TRUE,10/26/09,10/26/09,,6/26/09
105-SS-T30,FPQ-15569,SCMS-272170,ASN-32109,South Sudan,PMO - US,Direct Drop,EXW,Air,HRDT,HIV test - Ancillary,"Orgenics, Ltd","Chase Buffer, Determine, 100 Tests, 2.5ml x 1 Vial","Chase Buffer, Determine, 100 Tests, 2.5ml x 1 Vial",Determine,N/A,Test kit - Ancillary,"Alere Medical Co., Ltd.",25915,1,45,225,5,5,0.26,,,TRUE,7/2/15,7/7/15,,2/20/15
108-VN-T30,FPQ-13976,SCMS-236060,ASN-27812,Vietnam,PMO - US,Direct Drop,EXW,Air,ARV,Adult,HETERO LABS LIMITED,"Tenofovir Disoproxil Fumarate 300mg, tablets, 30 Tabs",Tenofovir Disoproxil Fumarate,Generic,300mg,Tablet,Hetero Unit III Hyderabad IN,25926,30,7000,24850,3.55,0.12,25.55,2190,3467.7,TRUE,9/22/14,9/22/14,,4/30/14
106-HT-T30,FPQ-15038,SCMS-262980,ASN-30463,Haiti,PMO - US,Direct Drop,EXW,Ocean,ARV,Adult,HETERO LABS LIMITED,"Nevirapine 200mg, tablets, 60 Tabs",Nevirapine,Generic,200mg,Tablet,Hetero Unit III Hyderabad IN,25928,60,12600,27216,2.16,0.04,27.98,,,FALSE,4/9/15,4/9/15,,1/7/15
104-CI-T30,FPQ-6739,SCMS-94620,ASN-10120,Côte d'Ivoire,PMO - US,Direct Drop,EXW,Air,HRDT,HIV test,"Orgenics, Ltd","HIV 1/2, Determine HIV Kit, without Lancets, 100 Tests","HIV 1/2, Determine HIV Kit, without Lancets",Determine,N/A,Test kit,Inverness Japan,25930,100,3293,255866.1,77.7,0.78,422.18,747,14934.26,TRUE,3/28/11,3/28/11,,12/22/10
901-CM-T30,FPQ-12837,SCMS-206310,ASN-22467,Cameroon,PMO - US,Direct Drop,EXW,Air,ARV,Adult,STRIDES ARCOLAB LIMITED,"Efavirenz 600mg, tablets, 30 Tabs",Efavirenz,Generic,600mg,Tablet,"Strides, Bangalore, India.",25956,30,25945,82764.55,3.19,0.11,102.38,1638,18141.62,TRUE,11/7/13,11/7/13,,9/13/13
133-NG-T30,FPQ-10349,SCMS-155321,ASN-17166,Nigeria,PMO - US,Direct Drop,EXW,Air,HRDT,HIV test,"Orgenics, Ltd","HIV 1/2, Determine Complete HIV Kit, 100 Tests","HIV 1/2, Determine Complete HIV Kit",Determine,N/A,Test kit,"Alere Medical Co., Ltd.",25967,100,2744,244216,89,0.89,342.39,1303,28734.43,TRUE,11/28/12,11/27/12,,8/13/12
102-SD-T30,FPQ-6171,SCMS-81730,ASN-8853,Sudan,PMO - US,Direct Drop,EXW,Air,HRDT,HIV test,"Standard Diagnostics, Inc.","HIV 1/2, Bioline 3.0 Kit, Lancets, Capillary pipets, Alcohol swabs included, 25 Tests","HIV 1/2, Bioline 3.0 Kit, Lancets, Capillary pipets, Alcohol swabs included",Bioline,N/A,Test kit,"Standard Diagnostics, Korea",25982,25,16,320,20,0.8,0.69,139,1629.85,TRUE,12/1/10,12/1/10,,8/23/10
900-SS-T30,FPQ-10504,SCMS-157880,ASN-16852,South Sudan,PMO - US,Direct Drop,EXW,Air,HRDT,HIV test - Ancillary,"Orgenics, Ltd","Capillary Tubes, for Determine, EDTA, 50uL,100 Pcs","HIV, Capillary Tubes, for Determine, EDTA, 50uL,100 Pcs",Determine,N/A,Test kit - Ancillary,"Alere Medical Co., Ltd.",25990,100,640,5120,8,0.08,7.18,331,7539.52,TRUE,12/13/12,12/13/12,,8/21/12
101-CD-T30,FPQ-13548,SCMS-224840,ASN-24721,"Congo, DRC",PMO - US,Direct Drop,EXW,Air,HRDT,HIV test,"Trinity Biotech, Plc","HIV 1/2, Uni-Gold HIV Kit, 20 Tests","HIV 1/2, Uni-Gold HIV Kit",Uni-Gold,N/A,Test kit,"Trinity Biotech, Plc",26002,20,17,544,32,1.6,0.56,,,FALSE,4/4/14,4/4/14,,1/28/14
116-ZA-T30,FPQ-3596,SCMS-50370,ASN-5458,South Africa,PMO - US,Direct Drop,DDP,Truck,ARV,Pediatric,S. BUYS WHOLESALER,"Efavirenz 50mg, capsule, 30 Caps",Efavirenz,Generic,50mg,Capsule,"Aurobindo Unit III, India",26015,30,708,2696.29,3.81,0.13,5.28,,,TRUE,10/27/09,10/27/09,,9/22/09
107-RW-T30,FPQ-9965,SCMS-148040,ASN-15289,Rwanda,PMO - US,Direct Drop,FCA,Air,ARV,Pediatric,ABBVIE LOGISTICS (FORMERLY ABBOTT LOGISTICS BV),"Lopinavir/Ritonavir 80/20mg/ml [Kaletra], oral solution, cool, Bottle 5 x 60 ml",Lopinavir/Ritonavir,Kaletra,80/20mg/ml,Oral solution,ABBVIE (Abbott) Logis. UK,26019,300,255,7859.1,30.82,0.1,11.02,253,2455.7,TRUE,6/29/12,6/29/12,,6/1/12
107-RW-T30,FPQ-6185,SCMS-84440,ASN-9043,Rwanda,PMO - US,Direct Drop,CIP,Air,ARV,Adult,HETERO LABS LIMITED,"Nevirapine 200mg, tablets, 60 Tabs",Nevirapine,Generic,200mg,Tablet,Hetero Unit III Hyderabad IN,26082,60,62671,165451.44,2.64,0.04,356.71,3666,14890.63,TRUE,12/9/10,12/9/10,,9/17/10
107-RW-T30,FPQ-10223,SCMS-152910,ASN-15896,Rwanda,PMO - US,Direct Drop,EXW,Air,ARV,Adult,Aurobindo Pharma Limited,"Nevirapine 200mg, tablets, 60 Tabs",Nevirapine,Generic,200mg,Tablet,"Aurobindo Unit III, India",26093,60,57364,129069,2.25,0.04,180.95,5468,48501.5,TRUE,9/9/12,9/9/12,,7/16/12
116-ZA-T30,FPQ-14942,SCMS-295800,ASN-33865,South Africa,PMO - US,Direct Drop,DDP,Truck,ARV,Adult,PHARMACY DIRECT,"Lamivudine/Zidovudine 150/300mg, tablets, 60 Tabs",Lamivudine/Zidovudine,Generic,150/300mg,Tablet - FDC,"Aurobindo Unit III, India",26117,60,24,551.92,23,0.38,0.57,,,FALSE,8/24/15,8/24/15,,8/24/15
116-ZA-T30,FPQ-3560,SCMS-49641,ASN-5136,South Africa,PMO - US,Direct Drop,DDP,Truck,ARV,Adult,S. BUYS WHOLESALER,"Efavirenz 600mg, tablets, 30 Tabs",Efavirenz,Generic,600mg,Tablet,"Cipla, Goa, India",26121,30,6715,127912.01,19.05,0.64,250.71,,,FALSE,8/5/09,8/5/09,,7/21/09
110-ZM-T30,FPQ-8315,SCMS-120583,ASN-16493,Zambia,PMO - US,Direct Drop,EXW,Air,HRDT,HIV test,"Trinity Biotech, Plc","HIV 1/2, Uni-Gold HIV Kit, 20 Tests","HIV 1/2, Uni-Gold HIV Kit",Uni-Gold,N/A,Test kit,"Trinity Biotech, Plc",26131,20,3640,116480,32,1.6,192.19,1213,15504.42,TRUE,10/17/12,10/17/12,,9/19/11
107-RW-T30,FPQ-3859,SCMS-48831,ASN-5800,Rwanda,PMO - US,Direct Drop,CIP,Air,ARV,Adult,Aurobindo Pharma Limited,"Tenofovir Disoproxil Fumarate 300mg, tablets, 30 Tabs",Tenofovir Disoproxil Fumarate,Generic,300mg,Tablet,"Aurobindo Unit III, India",26171,30,276,2362.56,8.56,0.29,4.63,26,2187.01,TRUE,1/27/10,1/27/10,,7/16/09
109-TZ-T30,FPQ-7909,SCMS-114980,ASN-11930,Tanzania,PMO - US,Direct Drop,EXW,Air,HRDT,HIV test,"Standard Diagnostics, Inc.","HIV 1/2, Bioline 3.0 Kit, Lancets, Capillary pipets, Alcohol swabs included, 25 Tests","HIV 1/2, Bioline 3.0 Kit, Lancets, Capillary pipets, Alcohol swabs included",Bioline,N/A,Test kit,"Standard Diagnostics, Korea",26188,25,10000,200000,20,0.8,330,3334,23030.38,TRUE,9/29/11,9/29/11,,7/18/11
108-VN-T30,FPQ-15040,SCMS-263630,ASN-31648,Vietnam,PMO - US,Direct Drop,EXW,Air,ARV,Adult,MYLAN LABORATORIES LTD (FORMERLY MATRIX LABORATORIES),"Efavirenz/Lamivudine/Tenofovir Disoproxil Fumarate 600/300/300mg, tablets, 30 Tabs",Efavirenz/Lamivudine/Tenofovir Disoproxil Fumarate,Generic,600/300/300mg,Tablet - FDC,Mylan (formerly Matrix) Nashik,26192,30,18616,188952.4,10.15,0.34,194.24,2101,4384.01,TRUE,6/1/15,6/1/15,,12/8/14
116-ZA-T30,FPQ-11828,SCMS-183950,ASN-19166,South Africa,South Africa Field Office,Direct Drop,DDP,Truck,ARV,Adult,S. BUYS WHOLESALER,"Efavirenz 600mg, tablets, 30 Tabs",Efavirenz,Generic,600mg,Tablet,"Cipla, Goa, India",26208,30,22333,359064.75,16.08,0.54,444.16,,,FALSE,4/16/13,4/16/13,,
102-KE-T30,FPQ-3976,SCMS-52791,ASN-4981,Kenya,PMO - US,Direct Drop,EXW,Air,HRDT,HIV test,"Trinity Biotech, Plc","HIV 1/2, Uni-Gold HIV Kit, 20 Tests","HIV 1/2, Uni-Gold HIV Kit",Uni-Gold,N/A,Test kit,"Trinity Biotech, Plc",26250,20,2000,64000,32,1.6,125.44,682,7258.89,TRUE,10/13/09,10/13/09,,9/3/09
102-BI-T30,FPQ-15492,SCMS-269300,ASN-32092,Burundi,PMO - US,Direct Drop,EXW,Air,HRDT,HIV test,"Orgenics, Ltd","HIV 1/2, Determine Complete HIV Kit, 100 Tests","HIV 1/2, Determine Complete HIV Kit",Determine,N/A,Test kit,"Alere Medical Co., Ltd.",26260,100,1582,126560,80,0.8,148.96,,,TRUE,7/7/15,7/7/15,,1/26/15
103-ZW-T30,FPQ-15220,SCMS-261590,ASN-31188,Zimbabwe,PMO - US,Direct Drop,FCA,Air,ARV,Pediatric,ABBVIE LOGISTICS (FORMERLY ABBOTT LOGISTICS BV),"Lopinavir/Ritonavir 80/20mg/ml [Kaletra], oral solution, cool, Bottle 5 x 60 ml",Lopinavir/Ritonavir,Kaletra,80/20mg/ml,Oral solution,ABBVIE (Abbott) Logis. UK,26265,300,2626,80933.32,30.82,0.1,95.26,2584,20480.64,TRUE,5/7/15,5/7/15,,10/30/14
116-ZA-T30,FPQ-14942,SCMS-259072,ASN-30376,South Africa,PMO - US,Direct Drop,DDP,Truck,ARV,Adult,PHARMACY DIRECT,"Saquinavir 200mg [Invirase], capsules, 270 Caps",Saquinavir,Invirase,200mg,Capsule,Roche Madrid,26294,270,27,1498.82,55.51,0.21,1.54,,,TRUE,1/26/15,1/26/15,,1/26/15
116-ZA-T30,FPQ-11828,SCMS-183950,ASN-19166,South Africa,South Africa Field Office,Direct Drop,DDP,Truck,ARV,Adult,S. BUYS WHOLESALER,"Lamivudine 150mg [Epivir], tablets, 60 Tabs",Lamivudine,Epivir,150mg,Tablet,GSK Ware (UK),26341,60,3532,41483.17,11.74,0.2,51.31,,,FALSE,4/16/13,4/16/13,,
900-SS-T30,FPQ-11623,SCMS-178030,ASN-19143,South Sudan,PMO - US,Direct Drop,EXW,Air,HRDT,HIV test - Ancillary,"Orgenics, Ltd","Capillary Tubes, for Determine, EDTA, 50uL,100 Pcs","HIV, Capillary Tubes, for Determine, EDTA, 50uL,100 Pcs",Determine,N/A,Test kit - Ancillary,"Alere Medical Co., Ltd.",26345,100,214,1712,8,0.08,2.12,97,2590.24,TRUE,8/16/13,8/16/13,,2/27/13
127-KE-T30,FPQ-7907,SCMS-115320,ASN-12097,Kenya,PMO - US,Direct Drop,EXW,Air,HRDT,HIV test,"Orgenics, Ltd","HIV 1/2, Determine Complete HIV Kit, 100 Tests","HIV 1/2, Determine Complete HIV Kit",Determine,N/A,Test kit,Inverness Japan,26397,100,7318,651302,89,0.89,1074.65,2556,29339.63,TRUE,9/30/11,9/30/11,,7/20/11
119-NA-T30,FPQ-4186,SCMS-53270,ASN-5204,Namibia,PMO - US,Direct Drop,EXW,Air,HRDT,HIV test,"Trinity Biotech, Plc","HIV 1/2, Uni-Gold HIV Kit, 20 Tests","HIV 1/2, Uni-Gold HIV Kit",Uni-Gold,N/A,Test kit,"Trinity Biotech, Plc",26410,20,1000,32000,32,1.6,62.72,345,8858.67,TRUE,10/27/09,10/27/09,,9/11/09
116-ZA-T30,FPQ-12522,SCMS-199283,ASN-27978,South Africa,PMO - US,Direct Drop,DDP,Truck,ARV,Adult,S. BUYS WHOLESALER,"Tenofovir Disoproxil Fumarate 300mg, tablets, 30 Tabs",Tenofovir Disoproxil Fumarate,Generic,300mg,Tablet,"Aurobindo Unit III, India",26427,30,211,4768.7,22.6,0.75,5.9,,,FALSE,8/27/14,8/27/14,,8/27/14
110-ZM-T30,FPQ-6263,SCMS-87290,ASN-8998,Zambia,PMO - US,Direct Drop,EXW,Air,HRDT,HIV test,"Orgenics, Ltd","HIV 1/2, Determine Complete HIV Kit, 100 Tests","HIV 1/2, Determine Complete HIV Kit",Determine,N/A,Test kit,Inverness Japan,26440,100,2730,218400,80,0.8,470.87,1318,21737.72,TRUE,12/17/10,12/17/10,,10/7/10
123-NG-T30,FPQ-9201,SCMS-144320,ASN-14987,Nigeria,PMO - US,Direct Drop,EXW,Air,ANTM,Malaria,IDA FOUNDATION,"Sulfadoxine/Pyrimethamine 500/25mg, tablets, Blister 10 x 3 Tabs",Sulfadoxine/Pyrimethamine,Generic,500/25mg,Tablet - FDC + blister,"Micro Labs Ltd. (Brown & Burk), India",26466,30,1200,1836,1.53,0.05,2.57,52,428.66,TRUE,6/5/12,6/5/12,,5/1/12
102-ML-T30,FPQ-13391,SCMS-221920,ASN-24156,Mali,PMO - US,Direct Drop,EXW,Air,HRDT,HIV test,Orasure Technologies Inc.,"HIV 1/2, OraQuick Advance HIV Rapid Antibody Kit, 100 Tests","HIV 1/2, OraQuick Advance HIV Rapid Antibody Kit",OraQuick,N/A,Test kit,"Pacific Biotech, Thailand",26505,100,4,1400,350,3.5,1.44,11,1195.24,TRUE,2/12/14,2/12/14,,1/22/14
123-NG-T30,FPQ-7742,SCMS-111230,ASN-11793,Nigeria,PMO - US,Direct Drop,EXW,Air,ANTM,Malaria,IDA FOUNDATION,"Sulfadoxine/Pyrimethamine 500/25mg, tablets, Blister 10 x 3 Tabs",Sulfadoxine/Pyrimethamine,Generic,500/25mg,Tablet - FDC + blister,"Remedica, Limassol, Cyprus",26558,30,300,330,1.1,0.04,0.54,13,365.48,TRUE,9/13/11,9/13/11,,6/21/11
144-BW-T30,FPQ-4167,SCMS-54170,ASN-5725,Botswana,PMO - US,Direct Drop,EXW,Air,HRDT,HIV test - Ancillary,Orasure Technologies Inc.,"#109435**HIV, OraQuick Controls Kit, 3 Vials","HIV, OraQuick Controls Kit, 3 Vials",OraQuick,N/A,Test kit - Ancillary,"Orasure Technologies, Inc USA",26571,3,10,250,25,8.33,0.49,6,322.12,TRUE,2/5/10,2/5/10,,9/30/09
116-ZA-T30,FPQ-14942,SCMS-259072,ASN-30376,South Africa,PMO - US,Direct Drop,DDP,Truck,ARV,Pediatric,PHARMACY DIRECT,"Atazanavir 150mg [Reyataz], capsules, 60 Caps",Atazanavir,Reyataz,150mg,Capsule,"BMS Evansville, US",26576,60,6,95.4,15.9,0.26,0.1,,,FALSE,1/26/15,1/26/15,,1/26/15
116-ZA-T30,FPQ-12522,SCMS-199289,ASN-28036,South Africa,PMO - US,Direct Drop,DDP,Truck,ARV,Adult,S. BUYS WHOLESALER,"Didanosine 400mg, delayed-release capsules, 30 Caps",Didanosine,Generic,400mg,Delayed-release capsules,"Aurobindo Unit III, India",26590,30,31,672.87,21.71,0.72,0.83,,,FALSE,8/29/14,8/29/14,,8/29/14
161-ZA-T30,FPQ-5303,SCMS-68860,ASN-6932,South Africa,PMO - US,Direct Drop,DDP,Air,ARV,Adult,Aurobindo Pharma Limited,"Efavirenz 600mg, tablets, 30 Tabs",Efavirenz,Generic,600mg,Tablet,"Aurobindo Unit III, India",26591,30,53954,251965.19,4.67,0.16,543.24,4564,6105.79,TRUE,6/1/10,6/4/10,,3/19/10
108-VN-T30,FPQ-13524,SCMS-226260,ASN-26927,Vietnam,PMO - US,Direct Drop,EXW,Air,ARV,Adult,HETERO LABS LIMITED,"Lamivudine 150mg, tablets, 60 Tabs",Lamivudine,Generic,150mg,Tablet,Hetero Unit III Hyderabad IN,26612,60,18600,34410,1.85,0.03,35.37,2175,4354.8,TRUE,8/13/14,8/13/14,,3/10/14
114-UG-T30,FPQ-9365,SCMS-142240,ASN-14834,Uganda,PMO - US,Direct Drop,CIP,Air,ARV,Adult,MERCK SHARP & DOHME IDEA GMBH (FORMALLY MERCK SHARP & DOHME B.V.),"Raltegravir 400mg [Isentress], tablets, 60 Tabs",Raltegravir,Isentress,400mg,Tablet,"MSD, Haarlem, NL",26617,60,189,10489.5,55.5,0.92,14.71,19,710,TRUE,5/21/12,5/21/12,,4/4/12
105-SS-T30,FPQ-15569,SCMS-272160,ASN-31337,South Sudan,PMO - US,Direct Drop,EXW,Air,HRDT,HIV test - Ancillary,"Orgenics, Ltd","Chase Buffer, Determine, 100 Tests, 2.5ml x 1 Vial","Chase Buffer, Determine, 100 Tests, 2.5ml x 1 Vial",Determine,N/A,Test kit - Ancillary,"Alere Medical Co., Ltd.",26619,1,45,225,5,5,0.26,,,TRUE,6/3/15,6/3/15,,2/20/15
116-ZA-T30,FPQ-13973,SCMS-238554,ASN-28627,South Africa,PMO - US,Direct Drop,DDP,Truck,ARV,Adult,PHARMACY DIRECT,"Nevirapine 200mg, tablets, 60 Tabs",Nevirapine,Generic,200mg,Tablet,"Aurobindo Unit III, India",26655,60,12,212.96,17.75,0.3,0.22,,,FALSE,10/3/14,10/3/14,,10/3/14
102-BW-T30,FPQ-10435,SCMS-155770,ASN-15983,Botswana,PMO - US,Direct Drop,EXW,Air,HRDT,HIV test,"Trinity Biotech, Plc","HIV 1/2, Uni-Gold HIV Kit, 20 Tests","HIV 1/2, Uni-Gold HIV Kit",Uni-Gold,N/A,Test kit,"Trinity Biotech, Plc",26686,20,4000,128000,32,1.6,179.46,1315,13179.8,TRUE,8/27/12,8/27/12,,8/2/12
108-VN-T30,FPQ-11418,SCMS-176190,ASN-19193,Vietnam,PMO - US,Direct Drop,EXW,Air,ARV,Pediatric,Aurobindo Pharma Limited,"Zidovudine 10mg/ml, oral solution w/syringe, Bottle, 240 ml",Zidovudine,Generic,10mg/ml,Oral solution,"Aurobindo Unit III, India",26718,240,179,375.9,2.1,0.01,0.46,,,FALSE,5/24/13,5/24/13,,2/5/13
103-SS-T30,FPQ-11382,SCMS-173330,ASN-18684,South Sudan,PMO - US,Direct Drop,EXW,Air,HRDT,HIV test,"Orgenics, Ltd","HIV 1/2, Determine Complete HIV Kit, 100 Tests","HIV 1/2, Determine Complete HIV Kit",Determine,N/A,Test kit,"Alere Medical Co., Ltd.",26741,100,544,48416,89,0.89,59.89,226,5613.63,TRUE,5/9/13,5/9/13,,1/22/13
116-ZA-T30,FPQ-11828,SCMS-183950,ASN-19166,South Africa,South Africa Field Office,Direct Drop,DDP,Truck,ARV,Pediatric,S. BUYS WHOLESALER,"Lamivudine 10mg/ml, oral solution, Bottle, 240 ml",Lamivudine,Generic,10mg/ml,Oral solution,"Cipla, Goa, India",26786,240,43,317.79,7.39,0.03,0.39,,,FALSE,4/15/13,4/16/13,,
116-ZA-T30,FPQ-13214,SCMS-215410,ASN-23875,South Africa,PMO - US,Direct Drop,DDP,Truck,ARV,Adult,S. BUYS WHOLESALER,"Lamivudine 150mg [Epivir], tablets, 60 Tabs",Lamivudine,Epivir,150mg,Tablet,GSK Cape Town Factory (South Africa),26791,60,2314,26605.58,11.5,0.19,27.35,,,FALSE,1/13/14,1/13/14,,12/2/13
133-NG-T30,FPQ-16329,SCMS-289130,ASN-32958,Nigeria,PMO - US,Direct Drop,EXW,Air,HRDT,HIV test,"Orgenics, Ltd","HIV 1/2, Determine Complete HIV Kit, 100 Tests","HIV 1/2, Determine Complete HIV Kit",Determine,N/A,Test kit,"Alere Medical Co., Ltd.",26800,100,6392,568888,89,0.89,669.58,2592,,TRUE,7/14/15,7/9/15,,5/26/15
109-TZ-T30,FPQ-4157,SCMS-52774,ASN-5621,Tanzania,PMO - US,Direct Drop,EXW,Air,HRDT,HIV test,"Orgenics, Ltd","HIV 1/2, Determine HIV Kit, without Lancets, 100 Tests","HIV 1/2, Determine HIV Kit, without Lancets",Determine,N/A,Test kit,Inverness Japan,26821,100,950,66500,70,0.7,130.34,216,3744.18,TRUE,12/11/09,12/11/09,,9/3/09
161-ZA-T30,FPQ-5303,SCMS-68750,ASN-8702,South Africa,PMO - US,Direct Drop,DDP,Air,ARV,Adult,CIPLA LIMITED,"Tenofovir Disoproxil Fumarate 300mg, tablets, 30 Tabs",Tenofovir Disoproxil Fumarate,Generic,300mg,Tablet,"Cipla, Goa, India",26829,30,44717,349686.94,7.82,0.26,753.93,3071,3646.13,TRUE,10/13/10,11/29/10,,3/19/10
111-MZ-T30,FPQ-4740,SCMS-62330,ASN-6688,Mozambique,PMO - US,Direct Drop,CIP,Air,ARV,Adult,INTERNATIONAL HEALTHCARE DISTRIBUTORS,"Ritonavir 100mg [Norvir], capsules, cool, 84 Caps",Ritonavir,Norvir,100mg,Capsule,ABBVIE (Abbott) Logis. UK,26841,84,620,6417,10.35,0.12,13.84,,,TRUE,4/20/10,4/20/10,,1/25/10
102-SD-T30,FPQ-8261,SCMS-120463,ASN-12332,Sudan,PMO - US,Direct Drop,EXW,Air,HRDT,HIV test,"Trinity Biotech, Plc","HIV 1/2, Uni-Gold HIV Kit, 20 Tests","HIV 1/2, Uni-Gold HIV Kit",Uni-Gold,N/A,Test kit,"Trinity Biotech, Plc",26843,20,11,352,32,1.6,0.58,5,578.73,TRUE,1/11/12,1/11/12,,9/7/11
161-ZA-T30,FPQ-5648,SCMS-75660,ASN-8694,South Africa,PMO - US,Direct Drop,DDP,Ocean,ARV,Adult,Aurobindo Pharma Limited,"Efavirenz 600mg, tablets, 30 Tabs",Efavirenz,Generic,600mg,Tablet,"Aurobindo Unit III, India",26849,30,108211,488031.62,4.51,0.15,1052.2,,,TRUE,10/12/10,12/15/10,,6/17/10
161-ZA-T30,FPQ-6262,SCMS-83790,ASN-9477,South Africa,PMO - US,Direct Drop,DDP,Ocean,ARV,Pediatric,Aurobindo Pharma Limited,"Nevirapine 10mg/ml, oral suspension w/syringe, Bottle, 240 ml",Nevirapine,Generic,10mg/ml,Oral suspension,"Aurobindo Unit III, India",26879,240,10233,21693.96,2.12,0.01,46.77,3542,6660.05,TRUE,1/6/11,3/10/11,,9/24/10
901-CM-T30,FPQ-12837,SCMS-204290,ASN-23339,Cameroon,PMO - US,Direct Drop,EXW,Air,ARV,Adult,Aurobindo Pharma Limited,"Efavirenz/Lamivudine/Tenofovir Disoproxil Fumarate 600/300/300mg, tablets, 30 Tabs",Efavirenz/Lamivudine/Tenofovir Disoproxil Fumarate,Generic,600/300/300mg,Tablet - FDC,"Aurobindo Unit VII, IN",26895,30,1531,17070.65,11.15,0.37,21.12,,,TRUE,1/8/14,1/8/14,,8/23/13
106-HT-T30,FPQ-11065,SCMS-169350,ASN-18782,Haiti,PMO - US,Direct Drop,EXW,Air,HRDT,HIV test,"SHANGHAI KEHUA BIOENGINEERING CO.,LTD.  (KHB)","HIV 1/2, SKB Colloidal Gold, Diagnostic Kit, Antibody, 50 Tests","HIV 1/2, Colloidal Gold, Diagnostic Kit, Antibody",Colloidal Gold,N/A,Test kit,"KHB Test Kit Facility, Shanghai China",26898,1,250,6125,24.5,24.5,7.58,164,2179.49,TRUE,4/25/13,4/25/13,,12/12/12
117-ET-T30,FPQ-6608,SCMS-92100,ASN-9295,Ethiopia,PMO - US,Direct Drop,EXW,Air,HRDT,HIV test,"SHANGHAI KEHUA BIOENGINEERING CO.,LTD.  (KHB)","HIV 1/2, SKB Colloidal Gold, Diagnostic Kit, Antibody, 50 Tests","HIV 1/2, Colloidal Gold, Diagnostic Kit, Antibody",Colloidal Gold,N/A,Test kit,"KHB Test Kit Facility, Shanghai China",26917,1,990,22770,23,23,37.57,718,6161.42,TRUE,1/13/11,1/13/11,,11/24/10
116-ZA-T30,FPQ-13035,SCMS-215370,ASN-24415,South Africa,PMO - US,Direct Drop,DDP,Truck,ARV,Adult,S. BUYS WHOLESALER,"Zidovudine 300mg, tablets, 60 Tabs",Zidovudine,Generic,300mg,Tablet,"Aurobindo Unit III, India",26927,60,62,1448.18,23.36,0.39,1.79,,,FALSE,2/6/14,2/6/14,,12/2/13
106-HT-T30,FPQ-14083,SCMS-240110,ASN-27824,Haiti,PMO - US,Direct Drop,FCA,Air,ARV,Adult,ABBVIE LOGISTICS (FORMERLY ABBOTT LOGISTICS BV),"Lopinavir/Ritonavir 200/50mg [Aluvia], tablets, 120 Tabs",Lopinavir/Ritonavir,Aluvia,200/50mg,Tablet,ABBVIE Ludwigshafen Germany,26961,120,1008,18809.28,18.66,0.16,19.34,406,2562.6,TRUE,9/26/14,9/26/14,,5/28/14
114-UG-T30,FPQ-14325,SCMS-244370,ASN-29012,Uganda,PMO - US,Direct Drop,FCA,Air,ARV,Adult,ABBVIE LOGISTICS (FORMERLY ABBOTT LOGISTICS BV),"Ritonavir 100mg [Norvir], film coated tablets, 60 Tabs",Ritonavir,Norvir,100mg,Tablet,ABBVIE Ludwigshafen Germany,26965,60,579,3966.15,6.85,0.11,4.08,83,800,TRUE,11/8/14,11/8/14,,6/23/14
108-VN-T30,FPQ-10811,SCMS-164660,ASN-18971,Vietnam,PMO - US,Direct Drop,EXW,Air,ARV,Pediatric,STRIDES ARCOLAB LIMITED,"Lamivudine/Nevirapine/Zidovudine 30/50/60mg, dispersible tablets, 60 Tabs",Lamivudine/Nevirapine/Zidovudine,Generic,30/50/60mg,Chewable/dispersible tablet - FDC,"Strides, Bangalore, India.",26985,60,3881,15524,4,0.07,19.2,,,FALSE,5/16/13,5/16/13,,11/7/12
116-ZA-T30,FPQ-14942,SCMS-259071,ASN-29597,South Africa,PMO - US,Direct Drop,DDP,Truck,ARV,Adult,PHARMACY DIRECT,"Nevirapine 200mg, tablets, 60 Tabs",Nevirapine,Generic,200mg,Tablet,"Aurobindo Unit III, India",26996,60,22,282.13,12.82,0.21,0.29,,,FALSE,11/28/14,11/28/14,,11/28/14
104-CI-T30,FPQ-10636,SCMS-162550,ASN-18558,Côte d'Ivoire,PMO - US,Direct Drop,EXW,Air,ARV,Adult,MYLAN LABORATORIES LTD (FORMERLY MATRIX LABORATORIES),"Atazanavir/Ritonavir 300/100mg, tablets, 30 Tabs",Atazanavir/Ritonavir,Generic,300/100mg,Tablet,Mylan (formerly Matrix) Nashik,27015,30,1400,31500,22.5,0.75,44.16,364,4171.65,TRUE,3/21/13,3/21/13,,10/12/12
161-ZA-T30,FPQ-5303,SCMS-68720,ASN-7537,South Africa,PMO - US,Direct Drop,DDP,Air,ARV,Adult,CIPLA LIMITED,"Tenofovir Disoproxil Fumarate 300mg, tablets, 30 Tabs",Tenofovir Disoproxil Fumarate,Generic,300mg,Tablet,"Cipla, Goa, India",27026,30,2016,15765.12,7.82,0.26,33.99,136,1881.24,TRUE,7/19/10,7/29/10,,3/19/10
105-GH-T30,FPQ-13809,SCMS-234100,ASN-27344,Ghana,PMO - US,Direct Drop,EXW,Air,ARV,Adult,HETERO LABS LIMITED,"Lamivudine/Tenofovir Disoproxil Fumarate 300/300mg, tablets, 30 Tabs",Lamivudine/Tenofovir Disoproxil Fumarate,Generic,300/300mg,Tablet - FDC,Hetero Unit III Hyderabad IN,27049,30,17447,80605.14,4.62,0.15,82.86,1825,10790.63,TRUE,9/8/14,9/8/14,,4/14/14
133-NG-T30,FPQ-12458,SCMS-196570,ASN-21226,Nigeria,PMO - US,Direct Drop,EXW,Air,HRDT,HIV test,"CHEMBIO DIAGNOSTIC SYSTEMS, INC.","HIV 1/2, Stat-Pak HIV, Kit, 20 Tests","HIV 1/2, Stat-Pak HIV, Kit",Stat-Pak,N/A,Test kit,Chembio Diagnostics Sys. Inc.,27067,20,202,6464,32,1.6,8,60,624.92,TRUE,8/27/13,8/27/13,,7/10/13
114-UG-T30,FPQ-11141,SCMS-173430,ASN-20630,Uganda,PMO - US,Direct Drop,FCA,Air,ARV,Pediatric,ABBVIE LOGISTICS (FORMERLY ABBOTT LOGISTICS BV),"Lopinavir/Ritonavir 100/25mg [Aluvia], tablets, 60 Tabs",Lopinavir/Ritonavir,Generic,100/25mg,Tablet,ABBVIE Ludwigshafen Germany,27092,60,2565,15236.1,5.94,0.1,18.85,304,2808.12,TRUE,7/26/13,7/26/13,,2/4/13
133-NG-T30,FPQ-12812,SCMS-210351,ASN-23950,Nigeria,PMO - US,Direct Drop,EXW,Air,HRDT,HIV test,"Orgenics, Ltd","HIV 1/2, Determine Complete HIV Kit, 100 Tests","HIV 1/2, Determine Complete HIV Kit",Determine,N/A,Test kit,"Alere Medical Co., Ltd.",27118,100,9241,822449,89,0.89,1017.37,3744,57484.06,TRUE,2/18/14,2/14/14,,11/1/13
106-HT-T30,FPQ-8801,SCMS-130210,ASN-13748,Haiti,PMO - US,Direct Drop,EXW,Air,HRDT,HIV test,"SHANGHAI KEHUA BIOENGINEERING CO.,LTD.  (KHB)","HIV 1/2, SKB Colloidal Gold, Diagnostic Kit, Antibody, 50 Tests","HIV 1/2, Colloidal Gold, Diagnostic Kit, Antibody",Colloidal Gold,N/A,Test kit,"KHB Test Kit Facility, Shanghai China",27177,1,505,12372.5,24.5,24.5,17.35,367,3638.86,TRUE,3/5/12,3/5/12,,1/9/12
116-ZA-T30,FPQ-7176,SCMS-104360,ASN-11044,South Africa,PMO - US,Direct Drop,DDP,Ocean,ARV,Pediatric,Aurobindo Pharma Limited,"Efavirenz 200mg, capsule, 90 Caps",Efavirenz,Generic,200mg,Capsule,"Aurobindo Unit III, India",27185,90,300,2451,8.17,0.09,4.04,40,422.84,TRUE,9/2/11,9/2/11,,4/1/11
116-ZA-T30,FPQ-4054,SCMS-51250,ASN-5057,South Africa,PMO - US,Direct Drop,DDP,Truck,ARV,Adult,S. BUYS WHOLESALER,"Tenofovir Disoproxil Fumarate 300mg [Viread], tablets, 30 Tabs",Tenofovir Disoproxil Fumarate,Viread,300mg,Tablet,"Aspen-OSD, Port Elizabeth, SA",27186,30,100,2733.35,27.33,0.91,5.36,,,TRUE,8/31/09,8/31/09,,8/7/09
161-ZA-T30,FPQ-7175,SCMS-103720,ASN-11563,South Africa,PMO - US,Direct Drop,DDP,Air,ARV,Adult,HETERO LABS LIMITED,"Efavirenz 600mg, tablets, 30 Tabs",Efavirenz,Generic,600mg,Tablet,Hetero Unit III Hyderabad IN,27200,30,92500,435675,4.71,0.16,718.86,8025,9706.85,TRUE,9/2/11,9/2/11,,3/23/11
107-RW-T30,FPQ-14813,SCMS-261770,ASN-29892,Rwanda,PMO - US,Direct Drop,EXW,Air,ARV,Pediatric,Aurobindo Pharma Limited,"Lopinavir/Ritonavir 100/25mg, tablets, 60 Tabs",Lopinavir/Ritonavir,Generic,100/25mg,Tablet,"Aurobindo Unit III, India",27234,60,607,4880.28,8.04,0.13,5.02,66,1026.4,TRUE,1/15/15,1/15/15,,12/15/14
106-HT-T30,FPQ-11443,SCMS-180960,ASN-20434,Haiti,PMO - US,Direct Drop,EXW,Air,ARV,Adult,MICRO LABS LIMITED,"Lamivudine 150mg, tablets, 60 Tabs",Lamivudine,Generic,150mg,Tablet,"Micro labs, Verna, Goa, India",27236,60,1260,2318.4,1.84,0.03,2.87,,,FALSE,8/14/13,8/14/13,,3/22/13
102-SD-T30,FPQ-8261,SCMS-120470,ASN-13278,Sudan,PMO - US,Direct Drop,EXW,Air,HRDT,HIV test,"Trinity Biotech, Plc","HIV 1/2, Uni-Gold HIV Kit, 20 Tests","HIV 1/2, Uni-Gold HIV Kit",Uni-Gold,N/A,Test kit,"Trinity Biotech, Plc",27238,20,53,1696,32,1.6,2.8,18,569.11,TRUE,2/7/12,2/7/12,,9/7/11
108-VN-T30,FPQ-10286,SCMS-156130,ASN-17075,Vietnam,PMO - US,Direct Drop,EXW,Air,ARV,Adult,Aurobindo Pharma Limited,"Lamivudine/Nevirapine/Zidovudine 150/200/300mg, tablets, 60 Tabs",Lamivudine/Nevirapine/Zidovudine,Generic,150/300/200mg,Tablet - FDC,"Aurobindo Unit III, India",27267,60,37215,320049,8.6,0.14,448.71,,,FALSE,11/29/12,11/29/12,,8/14/12
107-RW-T30,FPQ-13852,SCMS-236481,ASN-27963,Rwanda,PMO - US,Direct Drop,FCA,Air,ARV,Adult,ABBVIE LOGISTICS (FORMERLY ABBOTT LOGISTICS BV),"Ritonavir 100mg [Norvir], film coated tablets, 60 Tabs",Ritonavir,Norvir,100mg,Tablet,ABBVIE Ludwigshafen Germany,27269,60,1514,10370.9,6.85,0.11,10.66,204,1949.64,TRUE,9/16/14,9/16/14,,8/6/14
105-GY-T30,FPQ-16480,SCMS-293560,ASN-33483,Guyana,PMO - US,Direct Drop,EXW,Air,HRDT,HIV test,"Trinity Biotech, Plc","HIV 1/2, Uni-Gold HIV Kit, 20 Tests","HIV 1/2, Uni-Gold HIV Kit",Uni-Gold,N/A,Test kit,"Trinity Biotech, Plc",27297,20,1543,49376,32,1.6,58.12,,,TRUE,8/28/15,8/28/15,,7/17/15
107-RW-T30,FPQ-6341,SCMS-84991,ASN-10790,Rwanda,PMO - US,Direct Drop,EXW,Air,ARV,Adult,HETERO LABS LIMITED,"Efavirenz 600mg, tablets, 30 Tabs",Efavirenz,Generic,600mg,Tablet,Hetero Unit III Hyderabad IN,27300,30,43657,180303.4,4.13,0.14,388.73,3720,35499.58,TRUE,6/17/11,6/17/11,,9/28/10
133-NG-T30,FPQ-12456,SCMS-196560,ASN-21222,Nigeria,PMO - US,Direct Drop,EXW,Air,HRDT,HIV test,"Orgenics, Ltd","HIV 1/2, Determine Complete HIV Kit, 100 Tests","HIV 1/2, Determine Complete HIV Kit",Determine,N/A,Test kit,"Alere Medical Co., Ltd.",27327,100,3023,269047,89,0.89,332.81,1221,12793.7,TRUE,9/18/13,9/24/13,,7/10/13
110-ZM-T30,FPQ-12634,SCMS-201910,ASN-21478,Zambia,PMO - US,Direct Drop,EXW,Air,HRDT,HIV test,"Trinity Biotech, Plc","HIV 1/2, Uni-Gold HIV Kit, 20 Tests","HIV 1/2, Uni-Gold HIV Kit",Uni-Gold,N/A,Test kit,"Trinity Biotech, Plc",27400,20,3000,96000,32,1.6,118.75,880,7616.19,TRUE,9/18/13,9/18/13,,8/6/13
109-TZ-T30,FPQ-10809,SCMS-162860,ASN-17469,Tanzania,PMO - US,Direct Drop,EXW,Air,HRDT,HIV test,"Orgenics, Ltd","HIV 1/2, Determine Complete HIV Kit, 100 Tests","HIV 1/2, Determine Complete HIV Kit",Determine,N/A,Test kit,"Alere Medical Co., Ltd.",27421,100,762,60960,80,0.8,75.41,362,7060.97,TRUE,12/31/12,12/31/12,,10/18/12
116-ZA-T30,FPQ-14942,SCMS-259075,ASN-32138,South Africa,PMO - US,Direct Drop,DDP,Truck,ARV,Adult,PHARMACY DIRECT,"Didanosine 250mg, delayed-release capsules, 30 Caps",Didanosine,Generic,250mg,Delayed-release capsules,"Aurobindo Unit III, India",27430,30,3,33.05,11.02,0.37,0.03,,,FALSE,5/12/15,5/12/15,,5/11/15
108-VN-T30,FPQ-13524,SCMS-226220,ASN-26923,Vietnam,PMO - US,Direct Drop,EXW,Air,ARV,Adult,HETERO LABS LIMITED,"Abacavir 300mg, tablets, 60 Tabs",Abacavir,Generic,300mg,Tablet,Hetero Unit III Hyderabad IN,27460,60,1600,18320,11.45,0.19,18.83,,,FALSE,7/29/14,7/29/14,,3/10/14
116-ZA-T30,FPQ-14942,SCMS-259071,ASN-29596,South Africa,PMO - US,Direct Drop,DDP,Truck,ARV,Adult,PHARMACY DIRECT,"Raltegravir 400mg [Isentress], tablets, 60 Tabs",Raltegravir,Isentress,400mg,Tablet,"MSD, Haarlem, NL",27461,60,45,2752.41,61.16,1.02,2.83,,,TRUE,11/28/14,11/28/14,,11/28/14
105-GY-T30,FPQ-12057,SCMS-188860,ASN-21852,Guyana,PMO - US,Direct Drop,FCA,Air,ARV,Pediatric,ABBVIE LOGISTICS (FORMERLY ABBOTT LOGISTICS BV),"Lopinavir/Ritonavir 80/20mg/ml [Kaletra], oral solution, cool, Bottle 5 x 60 ml",Lopinavir/Ritonavir,Kaletra,80/20mg/ml,Oral solution,ABBVIE (Abbott) Logis. UK,27462,300,12,729.84,60.82,0.2,0.9,48,749.36,TRUE,10/29/13,10/29/13,,5/23/13
102-SD-T30,FPQ-5292,SCMS-69260,ASN-6585,Sudan,PMO - US,Direct Drop,EXW,Air,HRDT,HIV test,"Trinity Biotech, Plc","HIV 1/2, Uni-Gold HIV Kit, 20 Tests","HIV 1/2, Uni-Gold HIV Kit",Uni-Gold,N/A,Test kit,"Trinity Biotech, Plc",27474,20,160,5120,32,1.6,11.04,53,1310.92,TRUE,5/7/10,5/7/10,,3/24/10
116-ZA-T30,FPQ-5535,SCMS-71490,ASN-7428,South Africa,PMO - US,Direct Drop,DDP,Truck,ARV,Pediatric,S. BUYS WHOLESALER,"Lopinavir/Ritonavir 80/20mg/ml [Kaletra], oral solution, cool, Bottle 5 x 60 ml",Lopinavir/Ritonavir,Kaletra,80/20mg/ml,Oral solution,ABBVIE (Abbott) Logis. UK,27553,300,120,4978.94,41.49,0.14,10.73,,,TRUE,6/11/10,6/11/10,,4/21/10
161-ZA-T30,FPQ-6262,SCMS-83730,ASN-9193,South Africa,PMO - US,Direct Drop,DDP,Ocean,ARV,Adult,Aurobindo Pharma Limited,"Tenofovir Disoproxil Fumarate 300mg, tablets, 30 Tabs",Tenofovir Disoproxil Fumarate,Generic,300mg,Tablet,"Aurobindo Unit III, India",27563,30,28330,188394.5,6.65,0.22,406.18,2645,5112.92,TRUE,12/29/10,12/29/10,,9/24/10
101-KE-T30,FPQ-10314,SCMS-153912,ASN-17292,Kenya,PMO - US,Direct Drop,CIP,Air,HRDT,HIV test,"Orgenics, Ltd","HIV 1/2, Determine Complete HIV Kit, 100 Tests","HIV 1/2, Determine Complete HIV Kit",Determine,N/A,Test kit,"Alere Medical Co., Ltd.",27574,100,1005,89445,89,0.89,125.4,,,TRUE,12/10/12,12/10/12,,11/21/12
105-SS-T30,FPQ-9807,SCMS-147641,ASN-16730,South Sudan,PMO - US,Direct Drop,EXW,Air,HRDT,HIV test - Ancillary,"Orgenics, Ltd","Capillary Tubes, for Determine, EDTA, 50uL,100 Pcs","HIV, Capillary Tubes, for Determine, EDTA, 50uL,100 Pcs",Determine,N/A,Test kit - Ancillary,"Alere Medical Co., Ltd.",27586,100,173,1384,8,0.08,1.94,201,5124.22,TRUE,11/30/12,11/30/12,,6/20/12
107-RW-T30,FPQ-15065,SCMS-263320,ASN-30383,Rwanda,PMO - US,Direct Drop,EXW,Air,HRDT,HIV test,"Orgenics, Ltd","HIV 1/2, Determine Complete HIV Kit, 100 Tests","HIV 1/2, Determine Complete HIV Kit",Determine,N/A,Test kit,"Alere Medical Co., Ltd.",27604,100,1144,91520,80,0.8,94.08,468,8806.76,TRUE,2/25/15,2/25/15,,12/16/14
101-CD-T30,FPQ-14654,SCMS-253260,ASN-28279,"Congo, DRC",PMO - US,Direct Drop,EXW,Air,HRDT,HIV test,"Trinity Biotech, Plc","HIV 1/2, Uni-Gold HIV Kit, 20 Tests","HIV 1/2, Uni-Gold HIV Kit",Uni-Gold,N/A,Test kit,"Trinity Biotech, Plc",27614,20,47,1504,32,1.6,1.55,,,FALSE,11/4/14,11/4/14,,8/27/14
107-RW-T30,FPQ-13851,SCMS-239020,ASN-27336,Rwanda,PMO - US,Direct Drop,EXW,Air,ARV,Adult,MYLAN LABORATORIES LTD (FORMERLY MATRIX LABORATORIES),"Atazanavir/Ritonavir 300/100mg, tablets, 30 Tabs",Atazanavir/Ritonavir,Generic,300/100mg,Tablet,Mylan (formerly Matrix) Nashik,27634,30,3000,60000,20,0.67,61.68,405,3484.48,TRUE,8/22/14,8/22/14,,5/16/14
901-GH-T30,FPQ-14101,SCMS-245430,ASN-28552,Ghana,PMO - US,Direct Drop,EXW,Air,ARV,Adult,HETERO LABS LIMITED,"Lamivudine/Tenofovir Disoproxil Fumarate 300/300mg, tablets, 30 Tabs",Lamivudine/Tenofovir Disoproxil Fumarate,Generic,300/300mg,Tablet - FDC,Hetero Unit III Hyderabad IN,27664,30,45632,210819.84,4.62,0.15,216.72,4539,22271.36,TRUE,11/3/14,11/3/14,,7/8/14
114-UG-T30,FPQ-12273,SCMS-198550,ASN-21516,Uganda,PMO - US,Direct Drop,EXW,Air,HRDT,HIV test,BIO-RAD LABORATORIES (FRANCE),"HIV 1/2, Genie III Kit, 50 Tests","HIV 1/2, Genie III Kit",Genie,N/A,Test kit,Bio-Rad Laboratories,27670,50,15,1363.65,90.91,1.82,1.69,8,855.41,TRUE,9/30/13,9/30/13,,8/12/13
102-SD-T30,FPQ-7321,SCMS-107770,ASN-10900,Sudan,PMO - US,Direct Drop,EXW,Air,HRDT,HIV test - Ancillary,"Standard Diagnostics, Inc.","HIV 1/2, Bioline 3.0 Diluent, 25 Tests, Bottle x 5 ml","HIV 1/2, Bioline 3.0 Diluent, 25 Tests",Bioline,N/A,Test kit - Ancillary,"Standard Diagnostics, Korea",27675,1,13,11.7,0.9,0.9,0.02,2,1193.15,TRUE,6/24/11,6/24/11,,5/2/11
106-HT-T30,FPQ-14895,SCMS-261011,ASN-32761,Haiti,PMO - US,Direct Drop,EXW,Air,ARV,Adult,EMCURE PHARMACEUTICALS LTD,"Atazanavir/Ritonavir 300/100mg, tablets, 30 Tabs",Atazanavir/Ritonavir,Generic,300/100mg,Tablet,"Emcure Plot No.P-2, I.T-B.T. Park, Phase II, MIDC, Hinjwadi, Pune, India",27697,30,1052,18936,18,0.6,19.47,138,1719.78,TRUE,7/23/15,7/23/15,,11/14/14
104-CI-T30,FPQ-9554,SCMS-142490,ASN-14433,Côte d'Ivoire,PMO - US,Direct Drop,EXW,Air,HRDT,HIV test,"Orgenics, Ltd","HIV 1/2, Determine Complete HIV Kit, 100 Tests","HIV 1/2, Determine Complete HIV Kit",Determine,N/A,Test kit,"Alere Medical Co., Ltd.",27708,100,596,47680,80,0.8,66.85,287,7024.86,TRUE,4/25/12,4/25/12,,3/27/12
114-UG-T30,FPQ-14407,SCMS-244520,ASN-26987,Uganda,PMO - US,Direct Drop,EXW,Air,ARV,Adult,STRIDES ARCOLAB LIMITED,"Efavirenz 600mg, tablets, 30 Tabs",Efavirenz,Generic,600mg,Tablet,"Strides, Bangalore, India.",27765,30,61150,195068.5,3.19,0.11,200.53,3858,20553.85,TRUE,8/1/14,8/1/14,,6/19/14
117-ET-T30,FPQ-9098,SCMS-133600,ASN-15705,Ethiopia,PMO - US,Direct Drop,EXW,Air,HRDT,HIV test,"SHANGHAI KEHUA BIOENGINEERING CO.,LTD.  (KHB)","HIV 1/2, SKB Colloidal Gold, Diagnostic Kit, Antibody, 50 Tests","HIV 1/2, Colloidal Gold, Diagnostic Kit, Antibody",Colloidal Gold,N/A,Test kit,"KHB Test Kit Facility, Shanghai China",27777,1,1362,33369,24.5,24.5,46.78,950,8859.91,TRUE,7/31/12,7/31/12,,1/23/12
116-ZA-T30,FPQ-14942,SCMS-259072,ASN-30377,South Africa,PMO - US,Direct Drop,DDP,Truck,ARV,Adult,PHARMACY DIRECT,"Abacavir 300mg, tablets, 60 Tabs",Abacavir,Generic,300mg,Tablet,"Aurobindo Unit III, India",27781,60,53,2642.19,49.85,0.83,2.72,,,FALSE,1/26/15,1/26/15,,1/26/15
117-ET-T30,FPQ-4731,SCMS-59590,ASN-6042,Ethiopia,PMO - US,Direct Drop,EXW,Air,ARV,Adult,MYLAN LABORATORIES LTD (FORMERLY MATRIX LABORATORIES),"Efavirenz 600mg, tablets, 30 Tabs",Efavirenz,Generic,600mg,Tablet,Mylan (formerly Matrix) Nashik,27798,30,7197,32314.53,4.49,0.15,69.67,530,1860.69,TRUE,2/15/10,2/15/10,,12/18/09
106-HT-T30,FPQ-15038,SCMS-262890,ASN-32716,Haiti,PMO - US,Direct Drop,FCA,Air,ARV,Adult,ABBVIE LOGISTICS (FORMERLY ABBOTT LOGISTICS BV),"Lopinavir/Ritonavir 200/50mg [Aluvia], tablets, 120 Tabs",Lopinavir/Ritonavir,Aluvia,200/50mg,Tablet,ABBVIE Ludwigshafen Germany,27804,120,6050,111743.5,18.47,0.15,114.87,,,FALSE,7/7/15,7/7/15,,1/30/15
114-UG-T30,FPQ-7617,SCMS-109060,ASN-11530,Uganda,PMO - US,Direct Drop,DDP,Air,ARV,Adult,ASPEN PHARMACARE,"Etravirine 100mg [Intelence], tablets, 120 Tabs",Etravirine,Intelence,100mg,Tablet,"Janssen-Cilag, Latina, IT",27820,120,93,7839.9,84.3,0.7,12.94,22,140,TRUE,7/22/11,7/22/11,,5/12/11
105-SS-T30,FPQ-14470,SCMS-245250,ASN-27328,South Sudan,PMO - US,Direct Drop,EXW,Air,HRDT,HIV test - Ancillary,"Orgenics, Ltd","Capillary Tubes, for Determine, EDTA, 50uL,100 Pcs","HIV, Capillary Tubes, for Determine, EDTA, 50uL,100 Pcs",Determine,N/A,Test kit - Ancillary,"Alere Medical Co., Ltd.",27829,100,115,920,8,0.08,0.95,173,4594.07,TRUE,10/3/14,10/3/14,,6/30/14
108-VN-T30,FPQ-11560,SCMS-177630,ASN-20042,Vietnam,PMO - US,Direct Drop,EXW,Air,ARV,Adult,MYLAN LABORATORIES LTD (FORMERLY MATRIX LABORATORIES),"Efavirenz/Lamivudine/Tenofovir Disoproxil Fumarate 600/300/300mg, tablets, 30 Tabs",Efavirenz/Lamivudine/Tenofovir Disoproxil Fumarate,Generic,600/300/300mg,Tablet - FDC,Mylan (formerly Matrix) Nashik,27833,30,42699,490611.5,11.49,0.38,606.89,4806,18700.09,TRUE,7/13/13,7/13/13,,2/13/13
114-UG-T30,FPQ-13816,SCMS-231310,ASN-25464,Uganda,PMO - US,Direct Drop,EXW,Air,HRDT,HIV test,"Trinity Biotech, Plc","HIV 1/2, Uni-Gold HIV Kit, 20 Tests","HIV 1/2, Uni-Gold HIV Kit",Uni-Gold,N/A,Test kit,"Trinity Biotech, Plc",27842,20,2481,79392,32,1.6,81.61,780,5024.15,TRUE,5/13/14,5/13/14,,3/20/14
108-VN-T30,FPQ-10811,SCMS-166140,ASN-17572,Vietnam,PMO - US,Direct Drop,EXW,Air,ARV,Pediatric,Aurobindo Pharma Limited,"Zidovudine 10mg/ml, oral solution w/syringe, Bottle, 240 ml",Zidovudine,Generic,10mg/ml,Oral solution,"Aurobindo Unit III, India",27875,240,309,648.9,2.1,0.01,0.8,,,FALSE,1/9/13,1/9/13,,11/9/12
109-TZ-T30,FPQ-6795,SCMS-103291,ASN-11005,Tanzania,PMO - US,Direct Drop,FCA,Air,ARV,Adult,LAWRENCE LABORATORIES (SUBSIDIARY OF BRISTOL MYERS SQUIBB),"Didanosine EC 250mg [Videx EC], delayed-release capsules, Blister 3 x 10 Caps",Didanosine EC,Videx EC,250mg,Delayed-release capsules - blister,Bristol-Myers Squibb Anagni IT,27881,30,6357,116587.38,18.34,0.61,192.37,1272,10816.49,TRUE,7/14/11,7/14/11,,4/14/11
116-ZA-T30,FPQ-14942,SCMS-259075,ASN-32121,South Africa,PMO - US,Direct Drop,DDP,Truck,ARV,Adult,PHARMACY DIRECT,"Raltegravir 400mg [Isentress], tablets, 60 Tabs",Raltegravir,Isentress,400mg,Tablet,"MSD, Haarlem, NL",27936,60,1,61.16,61.16,1.02,0.06,,,TRUE,5/12/15,5/12/15,,5/11/15
110-ZM-T30,FPQ-8315,SCMS-120581,ASN-12827,Zambia,PMO - US,Direct Drop,EXW,Air,HRDT,HIV test,"Trinity Biotech, Plc","HIV 1/2, Uni-Gold HIV Kit, 20 Tests","HIV 1/2, Uni-Gold HIV Kit",Uni-Gold,N/A,Test kit,"Trinity Biotech, Plc",27938,20,5920,189440,32,1.6,312.58,1896,25136.39,TRUE,11/30/11,11/30/11,,9/19/11
103-AO-T30,FPQ-11074,SCMS-171780,ASN-17959,Angola,PMO - US,Direct Drop,FCA,Air,ARV,Pediatric,ABBVIE LOGISTICS (FORMERLY ABBOTT LOGISTICS BV),"Lopinavir/Ritonavir 80/20mg/ml [Kaletra], oral solution, cool, Bottle 5 x 60 ml",Lopinavir/Ritonavir,Kaletra,80/20mg/ml,Oral solution,ABBVIE (Abbott) Logis. UK,27942,300,480,14793.6,30.82,0.1,18.3,492,4281.43,TRUE,4/25/13,4/25/13,,1/3/13
106-HT-T30,FPQ-15038,SCMS-263080,ASN-31775,Haiti,PMO - US,Direct Drop,EXW,Air,ARV,Adult,JANSSEN SCIENCES IRELAND UC (FORMERLY JANSSEN R&D IRELAND),"Etravirine 100mg [Intelence], tablets, 120 Tabs",Etravirine,Intelence,100mg,Tablet,"Janssen-Cilag, Latina, IT",27964,120,140,5040,36,0.3,5.18,,,TRUE,5/13/15,5/13/15,,1/28/15
116-ZA-T30,FPQ-13973,SCMS-238555,ASN-29255,South Africa,PMO - US,Direct Drop,DDP,Truck,ARV,Adult,PHARMACY DIRECT,"Darunavir 600mg [Prezista], tablets, 60 Tabs",Darunavir,Prezista,600mg,Tablet,"Janssen-Cilag, Latina, IT",27969,60,15,978.47,65.23,1.09,1.01,,,FALSE,11/5/14,11/5/14,,11/4/14
133-NG-T30,FPQ-10765,SCMS-162440,ASN-18173,Nigeria,PMO - US,Direct Drop,EXW,Air,HRDT,HIV test,"Orgenics, Ltd","HIV 1/2, Determine Complete HIV Kit, 100 Tests","HIV 1/2, Determine Complete HIV Kit",Determine,N/A,Test kit,"Alere Medical Co., Ltd.",28001,100,2853,253917,89,0.89,355.99,1294,,TRUE,1/9/13,2/26/13,,10/16/12
108-VN-T30,FPQ-5066,SCMS-65040,ASN-6209,Vietnam,PMO - US,Direct Drop,EXW,Air,ARV,Adult,Aurobindo Pharma Limited,"Didanosine 250mg, delayed-release capsules, 30 Caps",Didanosine,Generic,250mg,Delayed-release capsules,"Aurobindo Unit III, India",28031,30,84,1092,13,0.43,2.35,6,363.96,TRUE,3/30/10,3/30/10,,2/10/10
105-GY-T30,FPQ-10268,SCMS-154460,ASN-16986,Guyana,PMO - US,Direct Drop,FCA,Air,ARV,Pediatric,ABBVIE LOGISTICS (FORMERLY ABBOTT LOGISTICS BV),"Lopinavir/Ritonavir 80/20mg/ml [Kaletra], oral solution, cool, Bottle 5 x 60 ml",Lopinavir/Ritonavir,Kaletra,80/20mg/ml,Oral solution,ABBVIE (Abbott) Logis. UK,28039,300,21,1277.22,60.82,0.2,1.79,52,1097.08,TRUE,1/18/13,1/18/13,,7/30/12
108-VN-T30,FPQ-8428,SCMS-123520,ASN-13475,Vietnam,PMO - US,Direct Drop,EXW,Air,ARV,Adult,Aurobindo Pharma Limited,"Abacavir 300mg, tablets, 60 Tabs",Abacavir,Generic,300mg,Tablet,"Aurobindo Unit III, India",28085,60,388,5606.6,14.45,0.24,9.25,,,FALSE,3/1/12,3/1/12,,10/4/11
116-ZA-T30,FPQ-14942,SCMS-259072,ASN-30377,South Africa,PMO - US,Direct Drop,DDP,Truck,ARV,Adult,PHARMACY DIRECT,"Zidovudine 300mg, tablets, 60 Tabs",Zidovudine,Generic,300mg,Tablet,"Aurobindo Unit III, India",28086,60,12,216.37,18.03,0.3,0.22,,,FALSE,1/26/15,1/26/15,,1/26/15
116-ZA-T30,FPQ-13035,SCMS-215370,ASN-24415,South Africa,PMO - US,Direct Drop,DDP,Truck,ARV,Adult,S. BUYS WHOLESALER,"Emtricitabine/Tenofovir Disoproxil Fumarate 200/300mg, tablets, 30 Tabs",Emtricitabine/Tenofovir Disoproxil Fumarate,Generic,200/300mg,Tablet - FDC,"Aurobindo Unit III, India",28158,30,12,339.36,28.28,0.94,0.42,,,FALSE,2/6/14,2/6/14,,12/2/13
116-ZA-T30,FPQ-14942,SCMS-259083,ASN-33330,South Africa,PMO - US,Direct Drop,DDP,Truck,ARV,Pediatric,PHARMACY DIRECT,"Lopinavir/Ritonavir 80/20mg/ml [Kaletra], oral solution, cool, Bottle 5 x 60 ml",Lopinavir/Ritonavir,Kaletra,80/20mg/ml,Oral solution,ABBVIE (Abbott) Logis. UK,28160,300,4,68.56,17.14,0.06,0.07,,,TRUE,7/14/15,7/14/15,,7/14/15
161-ZA-T30,FPQ-7175,SCMS-103880,ASN-11458,South Africa,PMO - US,Direct Drop,DDP,Ocean,ARV,Adult,STRIDES ARCOLAB LIMITED,"Lamivudine 150mg, tablets, 60 Tabs",Lamivudine,Generic,150mg,Tablet,"Strides, Bangalore, India.",28181,60,356876,867208.7,2.43,0.04,1430.89,16391,20258.29,TRUE,11/3/11,11/3/11,,3/28/11
161-ZA-T30,FPQ-7175,SCMS-103350,ASN-11471,South Africa,PMO - US,Direct Drop,DDP,Ocean,ARV,Adult,Aurobindo Pharma Limited,"Zidovudine 300mg, tablets, 60 Tabs",Zidovudine,Generic,300mg,Tablet,"Aurobindo Unit III, India",28190,60,100000,730000,7.3,0.12,1204.5,5177,10405.58,TRUE,9/5/11,9/5/11,,3/24/11
107-RW-T30,FPQ-6185,SCMS-84411,ASN-9660,Rwanda,PMO - US,Direct Drop,CIP,Air,ARV,Adult,CIPLA LIMITED,"Lopinavir/Ritonavir 200/50mg, tablets, 120 Tabs",Lopinavir/Ritonavir,Generic,200/50mg,Tablet,Cipla Ltd A-42 MIDC Mahar. IN,28192,120,11440,392392,34.3,0.29,846,,,FALSE,2/9/11,2/9/11,,9/27/10
161-ZA-T30,FPQ-5648,SCMS-75980,ASN-8698,South Africa,PMO - US,Direct Drop,DDP,Ocean,ARV,Adult,Aurobindo Pharma Limited,"Tenofovir Disoproxil Fumarate 300mg, tablets, 30 Tabs",Tenofovir Disoproxil Fumarate,Generic,300mg,Tablet,"Aurobindo Unit III, India",28204,30,88289,610077,6.91,0.23,1315.33,7540,5460.48,TRUE,12/20/10,12/20/10,,6/17/10
900-TZ-T30,FPQ-10394,SCMS-156500,ASN-16217,Tanzania,PMO - US,Direct Drop,EXW,Air,ARV,Adult,Aurobindo Pharma Limited,"Efavirenz 600mg, tablets, 30 Tabs",Efavirenz,Generic,600mg,Tablet,"Aurobindo Unit III, India",28210,30,64980,214434,3.3,0.11,300.64,5578,18826.62,TRUE,10/9/12,10/9/12,,8/9/12
111-MZ-T30,FPQ-4738,SCMS-62180,ASN-6178,Mozambique,PMO - US,Direct Drop,EXW,Air,HRDT,HIV test,"Orgenics, Ltd","HIV 1/2, Determine HIV Kit, without Lancets, 100 Tests","HIV 1/2, Determine HIV Kit, without Lancets",Determine,N/A,Test kit,Inverness Japan,28230,100,5200,364000,70,0.7,784.78,1179,14110.84,TRUE,3/17/10,3/17/10,,1/5/10
116-ZA-T30,FPQ-14942,SCMS-259071,ASN-29597,South Africa,PMO - US,Direct Drop,DDP,Truck,ARV,Adult,PHARMACY DIRECT,"Lamivudine 150mg, tablets, 60 Tabs",Lamivudine,Generic,150mg,Tablet,"Aurobindo Unit III, India",28231,60,161,1063.65,6.61,0.11,1.09,,,FALSE,11/28/14,11/28/14,,11/28/14
200-ZW-T30,FPQ-6488,SCMS-90630,ASN-9386,Zimbabwe,PMO - US,Direct Drop,FCA,Air,ARV,Pediatric,ABBVIE LOGISTICS (FORMERLY ABBOTT LOGISTICS BV),"Lopinavir/Ritonavir 80/20mg/ml [Kaletra], oral solution, cool, Bottle 5 x 60 ml",Lopinavir/Ritonavir,Kaletra,80/20mg/ml,Oral solution,ABBVIE (Abbott) Logis. UK,28240,300,2166,78322.56,36.16,0.12,168.86,2480,18756.25,TRUE,3/17/11,3/17/11,,11/10/10
108-VN-T30,FPQ-12051,SCMS-188581,ASN-21551,Vietnam,PMO - US,Direct Drop,FCA,Air,ARV,Adult,ABBVIE LOGISTICS (FORMERLY ABBOTT LOGISTICS BV),"Lopinavir/Ritonavir 200/50mg [Aluvia], tablets, 120 Tabs",Lopinavir/Ritonavir,Aluvia,200/50mg,Tablet,ABBVIE Ludwigshafen Germany,28241,120,8566,520984.12,60.82,0.51,644.46,2042,6969.82,TRUE,10/7/13,10/7/13,,8/27/13
161-ZA-T30,FPQ-7175,SCMS-103840,ASN-10874,South Africa,PMO - US,Direct Drop,DDP,Ocean,ARV,Adult,CIPLA LIMITED,"Tenofovir Disoproxil Fumarate 300mg, tablets, 30 Tabs",Tenofovir Disoproxil Fumarate,Generic,300mg,Tablet,"Cipla, Goa, India",28262,30,48000,310560,6.47,0.22,512.42,3247,7180.16,TRUE,7/14/11,7/14/11,,3/28/11
102-BI-T30,FPQ-11512,SCMS-176910,ASN-19033,Burundi,PMO - US,Direct Drop,EXW,Air,HRDT,HIV test,"Orgenics, Ltd","HIV 1/2, Determine Complete HIV Kit, 100 Tests","HIV 1/2, Determine Complete HIV Kit",Determine,N/A,Test kit,"Alere Medical Co., Ltd.",28265,100,1560,124800,80,0.8,154.38,676,14189.02,TRUE,5/3/13,5/3/13,,2/14/13
116-ZA-T30,FPQ-15269,SCMS-267090,ASN-29761,South Africa,PMO - US,Direct Drop,DDP,Truck,ARV,Pediatric,S. BUYS WHOLESALER,"Lopinavir/Ritonavir 80/20mg/ml [Kaletra], oral solution, cool, Bottle 5 x 60 ml",Lopinavir/Ritonavir,Kaletra,80/20mg/ml,Oral solution,ABBVIE (Abbott) Logis. UK,28268,300,3,62.04,20.68,0.07,0.07,,,TRUE,12/10/14,12/10/14,,12/10/14
103-CM-T30,FPQ-16210,SCMS-289290,ASN-33318,Cameroon,PMO - US,Direct Drop,FCA,Air,ARV,Pediatric,ABBVIE LOGISTICS (FORMERLY ABBOTT LOGISTICS BV),"Lopinavir/Ritonavir 100/25mg [Aluvia], tablets, 60 Tabs",Lopinavir/Ritonavir,Generic,100/25mg,Tablet,ABBVIE Ludwigshafen Germany,28282,60,8800,52272,5.94,0.1,61.52,1485,10334.23,TRUE,7/22/15,7/22/15,,5/29/15
116-ZA-T30,FPQ-14942,SCMS-259079,ASN-33852,South Africa,PMO - US,Direct Drop,DDP,Truck,ARV,Adult,PHARMACY DIRECT,"Efavirenz 600mg, tablets, 30 Tabs",Efavirenz,Generic,600mg,Tablet,"Aurobindo Unit III, India",28302,30,44,532.12,12.09,0.4,0.55,,,FALSE,8/24/15,8/24/15,,10/9/14
105-SS-T30,FPQ-11754,SCMS-181401,ASN-20649,South Sudan,PMO - US,Direct Drop,EXW,Air,HRDT,HIV test,"Orgenics, Ltd","HIV 1/2, Determine Complete HIV Kit, 100 Tests","HIV 1/2, Determine Complete HIV Kit",Determine,N/A,Test kit,"Alere Medical Co., Ltd.",28306,100,90,8010,89,0.89,9.91,39,1405.56,TRUE,9/13/13,9/13/13,,4/1/13
116-ZA-T30,FPQ-13973,SCMS-238570,ASN-30715,South Africa,PMO - US,Direct Drop,DDP,Truck,ARV,Pediatric,PHARMACY DIRECT,"Lopinavir/Ritonavir 80/20mg/ml [Kaletra], oral solution, cool, Bottle 5 x 60 ml",Lopinavir/Ritonavir,Kaletra,80/20mg/ml,Oral solution,ABBVIE (Abbott) Logis. UK,28309,300,3,66.2,22.07,0.07,0.07,,,TRUE,2/16/15,2/16/15,,5/8/14
105-DO-T30,FPQ-11295,SCMS-172500,ASN-18884,Dominican Republic,PMO - US,Direct Drop,EXW,Air,HRDT,HIV test,"Orgenics, Ltd","HIV 1/2, Determine Complete HIV Kit, 100 Tests","HIV 1/2, Determine Complete HIV Kit",Determine,N/A,Test kit,"Alere Medical Co., Ltd.",28318,100,1775,163300,92,0.92,202,791,12643.47,TRUE,4/1/13,4/1/13,,1/15/13
109-TZ-T30,FPQ-12540,SCMS-198770,ASN-21559,Tanzania,PMO - US,Direct Drop,EXW,Air,ARV,Adult,CIPLA LIMITED,"Lamivudine/Nevirapine/Zidovudine 150/200/300mg, tablets, 60 Tabs",Lamivudine/Nevirapine/Zidovudine,Generic,150/300/200mg,Tablet - FDC,"Cipla, Goa, India",28322,60,150000,1215000,8.1,0.13,1502.96,21674,90677.04,TRUE,10/4/13,10/4/13,,7/16/13
102-KE-T30,FPQ-9100,SCMS-133470,ASN-13946,Kenya,PMO - US,Direct Drop,EXW,Air,HRDT,HIV test,"Orgenics, Ltd","HIV 1/2, Determine Complete HIV Kit, 100 Tests","HIV 1/2, Determine Complete HIV Kit",Determine,N/A,Test kit,"Alere Medical Co., Ltd.",28331,100,7018,624602,89,0.89,875.69,2305,24428.55,TRUE,3/22/12,3/22/12,,2/1/12
133-NG-T30,FPQ-16330,SCMS-288770,ASN-32400,Nigeria,PMO - US,Direct Drop,DDP,Air,HRDT,HIV test,ACOUNS NIGERIA LTD,"HIV 1/2, Determine HIV Kit, without Lancets, 100 Tests","HIV 1/2, Determine HIV Kit, without Lancets",Determine,N/A,Test kit,"Alere Medical Co., Ltd.",28333,100,6107,407642.25,66.75,0.67,479.79,,,TRUE,5/25/15,5/25/15,,5/22/15
102-KE-T30,FPQ-4250,SCMS-55902,ASN-5660,Kenya,PMO - US,Direct Drop,EXW,Air,HRDT,HIV test,"Orgenics, Ltd","HIV 1/2, Determine Complete HIV Kit, 100 Tests","HIV 1/2, Determine Complete HIV Kit",Determine,N/A,Test kit,Inverness Japan,28335,100,3750,300000,80,0.8,588,1065,10075.76,TRUE,1/18/10,1/18/10,,10/23/09
900-TZ-T30,FPQ-10394,SCMS-156500,ASN-16219,Tanzania,PMO - US,Direct Drop,EXW,Air,ARV,Adult,Aurobindo Pharma Limited,"Efavirenz 600mg, tablets, 30 Tabs",Efavirenz,Generic,600mg,Tablet,"Aurobindo Unit III, India",28418,30,25741,84945.3,3.3,0.11,119.09,2210,9452.02,TRUE,10/9/12,10/12/12,,8/9/12
133-NG-T30,FPQ-16329,SCMS-289130,ASN-32954,Nigeria,PMO - US,Direct Drop,EXW,Air,HRDT,HIV test,"Orgenics, Ltd","HIV 1/2, Determine Complete HIV Kit, 100 Tests","HIV 1/2, Determine Complete HIV Kit",Determine,N/A,Test kit,"Alere Medical Co., Ltd.",28439,100,6380,567820,89,0.89,668.32,2587,,TRUE,7/14/15,7/14/15,,5/26/15
133-NG-T30,FPQ-10349,SCMS-155320,ASN-16928,Nigeria,PMO - US,Direct Drop,EXW,Air,HRDT,HIV test,"Orgenics, Ltd","HIV 1/2, Determine Complete HIV Kit, 100 Tests","HIV 1/2, Determine Complete HIV Kit",Determine,N/A,Test kit,"Alere Medical Co., Ltd.",28471,100,2835,252315,89,0.89,353.75,1352,31284.02,TRUE,11/6/12,11/9/12,,8/13/12
151-NG-T30,FPQ-4949,SCMS-65000,ASN-6271,Nigeria,PMO - US,Direct Drop,FCA,Air,ARV,Adult,ABBVIE LOGISTICS (FORMERLY ABBOTT LOGISTICS BV),"Ritonavir 100mg [Norvir], capsules, cool, 4 x 84 Caps",Ritonavir,Norvir,100mg,Capsule,ABBVIE (Abbott) Logis. UK,28493,336,194,7441.84,38.36,0.11,16.04,390,2818.79,TRUE,3/15/10,3/15/10,,2/10/10
108-VN-T30,FPQ-12051,SCMS-188700,ASN-21668,Vietnam,PMO - US,Direct Drop,EXW,Air,ARV,Adult,HETERO LABS LIMITED,"Zidovudine 300mg, tablets, 60 Tabs",Zidovudine,Generic,300mg,Tablet,Hetero Unit III Hyderabad IN,28506,60,503,2892.25,5.75,0.1,3.58,,,FALSE,9/25/13,9/25/13,,5/15/13
161-ZA-T30,FPQ-6262,SCMS-83790,ASN-9179,South Africa,PMO - US,Direct Drop,DDP,Ocean,ARV,Pediatric,Aurobindo Pharma Limited,"Nevirapine 10mg/ml, oral suspension w/syringe, Bottle, 240 ml",Nevirapine,Generic,10mg/ml,Oral suspension,"Aurobindo Unit III, India",28515,240,14065,29817.8,2.12,0.01,64.29,6196,1220.84,TRUE,1/6/11,1/31/11,,9/24/10
111-MZ-T30,FPQ-7270,SCMS-103140,ASN-11114,Mozambique,PMO - US,Direct Drop,EXW,Air,HRDT,HIV test,"Orgenics, Ltd","HIV 1/2, Determine HIV Kit, without Lancets, 100 Tests","HIV 1/2, Determine HIV Kit, without Lancets",Determine,N/A,Test kit,Inverness Japan,28532,100,2769,215151.3,77.7,0.78,355,628,7580.09,TRUE,7/12/11,7/12/11,,3/30/11
104-CI-T30,FPQ-3835,SCMS-48250,ASN-4789,Côte d'Ivoire,PMO - US,Direct Drop,CIP,Air,ARV,Adult,MERCK SHARP & DOHME IDEA GMBH (FORMALLY MERCK SHARP & DOHME B.V.),"Efavirenz/Emtricitabine/Tenofovir Disoproxil Fumarate 600/200/300mg [Atripla], tablets, 30 Tabs",Efavirenz/Emtricitabine/Tenofovir Disoproxil Fumarate,Atripla,600/200/300mg,Tablet - FDC,"MSD, Haarlem, NL",28534,30,6120,308448,50.4,1.68,604.56,,,TRUE,9/30/09,9/30/09,,6/29/09
161-ZA-T30,FPQ-6262,SCMS-83770,ASN-9945,South Africa,PMO - US,Direct Drop,DDP,Ocean,ARV,Adult,Aurobindo Pharma Limited,"Zidovudine 300mg, tablets, 60 Tabs",Zidovudine,Generic,300mg,Tablet,"Aurobindo Unit III, India",28542,60,17470,128055.1,7.33,0.12,276.09,7765,4835.17,TRUE,4/7/11,4/26/11,,9/24/10
108-VN-T30,FPQ-15040,SCMS-263650,ASN-30556,Vietnam,PMO - US,Direct Drop,EXW,Air,ARV,Adult,MYLAN LABORATORIES LTD (FORMERLY MATRIX LABORATORIES),"Lamivudine/Zidovudine 150/300mg, tablets, 60 Tabs",Lamivudine/Zidovudine,Generic,150/300mg,Tablet - FDC,Mylan (formerly Matrix) Nashik,28544,60,5700,36993,6.49,0.11,38.03,498,1477.34,TRUE,3/26/15,3/26/15,,12/8/14
144-BW-T30,FPQ-4207,SCMS-41860,ASN-5606,Botswana,PMO - US,Direct Drop,EXW,Air,HRDT,HIV test,Orasure Technologies Inc.,"HIV 1/2, OraQuick Advance HIV Rapid Antibody Kit, 100 Tests","HIV 1/2, OraQuick Advance HIV Rapid Antibody Kit",OraQuick,N/A,Test kit,"Pacific Biotech, Thailand",28545,100,20,7000,350,3.5,13.72,48,1716.47,TRUE,2/5/10,2/5/10,,3/25/09
161-ZA-T30,FPQ-7175,SCMS-103880,ASN-11459,South Africa,PMO - US,Direct Drop,DDP,Ocean,ARV,Adult,STRIDES ARCOLAB LIMITED,"Lamivudine 150mg, tablets, 60 Tabs",Lamivudine,Generic,150mg,Tablet,"Strides, Bangalore, India.",28553,60,158124,384241.3,2.43,0.04,634,7467,20258.28,TRUE,11/3/11,11/3/11,,3/28/11
100-ZM-T30,FPQ-12180,SCMS-190740,ASN-20353,Zambia,PMO - US,Direct Drop,EXW,Air,HRDT,HIV test,"Orgenics, Ltd","HIV 1/2, Determine Complete HIV Kit, 100 Tests","HIV 1/2, Determine Complete HIV Kit",Determine,N/A,Test kit,"Alere Medical Co., Ltd.",28566,100,2730,218400,80,0.8,270.16,1184,17657.02,TRUE,8/23/13,8/23/13,,5/22/13
109-TZ-T30,FPQ-6203,SCMS-82760,ASN-8626,Tanzania,PMO - US,Direct Drop,EXW,Air,ARV,Adult,MYLAN LABORATORIES LTD (FORMERLY MATRIX LABORATORIES),"Efavirenz/Emtricitabine/Tenofovir Disoproxil Fumarate 600/200/300mg, tablets, 30 Tabs",Efavirenz/Emtricitabine/Tenofovir Disoproxil Fumarate,Generic,600/200/300mg,Tablet - FDC,Mylan (formerly Matrix) Nashik,28577,30,53149,1057665.1,19.9,0.66,2280.33,5808,28514.49,TRUE,12/6/10,12/6/10,,8/25/10
108-VN-T30,FPQ-13976,SCMS-236060,ASN-27812,Vietnam,PMO - US,Direct Drop,EXW,Air,ARV,Adult,HETERO LABS LIMITED,"Efavirenz/Lamivudine/Tenofovir Disoproxil Fumarate 600/300/300mg, tablets, 30 Tabs",Efavirenz/Lamivudine/Tenofovir Disoproxil Fumarate,Generic,600/300/300mg,Tablet - FDC,Hetero Unit III Hyderabad IN,28595,30,8640,90720,10.5,0.35,93.26,,,FALSE,9/22/14,9/22/14,,4/30/14
106-HT-T30,FPQ-13494,SCMS-225424,ASN-30187,Haiti,PMO - US,Direct Drop,EXW,Air,HRDT,HIV test,"SHANGHAI KEHUA BIOENGINEERING CO.,LTD.  (KHB)","HIV 1/2, SKB Colloidal Gold, Diagnostic Kit, Antibody, 50 Tests","HIV 1/2, Colloidal Gold, Diagnostic Kit, Antibody",Colloidal Gold,N/A,Test kit,"KHB Test Kit Facility, Shanghai China",28601,1,400,9800,24.5,24.5,10.07,253,3087.68,TRUE,2/20/15,2/20/15,,2/19/14
104-CI-T30,FPQ-8209,SCMS-124120,ASN-12957,Côte d'Ivoire,PMO - US,Direct Drop,EXW,Air,HRDT,HIV test,"Orgenics, Ltd","HIV 1/2, Determine Complete HIV Kit, 100 Tests","HIV 1/2, Determine Complete HIV Kit",Determine,N/A,Test kit,"Alere Medical Co., Ltd.",28617,100,1384,110720,80,0.8,182.69,661,13740.74,TRUE,12/14/11,12/14/11,,10/5/11
105-GY-T30,FPQ-5600,SCMS-72750,ASN-6942,Guyana,PMO - US,Direct Drop,EXW,Air,ARV,Adult,CIPLA LIMITED,"Lopinavir/Ritonavir 200/50mg, tablets, 120 Tabs",Lopinavir/Ritonavir,Generic,200/50mg,Tablet,Cipla Ltd A-42 MIDC Mahar. IN,28656,120,691,25567,37,0.31,55.12,191,1703.62,TRUE,5/31/10,5/31/10,,5/5/10
111-MZ-T30,FPQ-7054,SCMS-98420,ASN-10816,Mozambique,PMO - US,Direct Drop,FCA,Air,ARV,Adult,Hoffmann-La Roche ltd Basel,"Saquinavir 200mg [Invirase], capsules, 270 Caps",Saquinavir,Invirase,200mg,Capsule,Roche Basel,28664,270,420,43478.98,103.52,0.38,71.74,446,5017.18,TRUE,5/24/11,5/24/11,,2/8/11
161-ZA-T30,FPQ-7175,SCMS-123590,ASN-13166,South Africa,PMO - US,Direct Drop,DDP,Ocean,ARV,Adult,Aurobindo Pharma Limited,"Efavirenz 600mg, tablets, 30 Tabs",Efavirenz,Generic,600mg,Tablet,"Aurobindo Unit III, India",28673,30,119251,508009.25,4.26,0.14,838.22,9461,7292.27,TRUE,1/16/12,1/23/12,,9/30/11
105-GY-T30,FPQ-12235,SCMS-190760,ASN-20054,Guyana,PMO - US,Direct Drop,EXW,Air,HRDT,HIV test,"Trinity Biotech, Plc","HIV 1/2, Uni-Gold HIV Kit, 20 Tests","HIV 1/2, Uni-Gold HIV Kit",Uni-Gold,N/A,Test kit,"Trinity Biotech, Plc",28676,20,3140,100480,32,1.6,124.29,1024,10304.62,TRUE,7/1/13,7/1/13,,5/22/13
116-ZA-T30,FPQ-3560,SCMS-50940,ASN-5424,South Africa,PMO - US,Direct Drop,DDP,Truck,ARV,Pediatric,S. BUYS WHOLESALER,"Efavirenz 50mg, capsule, 30 Caps",Efavirenz,Generic,50mg,Capsule,"Aurobindo Unit III, India",28689,30,5049,19974.44,3.96,0.13,39.15,,,TRUE,10/8/09,10/8/09,,8/3/09
116-ZA-T30,FPQ-12522,SCMS-199283,ASN-27979,South Africa,PMO - US,Direct Drop,DDP,Truck,ARV,Adult,S. BUYS WHOLESALER,"Lopinavir/Ritonavir 200/50mg [Aluvia], tablets, 120 Tabs",Lopinavir/Ritonavir,Aluvia,200/50mg,Tablet,ABBVIE Ludwigshafen Germany,28691,120,31,798.55,25.76,0.21,0.99,,,FALSE,8/27/14,8/27/14,,8/27/14
111-MZ-T30,FPQ-6132,SCMS-82710,ASN-8226,Mozambique,PMO - US,Direct Drop,EXW,Air,HRDT,HIV test,"Trinity Biotech, Plc","HIV 1/2, Uni-Gold HIV Kit, 20 Tests","HIV 1/2, Uni-Gold HIV Kit",Uni-Gold,N/A,Test kit,"Trinity Biotech, Plc",28703,20,4445,142240,32,1.6,306.67,1112,18669.96,TRUE,11/30/10,11/30/10,,8/23/10
116-ZA-T30,FPQ-14942,SCMS-259079,ASN-33852,South Africa,PMO - US,Direct Drop,DDP,Truck,ARV,Adult,PHARMACY DIRECT,"Nevirapine 200mg, tablets, 60 Tabs",Nevirapine,Generic,200mg,Tablet,"Aurobindo Unit III, India",28724,60,24,329.7,13.74,0.23,0.34,,,FALSE,8/24/15,8/24/15,,10/9/14
106-HT-T30,FPQ-7040,SCMS-98580,ASN-10062,Haiti,PMO - US,Direct Drop,FCA,Air,HRDT,HIV test,"Orgenics, Ltd","HIV 1/2, Determine HIV Kit, without Lancets, 100 Tests","HIV 1/2, Determine HIV Kit, without Lancets",Determine,N/A,Test kit,Inverness Japan,28773,100,2000,195360,97.68,0.98,322.34,453,7030.94,TRUE,4/6/11,4/6/11,,2/2/11
106-HT-T30,FPQ-13494,SCMS-225423,ASN-28600,Haiti,PMO - US,Direct Drop,EXW,Air,HRDT,HIV test,"SHANGHAI KEHUA BIOENGINEERING CO.,LTD.  (KHB)","HIV 1/2, SKB Colloidal Gold, Diagnostic Kit, Antibody, 50 Tests","HIV 1/2, Colloidal Gold, Diagnostic Kit, Antibody",Colloidal Gold,N/A,Test kit,"KHB Test Kit Facility, Shanghai China",28777,1,400,9800,24.5,24.5,10.07,253,3145.85,TRUE,11/3/14,11/3/14,,2/19/14
110-ZM-T30,FPQ-11570,SCMS-181170,ASN-19516,Zambia,PMO - US,Direct Drop,EXW,Air,ARV,Pediatric,CIPLA LIMITED,"Abacavir/Lamivudine 60/30mg, dispersible tablets, 60 Tabs",Abacavir/Lamivudine,Generic,60/30mg,Chewable/dispersible tablet - FDC,"Cipla, Patalganga, India",28778,60,40000,240000,6,0.1,296.88,3533,20188.13,TRUE,7/11/13,7/11/13,,3/14/13
117-ET-T30,FPQ-4716,SCMS-59510,ASN-5721,Ethiopia,PMO - US,Direct Drop,EXW,Air,ARV,Adult,Aurobindo Pharma Limited,"Lamivudine 150mg, tablets, 60 Tabs",Lamivudine,Generic,150mg,Tablet,"Aurobindo Unit III, India",28802,60,15000,35700,2.38,0.04,76.97,780,2949.1,TRUE,12/24/09,12/24/09,,12/10/09
107-RW-T30,FPQ-3859,SCMS-48851,ASN-4860,Rwanda,PMO - US,Direct Drop,CIP,Air,ARV,Adult,HETERO LABS LIMITED,"Nevirapine 200mg, tablets, 60 Tabs",Nevirapine,Generic,200mg,Tablet,Hetero Unit III Hyderabad IN,28825,60,12000,37080,3.09,0.05,72.68,708,3891.2,TRUE,9/8/09,9/8/09,,7/16/09
161-ZA-T30,FPQ-5648,SCMS-75560,ASN-8147,South Africa,PMO - US,Direct Drop,DDP,Ocean,ARV,Adult,STRIDES ARCOLAB LIMITED,"Lamivudine 150mg, tablets, 60 Tabs",Lamivudine,Generic,150mg,Tablet,"Strides, Bangalore, India.",28838,60,150000,373500,2.49,0.04,805.27,7670,8256.97,TRUE,11/4/10,11/4/10,,6/17/10
116-ZA-T30,FPQ-14942,SCMS-259077,ASN-33477,South Africa,PMO - US,Direct Drop,DDP,Truck,ARV,Pediatric,PHARMACY DIRECT,"Efavirenz 200mg, capsule, 90 Caps",Efavirenz,Generic,200mg,Capsule,"Aurobindo Unit III, India",28844,90,10,170.44,17.04,0.19,0.18,,,FALSE,7/24/15,7/24/15,,10/9/14
116-ZA-T30,FPQ-3560,SCMS-49642,ASN-5242,South Africa,PMO - US,Direct Drop,DDP,Truck,ARV,Adult,S. BUYS WHOLESALER,"Lopinavir/Ritonavir 200/50mg [Aluvia], tablets, 120 Tabs",Lopinavir/Ritonavir,Aluvia,200/50mg,Tablet,ABBVIE Ludwigshafen Germany,28862,120,8000,375880.97,46.99,0.39,736.73,,,TRUE,9/11/09,9/11/09,,7/21/09
102-ML-T30,FPQ-13391,SCMS-221931,ASN-24573,Mali,PMO - US,Direct Drop,EXW,Air,HRDT,HIV test,"Orgenics, Ltd","HIV 1/2, ImmunoComb II BiSpot EIA Kit, 36 Tests","HIV 1/2, ImmunoComb II BiSpot EIA Kit",ImmunoComb,N/A,Test kit,"Alere Medical Co., Ltd.",28888,36,58,4930,85,2.36,5.07,23,1148.65,TRUE,3/25/14,3/25/14,,1/22/14
161-ZA-T30,FPQ-5303,SCMS-68981,ASN-8441,South Africa,PMO - US,Direct Drop,DDP,Air,ARV,Adult,Aurobindo Pharma Limited,"Nevirapine 200mg, tablets, 60 Tabs",Nevirapine,Generic,200mg,Tablet,"Aurobindo Unit III, India",28908,60,26369,76997.48,2.92,0.05,166.01,3110,5159.33,TRUE,12/8/10,12/8/10,,3/19/10
114-UG-T30,FPQ-13122,SCMS-212360,ASN-23076,Uganda,PMO - US,Direct Drop,EXW,Air,ARV,Adult,MYLAN LABORATORIES LTD (FORMERLY MATRIX LABORATORIES),"Atazanavir/Ritonavir 300/100mg, tablets, 30 Tabs",Atazanavir/Ritonavir,Generic,300/100mg,Tablet,Mylan (formerly Matrix) Nashik,28913,30,6000,120000,20,0.67,123.36,811,4139.95,TRUE,1/15/14,1/15/14,,10/30/13
111-MZ-T30,FPQ-8116,SCMS-118350,ASN-14302,Mozambique,PMO - US,Direct Drop,EXW,Air,HRDT,HIV test,"Trinity Biotech, Plc","HIV 1/2, Uni-Gold HIV Kit, 20 Tests","HIV 1/2, Uni-Gold HIV Kit",Uni-Gold,N/A,Test kit,"Trinity Biotech, Plc",28918,20,7500,240000,32,1.6,396,2451,35569.75,TRUE,5/25/12,5/25/12,,3/19/12
114-UG-T30,FPQ-11141,SCMS-173470,ASN-19519,Uganda,PMO - US,Direct Drop,EXW,Air,ARV,Adult,EMCURE PHARMACEUTICALS LTD,"Atazanavir 300mg, capsules, 30 Caps",Atazanavir,Generic,300mg,Capsule,"Emcure Plot No.P-2, I.T-B.T. Park, Phase II, MIDC, Hinjwadi, Pune, India",28923,30,132,2640,20,0.67,3.27,12,1025.37,TRUE,5/24/13,5/24/13,,2/4/13
161-ZA-T30,FPQ-5648,SCMS-75510,ASN-8300,South Africa,PMO - US,Direct Drop,DDP,Air,ARV,Adult,Aurobindo Pharma Limited,"Tenofovir Disoproxil Fumarate 300mg, tablets, 30 Tabs",Tenofovir Disoproxil Fumarate,Generic,300mg,Tablet,"Aurobindo Unit III, India",28928,30,40319,278604.28,6.91,0.23,600.67,3545,5953.38,TRUE,11/25/10,11/25/10,,6/17/10
116-ZA-T30,FPQ-13035,SCMS-215370,ASN-24415,South Africa,PMO - US,Direct Drop,DDP,Truck,ARV,Adult,S. BUYS WHOLESALER,"Efavirenz 600mg, tablets, 30 Tabs",Efavirenz,Generic,600mg,Tablet,"Aurobindo Unit III, India",28960,30,1131,17468.66,15.45,0.52,21.61,,,FALSE,2/6/14,2/6/14,,12/2/13
107-RW-T30,FPQ-10752,SCMS-162520,ASN-17004,Rwanda,PMO - US,Direct Drop,EXW,Air,ARV,Adult,Aurobindo Pharma Limited,"Didanosine 400mg, delayed-release capsules, 30 Caps",Didanosine,Generic,400mg,Delayed-release capsules,"Aurobindo Unit III, India",28992,30,1680,33600,20,0.67,47.11,131,2004.44,TRUE,11/29/12,11/29/12,,10/16/12
101-AF-T30,FPQ-15746,SCMS-276460,ASN-31199,Afghanistan,PMO - US,Direct Drop,EXW,Air,ANTM,Malaria,AMSTELFARMA B.V.,"Sulfadoxine/Pyrimethamine 500/25mg, tablets, 1000 Tabs",Sulfadoxine/Pyrimethamine,Generic,500/25mg,Tablet - FDC,"Micro Labs, Hosur, India",28996,1000,26,936,36,0.04,1.1,21,525.56,TRUE,8/18/15,8/18/15,,2/12/15
108-VN-T30,FPQ-11418,SCMS-176140,ASN-19490,Vietnam,PMO - US,Direct Drop,FCA,Air,ARV,Adult,ABBVIE LOGISTICS (FORMERLY ABBOTT LOGISTICS BV),"Lopinavir/Ritonavir 200/50mg [Aluvia], tablets, 120 Tabs",Lopinavir/Ritonavir,Aluvia,200/50mg,Tablet,ABBVIE Ludwigshafen Germany,28998,120,3885,236285.7,60.82,0.51,292.29,930,8303.48,TRUE,6/3/13,6/3/13,,2/11/13
200-DO-T30,FPQ-6615,SCMS-93370,ASN-9923,Dominican Republic,PMO - US,Direct Drop,EXW,Air,ARV,Adult,Aurobindo Pharma Limited,"Didanosine 250mg, delayed-release capsules, 30 Caps",Didanosine,Generic,250mg,Delayed-release capsules,"Aurobindo Unit III, India",29020,30,5100,66300,13,0.43,109.4,319,3026.24,TRUE,3/8/11,3/8/11,,12/1/10
114-UG-T30,FPQ-5772,SCMS-79750,ASN-7957,Uganda,PMO - US,Direct Drop,CIP,Air,ARV,Adult,MERCK SHARP & DOHME IDEA GMBH (FORMALLY MERCK SHARP & DOHME B.V.),"Raltegravir 400mg [Isentress], tablets, 60 Tabs",Raltegravir,Isentress,400mg,Tablet,"MSD, Haarlem, NL",29036,60,63,5764.5,91.5,1.52,12.43,7,360,TRUE,9/7/10,9/7/10,,7/20/10
106-HT-T30,FPQ-14083,SCMS-240202,ASN-28245,Haiti,PMO - US,Direct Drop,EXW,Ocean,ARV,Pediatric,MYLAN LABORATORIES LTD (FORMERLY MATRIX LABORATORIES),"Lamivudine/Zidovudine 30/60mg, dispersible tablets, 60 Tabs",Lamivudine/Zidovudine,Generic,30/60mg,Chewable/dispersible tablet - FDC,"Mylan,  H-12 & H-13, India",29043,60,2550,5074.5,1.99,0.03,5.22,199,5215.49,TRUE,11/17/14,11/17/14,,7/31/14
102-SD-T30,FPQ-8261,SCMS-120452,ASN-13273,Sudan,PMO - US,Direct Drop,EXW,Air,HRDT,HIV test,"Orgenics, Ltd","HIV 1/2, Determine Complete HIV Kit, 100 Tests","HIV 1/2, Determine Complete HIV Kit",Determine,N/A,Test kit,"Alere Medical Co., Ltd.",29061,100,70,6230,89,0.89,10.28,33,1255.77,TRUE,2/3/12,2/3/12,,9/14/11
108-VN-T30,FPQ-9577,SCMS-149040,ASN-16178,Vietnam,PMO - US,Direct Drop,EXW,Air,ARV,Adult,HETERO LABS LIMITED,"Lamivudine/Zidovudine 150/300mg, tablets, 60 Tabs",Lamivudine/Zidovudine,Generic,150/300mg,Tablet - FDC,Hetero Unit III Hyderabad IN,29071,60,17240,131886,7.65,0.13,184.9,1496,2480.22,TRUE,10/12/12,10/12/12,,6/8/12
116-ZA-T30,FPQ-14942,SCMS-259074,ASN-31070,South Africa,PMO - US,Direct Drop,DDP,Truck,ARV,Adult,PHARMACY DIRECT,"Lamivudine 150mg, tablets, 60 Tabs",Lamivudine,Generic,150mg,Tablet,"Aurobindo Unit III, India",29116,60,146,964.58,6.61,0.11,0.99,,,FALSE,3/9/15,3/9/15,,3/9/15
107-RW-T30,FPQ-6185,SCMS-84410,ASN-9123,Rwanda,PMO - US,Direct Drop,CIP,Air,ARV,Adult,CIPLA LIMITED,"Lopinavir/Ritonavir 200/50mg, tablets, 120 Tabs",Lopinavir/Ritonavir,Generic,200/50mg,Tablet,Cipla Ltd A-42 MIDC Mahar. IN,29125,120,7634,261846.2,34.3,0.29,564.54,2386,1398,TRUE,12/23/10,12/23/10,,9/27/10
114-UG-T30,FPQ-12477,SCMS-198730,ASN-21532,Uganda,PMO - US,Direct Drop,EXW,Air,ARV,Adult,HETERO LABS LIMITED,"Lamivudine 150mg, tablets, 60 Tabs",Lamivudine,Generic,150mg,Tablet,Hetero Unit III Hyderabad IN,29133,60,45359,83914.15,1.85,0.03,103.8,2773,8723.46,TRUE,9/14/13,9/14/13,,7/24/13
108-VN-T30,FPQ-12539,SCMS-199730,ASN-22935,Vietnam,PMO - US,Direct Drop,EXW,Air,ARV,Adult,Aurobindo Pharma Limited,"Abacavir 300mg, tablets, 60 Tabs",Abacavir,Generic,300mg,Tablet,"Aurobindo Unit III, India",29140,60,809,9222.6,11.4,0.19,11.41,81,459.72,TRUE,12/24/13,12/24/13,,7/25/13
106-HT-T30,FPQ-15038,SCMS-263100,ASN-31590,Haiti,PMO - US,Direct Drop,EXW,Air,ARV,Adult,JANSSEN SCIENCES IRELAND UC (FORMERLY JANSSEN R&D IRELAND),"Darunavir 600mg [Prezista], tablets, 60 Tabs",Darunavir,Prezista,600mg,Tablet,"Janssen-Cilag, Latina, IT",29155,60,600,32400,54,0.9,33.31,120,1140.71,TRUE,5/13/15,5/13/15,,1/28/15
161-ZA-T30,FPQ-6262,SCMS-84210,ASN-9949,South Africa,PMO - US,Direct Drop,DDP,Ocean,ARV,Adult,CIPLA LIMITED,"Nevirapine 200mg, tablets, 60 Tabs",Nevirapine,Generic,200mg,Tablet,"Cipla, Goa, India",29157,60,69125,192858.75,2.79,0.05,415.8,7346,19261.02,TRUE,4/5/11,4/5/11,,9/21/10
116-ZA-T30,FPQ-12522,SCMS-199283,ASN-27978,South Africa,PMO - US,Direct Drop,DDP,Truck,ARV,Adult,S. BUYS WHOLESALER,"Lamivudine 150mg, tablets, 60 Tabs",Lamivudine,Generic,150mg,Tablet,Hetero Unit III Hyderabad IN,29207,60,265,2609.69,9.85,0.16,3.23,,,FALSE,8/27/14,8/27/14,,8/27/14
116-ZA-T30,FPQ-3560,SCMS-50940,ASN-5424,South Africa,PMO - US,Direct Drop,DDP,Truck,ARV,Pediatric,S. BUYS WHOLESALER,"Stavudine 1mg/ml, powder for oral solution, 200 ml",Stavudine,Generic,1mg/ml,Oral solution,"Aurobindo Unit III, India",29219,200,300,753.67,2.51,0.01,1.48,,,FALSE,10/8/09,10/8/09,,8/3/09
102-SZ-T30,FPQ-9212,SCMS-135090,ASN-14308,Swaziland,PMO - US,Direct Drop,EXW,Air,HRDT,HIV test,"Trinity Biotech, Plc","HIV 1/2, Uni-Gold HIV Kit, 20 Tests","HIV 1/2, Uni-Gold HIV Kit",Uni-Gold,N/A,Test kit,"Trinity Biotech, Plc",29224,20,160,5120,32,1.6,7.18,59,1099.39,TRUE,5/31/12,5/31/12,,2/6/12
110-ZM-T30,FPQ-12252,SCMS-189240,ASN-20475,Zambia,PMO - US,Direct Drop,EXW,Air,HRDT,HIV test,"Orgenics, Ltd","HIV 1/2, Determine Complete HIV Kit, 100 Tests","HIV 1/2, Determine Complete HIV Kit",Determine,N/A,Test kit,"Alere Medical Co., Ltd.",29259,100,2906,232480,80,0.8,287.58,1204,19587.34,TRUE,8/5/13,8/5/13,,5/22/13
102-KE-T30,FPQ-3976,SCMS-52790,ASN-5002,Kenya,PMO - US,Direct Drop,EXW,Air,HRDT,HIV test,"Standard Diagnostics, Inc.","HIV 1/2, Bioline 3.0 Kit, (no accessories), 30 Tests","HIV 1/2, Bioline 3.0 Kit (no accessories)",Bioline,N/A,Test kit,"Standard Diagnostics, Korea",29274,30,12000,288000,24,0.8,564.48,3733,29039.18,TRUE,10/23/09,10/23/09,,9/3/09
127-KE-T30,FPQ-8155,SCMS-119190,ASN-12470,Kenya,PMO - US,Direct Drop,EXW,Air,HRDT,HIV test,"Orgenics, Ltd","HIV 1/2, Determine Complete HIV Kit, 100 Tests","HIV 1/2, Determine Complete HIV Kit",Determine,N/A,Test kit,"Alere Medical Co., Ltd.",29281,100,8657,770473,89,0.89,1271.28,4203,44128.81,TRUE,11/4/11,11/4/11,,8/28/11
900-TZ-T30,FPQ-10394,SCMS-156530,ASN-16470,Tanzania,PMO - US,Direct Drop,EXW,Air,ARV,Adult,HETERO LABS LIMITED,"Lamivudine/Zidovudine 150/300mg, tablets, 60 Tabs",Lamivudine/Zidovudine,Generic,150/300mg,Tablet - FDC,Hetero Unit III Hyderabad IN,29282,60,18456,130668.48,7.08,0.12,183.2,,,FALSE,11/1/12,11/1/12,,8/9/12
108-VN-T30,FPQ-4720,SCMS-62470,ASN-6341,Vietnam,PMO - US,Direct Drop,EXW,Air,ARV,Adult,MYLAN LABORATORIES LTD (FORMERLY MATRIX LABORATORIES),"Abacavir 300mg, tablets, 60 Tabs",Abacavir,Generic,300mg,Tablet,Mylan (formerly Matrix) Nashik,29298,60,800,14000,17.5,0.29,30.18,3002,6808.99,TRUE,4/1/10,4/1/10,,1/12/10
108-VN-T30,FPQ-12051,SCMS-188671,ASN-24431,Vietnam,PMO - US,Direct Drop,EXW,Air,ARV,Adult,Aurobindo Pharma Limited,"Nevirapine 200mg, tablets, 60 Tabs",Nevirapine,Generic,200mg,Tablet,"Aurobindo Unit III, India",29317,60,6000,13500,2.25,0.04,16.7,594,1113.01,TRUE,3/20/14,3/20/14,,12/19/13
102-SZ-T30,FPQ-7281,SCMS-109450,ASN-11528,Swaziland,PMO - US,Direct Drop,EXW,Air,HRDT,HIV test - Ancillary,"Orgenics, Ltd","HIV, Lancet, Safety, for HIV Test kits, 100 Pcs","HIV, Lancet, Safety, for HIV Test kits, 100 Pcs",Generic,N/A,Test kit - Ancillary,INVERNESS ANY,29347,100,156,780,5,0.05,1.29,56,1670.06,TRUE,8/8/11,8/8/11,,6/17/11
116-ZA-T30,FPQ-3596,SCMS-50361,ASN-5447,South Africa,PMO - US,Direct Drop,DDP,Truck,ARV,Adult,S. BUYS WHOLESALER,"Efavirenz 600mg, tablets, 30 Tabs",Efavirenz,Generic,600mg,Tablet,"Aurobindo Unit III, India",29359,30,10000,173493.02,17.35,0.58,340.05,,,TRUE,10/8/09,10/8/09,,9/22/09
116-ZA-T30,FPQ-13973,SCMS-238556,ASN-31854,South Africa,PMO - US,Direct Drop,DDP,Truck,ARV,Adult,PHARMACY DIRECT,"Nevirapine 200mg, tablets, 60 Tabs",Nevirapine,Generic,200mg,Tablet,"Aurobindo Unit III, India",29391,60,10,177.47,17.75,0.3,0.18,,,FALSE,4/28/15,4/28/15,,4/28/15
108-VN-T30,FPQ-6384,SCMS-87760,ASN-9568,Vietnam,PMO - US,Direct Drop,EXW,Air,ARV,Adult,MYLAN LABORATORIES LTD (FORMERLY MATRIX LABORATORIES),"Tenofovir Disoproxil Fumarate 300mg, tablets, 30 Tabs",Tenofovir Disoproxil Fumarate,Generic,300mg,Tablet,Mylan (formerly Matrix) Nashik,29427,30,3696,24948,6.75,0.22,53.79,314,4885.33,TRUE,2/28/11,2/28/11,,10/14/10
108-VN-T30,FPQ-14516,SCMS-249041,ASN-29769,Vietnam,PMO - US,Direct Drop,EXW,Air,ARV,Adult,MYLAN LABORATORIES LTD (FORMERLY MATRIX LABORATORIES),"Abacavir 300mg, tablets, 60 Tabs",Abacavir,Generic,300mg,Tablet,Mylan (formerly Matrix) Nashik,29479,60,900,9981,11.09,0.18,10.26,100,2504.65,TRUE,2/5/15,2/5/15,,11/24/14
106-HT-T30,FPQ-14895,SCMS-261120,ASN-30810,Haiti,PMO - US,Direct Drop,EXW,Air,ARV,Adult,MYLAN LABORATORIES LTD (FORMERLY MATRIX LABORATORIES),"Lamivudine/Nevirapine/Zidovudine 150/200/300mg, tablets, 60 Tabs",Lamivudine/Nevirapine/Zidovudine,Generic,150/300/200mg,Tablet - FDC,Mylan (formerly Matrix) Nashik,29538,60,26608,215524.8,8.1,0.13,221.56,3699,21146.04,TRUE,3/27/15,3/26/15,,11/14/14
107-RW-T30,FPQ-10223,SCMS-152930,ASN-16792,Rwanda,PMO - US,Direct Drop,EXW,Ocean,ARV,Adult,MICRO LABS LIMITED,"Nevirapine 200mg, tablets, 60 Tabs",Nevirapine,Generic,200mg,Tablet,"Micro labs, Verna, Goa, India",29596,60,171925,388550.5,2.26,0.04,544.75,15683,36173.15,TRUE,12/10/12,12/10/12,,7/18/12
106-HT-T30,FPQ-4389,SCMS-58010,ASN-5820,Haiti,PMO - US,Direct Drop,CIP,Air,ARV,Pediatric,BRISTOL-MYERS SQUIBB,"Didanosine 50mg [Videx], chewable tablets, 60 Tabs",Didanosine,Videx,50mg,Chewable/dispersible tablet,"BMS Meymac, France",29608,60,40,380,9.5,0.16,0.82,,,TRUE,2/24/10,2/24/10,,11/24/09
108-VN-T30,FPQ-16194,SCMS-285500,ASN-33267,Vietnam,PMO - US,Direct Drop,EXW,Air,ARV,Adult,HETERO LABS LIMITED,"Efavirenz/Lamivudine/Tenofovir Disoproxil Fumarate 600/300/300mg, tablets, 30 Tabs",Efavirenz/Lamivudine/Tenofovir Disoproxil Fumarate,Generic,600/300/300mg,Tablet - FDC,Hetero Unit III Hyderabad IN,29616,30,17952,170544,9.5,0.32,200.73,,,TRUE,9/3/15,9/3/15,,5/13/15
108-VN-T30,FPQ-9577,SCMS-145510,ASN-16021,Vietnam,PMO - US,Direct Drop,FCA,Air,ARV,Pediatric,ABBVIE LOGISTICS (FORMERLY ABBOTT LOGISTICS BV),"Lopinavir/Ritonavir 80/20mg/ml [Kaletra], oral solution, cool, Bottle 5 x 60 ml",Lopinavir/Ritonavir,Kaletra,80/20mg/ml,Oral solution,ABBVIE (Abbott) Logis. UK,29677,300,300,18246,60.82,0.2,25.58,275,1015.98,TRUE,11/29/12,11/29/12,,6/15/12
101-CD-T30,FPQ-16001,SCMS-280210,ASN-31750,"Congo, DRC",PMO - US,Direct Drop,EXW,Air,HRDT,HIV test,"Trinity Biotech, Plc","HIV 1/2, Uni-Gold HIV Kit, 20 Tests","HIV 1/2, Uni-Gold HIV Kit",Uni-Gold,N/A,Test kit,"Trinity Biotech, Plc",29706,20,423,13536,32,1.6,15.93,,,FALSE,7/2/15,7/2/15,,3/16/15
106-HT-T30,FPQ-15038,SCMS-262911,ASN-31028,Haiti,PMO - US,Direct Drop,EXW,Ocean,ARV,Adult,Aurobindo Pharma Limited,"Efavirenz/Lamivudine/Tenofovir Disoproxil Fumarate 600/300/300mg, tablets, 30 Tabs",Efavirenz/Lamivudine/Tenofovir Disoproxil Fumarate,Generic,600/300/300mg,Tablet - FDC,"Aurobindo Unit VII, IN",29725,30,26010,273105,10.5,0.35,280.75,3619,10101.17,TRUE,5/9/15,5/9/15,,12/31/14
106-HT-T30,FPQ-5725,SCMS-74760,ASN-7496,Haiti,PMO - US,Direct Drop,DDU,Truck,HRDT,HIV test,REINBOLD EXPORT IMPORT,"HIV 1/2, Determine Kit without Lancets, Buffer or Caplillary Tubes, 100 Tests","HIV 1/2, Determine Kit without Lancets, Buffer or Capillary Tubes, 100 Tests",Determine,N/A,Test kit,INVERNESS ANY,29727,100,1000,125000,125,1.25,269.5,,,TRUE,6/28/10,6/28/10,,6/1/10
106-HT-T30,FPQ-9636,SCMS-148360,ASN-16560,Haiti,PMO - US,Direct Drop,EXW,Ocean,ARV,Pediatric,Aurobindo Pharma Limited,"Zidovudine 100mg, capsules, 100 Caps",Zidovudine,Generic,100mg,Capsule,"Aurobindo Unit III, India",29734,100,1200,5520,4.6,0.05,7.74,6433,7727.85,TRUE,12/20/12,12/20/12,,7/3/12
108-VN-T30,FPQ-9577,SCMS-145531,ASN-16964,Vietnam,PMO - US,Direct Drop,EXW,Air,ARV,Adult,MYLAN LABORATORIES LTD (FORMERLY MATRIX LABORATORIES),"Efavirenz/Lamivudine/Tenofovir Disoproxil Fumarate 600/300/300mg, tablets, 30 Tabs",Efavirenz/Lamivudine/Tenofovir Disoproxil Fumarate,Generic,600/300/300mg,Tablet - FDC,Mylan (formerly Matrix) Nashik,29752,30,40000,520000,13,0.43,729.04,4233,6878.63,TRUE,11/26/12,11/26/12,,6/12/12
106-HT-T30,FPQ-13797,SCMS-233970,ASN-27793,Haiti,PMO - US,Direct Drop,EXW,Air,ARV,Pediatric,CIPLA LIMITED,"Lamivudine/Nevirapine/Zidovudine 30/50/60mg, dispersible tablets, 60 Tabs",Lamivudine/Nevirapine/Zidovudine,Generic,30/50/60mg,Chewable/dispersible tablet - FDC,"Cipla, Goa, India",29833,60,1926,6933.6,3.6,0.06,7.13,192,2971.3,TRUE,10/14/14,10/14/14,,4/30/14
116-ZA-T30,FPQ-11828,SCMS-183950,ASN-19166,South Africa,South Africa Field Office,Direct Drop,DDP,Truck,ARV,Adult,S. BUYS WHOLESALER,"Stavudine 20mg [Zerit], capsules, 60 Caps",Stavudine,Zerit,20mg,Capsule,Bristol-Myers Squibb Anagni IT,29848,60,4,20.72,5.18,0.09,0.03,,,FALSE,4/16/13,4/16/13,,
108-VN-T30,FPQ-15692,SCMS-274370,ASN-32258,Vietnam,PMO - US,Direct Drop,EXW,Air,ARV,Adult,HETERO LABS LIMITED,"Lamivudine 150mg, tablets, 60 Tabs",Lamivudine,Generic,150mg,Tablet,Hetero Unit III Hyderabad IN,29880,60,15400,27720,1.8,0.03,32.63,2486,3775.5,TRUE,7/13/15,7/13/15,,2/17/15
101-CD-T30,FPQ-11043,SCMS-168010,ASN-18081,"Congo, DRC",PMO - US,Direct Drop,EXW,Air,HRDT,HIV test,"Trinity Biotech, Plc","HIV 1/2, Uni-Gold HIV Kit, 20 Tests","HIV 1/2, Uni-Gold HIV Kit",Uni-Gold,N/A,Test kit,"Trinity Biotech, Plc",29913,20,362,11584,32,1.6,14.33,134,1941.34,TRUE,7/29/13,7/29/13,,12/6/12
114-UG-T30,FPQ-12154,SCMS-188330,ASN-20238,Uganda,PMO - US,Direct Drop,EXW,Air,HRDT,HIV test,"Orgenics, Ltd","HIV 1/2, Determine Complete HIV Kit, 100 Tests","HIV 1/2, Determine Complete HIV Kit",Determine,N/A,Test kit,"Alere Medical Co., Ltd.",29925,100,2788,223040,80,0.8,275.9,1215,16337.03,TRUE,7/11/13,7/11/13,,5/9/13
161-ZA-T30,FPQ-6262,SCMS-83790,ASN-9181,South Africa,PMO - US,Direct Drop,DDP,Ocean,ARV,Adult,Aurobindo Pharma Limited,"Lamivudine 150mg, tablets, 60 Tabs",Lamivudine,Generic,150mg,Tablet,"Aurobindo Unit III, India",29932,60,238627,565546,2.37,0.04,1219.32,12045,17266.59,TRUE,1/31/11,1/31/11,,9/24/10
105-GH-T30,FPQ-13872,SCMS-235800,ASN-26464,Ghana,PMO - US,Direct Drop,EXW,Air,ARV,Adult,STRIDES ARCOLAB LIMITED,"Efavirenz 600mg, tablets, 30 Tabs",Efavirenz,Generic,600mg,Tablet,"Strides, Bangalore, India.",29938,30,60000,191400,3.19,0.11,196.76,3862,31401.36,TRUE,7/17/14,7/24/14,,4/23/14
114-UG-T30,FPQ-12154,SCMS-188330,ASN-20242,Uganda,PMO - US,Direct Drop,EXW,Air,HRDT,HIV test - Ancillary,"Orgenics, Ltd","Capillary Tubes, for Determine, EDTA, 50uL,100 Pcs","HIV, Capillary Tubes, for Determine, EDTA, 50uL,100 Pcs",Determine,N/A,Test kit - Ancillary,"Alere Medical Co., Ltd.",29951,100,1727,13816,8,0.08,17.09,130,534.86,TRUE,7/15/13,7/15/13,,5/9/13
116-ZA-T30,FPQ-4359,SCMS-54980,ASN-5373,South Africa,PMO - US,Direct Drop,DDP,Truck,ARV,Pediatric,S. BUYS WHOLESALER,"Zidovudine 10mg/ml [Retrovir], oral solution, Bottle, 200 ml",Zidovudine,Retrovir,10mg/ml,Oral solution,GSK Mississauga (Canada),29957,200,500,3894.27,7.79,0.04,7.63,,,FALSE,10/19/09,10/19/09,,10/15/09
106-HT-T30,FPQ-11442,SCMS-177182,ASN-19520,Haiti,PMO - US,Direct Drop,EXW,Air,ARV,Pediatric,Aurobindo Pharma Limited,"Abacavir 20mg/ml, oral solution w/syringe, Bottle, 240 ml",Abacavir,Generic,20mg/ml,Oral solution,"Aurobindo Unit III, India",29963,240,255,1741.65,6.83,0.03,2.15,,,FALSE,6/10/13,6/10/13,,3/11/13
107-RW-T30,FPQ-6417,SCMS-86430,ASN-8406,Rwanda,PMO - US,Direct Drop,EXW,Air,HRDT,HIV test,"Standard Diagnostics, Inc.","HIV 1/2, Bioline 3.0 Kit, (no accessories), 30 Tests","HIV 1/2, Bioline 3.0 Kit (no accessories)",Bioline,N/A,Test kit,"Standard Diagnostics, Korea",29968,30,1700,40800,24,0.8,87.96,604,8823.41,TRUE,10/20/10,10/20/10,,9/21/10
108-VN-T30,FPQ-6384,SCMS-87750,ASN-9090,Vietnam,PMO - US,Direct Drop,EXW,Air,ARV,Adult,MYLAN LABORATORIES LTD (FORMERLY MATRIX LABORATORIES),"Abacavir 300mg, tablets, 60 Tabs",Abacavir,Generic,300mg,Tablet,Mylan (formerly Matrix) Nashik,29979,60,270,4050,15,0.25,8.73,358,5294.24,TRUE,12/21/10,12/21/10,,10/14/10
116-ZA-T30,FPQ-13973,SCMS-238550,ASN-30792,South Africa,PMO - US,Direct Drop,DDP,Truck,ARV,Adult,PHARMACY DIRECT,"Emtricitabine/Tenofovir Disoproxil Fumarate 200/300mg, tablets, 30 Tabs",Emtricitabine/Tenofovir Disoproxil Fumarate,Generic,200/300mg,Tablet - FDC,"Aurobindo Unit III, India",29983,30,3,90.63,30.21,1.01,0.09,,,FALSE,2/19/15,2/19/15,,5/8/14
114-UG-T30,FPQ-11141,SCMS-173460,ASN-18714,Uganda,PMO - US,Direct Drop,EXW,Air,ARV,Adult,Aurobindo Pharma Limited,"Didanosine 250mg, delayed-release capsules, 30 Caps",Didanosine,Generic,250mg,Delayed-release capsules,"Aurobindo Unit III, India",30022,30,677,8801,13,0.43,10.89,46,1458.88,TRUE,3/28/13,3/28/13,,2/5/13
108-VN-T30,FPQ-5899,SCMS-77250,ASN-8909,Vietnam,PMO - US,Direct Drop,EXW,Air,ARV,Adult,Aurobindo Pharma Limited,"Zidovudine 300mg, tablets, 60 Tabs",Zidovudine,Generic,300mg,Tablet,"Aurobindo Unit III, India",30030,60,168,1218,7.25,0.12,2.63,,,FALSE,12/8/10,12/8/10,,7/1/10
133-NG-T30,FPQ-6606,SCMS-91790,ASN-8940,Nigeria,PMO - US,Direct Drop,EXW,Air,HRDT,HIV test,"Trinity Biotech, Plc","HIV 1/2, Uni-Gold HIV Kit, 20 Tests","HIV 1/2, Uni-Gold HIV Kit",Uni-Gold,N/A,Test kit,"Trinity Biotech, Plc",30065,20,3750,120000,32,1.6,198,1072,16036.98,TRUE,12/17/10,12/17/10,,11/9/10
901-CM-T30,FPQ-12528,SCMS-196490,ASN-20983,Cameroon,PMO - US,Direct Drop,EXW,Air,ARV,Adult,CIPLA LIMITED,"Lamivudine/Nevirapine/Zidovudine 150/200/300mg, tablets, 60 Tabs",Lamivudine/Nevirapine/Zidovudine,Generic,150/300/200mg,Tablet - FDC,"Cipla, Goa, India",30075,60,42452,343861.2,8.1,0.13,425.36,5753,49502.92,TRUE,8/28/13,8/28/13,,6/28/13
116-ZA-T30,FPQ-13035,SCMS-215370,ASN-24415,South Africa,PMO - US,Direct Drop,DDP,Truck,ARV,Adult,S. BUYS WHOLESALER,"Didanosine 250mg, delayed-release capsules, 30 Caps",Didanosine,Generic,250mg,Delayed-release capsules,"Aurobindo Unit III, India",30084,30,7,105.7,15.1,0.5,0.13,,,FALSE,2/6/14,2/6/14,,12/2/13
116-ZA-T30,FPQ-14942,SCMS-259073,ASN-30671,South Africa,PMO - US,Direct Drop,DDP,Truck,ARV,Adult,PHARMACY DIRECT,"Efavirenz 600mg, tablets, 30 Tabs",Efavirenz,Generic,600mg,Tablet,"Aurobindo Unit III, India",30103,30,154,1735.52,11.27,0.38,1.78,,,FALSE,2/12/15,2/12/15,,2/12/15
200-ZW-T30,FPQ-6488,SCMS-90670,ASN-11751,Zimbabwe,PMO - US,Direct Drop,FCA,Air,ARV,Pediatric,ABBVIE LOGISTICS (FORMERLY ABBOTT LOGISTICS BV),"Lopinavir/Ritonavir 80/20mg/ml [Kaletra], oral solution, cool, Bottle 5 x 60 ml",Lopinavir/Ritonavir,Kaletra,80/20mg/ml,Oral solution,ABBVIE (Abbott) Logis. UK,30112,300,2502,90472.32,36.16,0.12,195.06,2364,16956.86,TRUE,9/15/11,9/15/11,,11/10/10
114-UG-T30,FPQ-11153,SCMS-171910,ASN-18485,Uganda,PMO - US,Direct Drop,FCA,Air,ARV,Adult,ABBVIE LOGISTICS (FORMERLY ABBOTT LOGISTICS BV),"Ritonavir 100mg [Norvir], film coated tablets, 60 Tabs",Ritonavir,Norvir,100mg,Tablet,ABBVIE Ludwigshafen Germany,30119,60,295,2020.75,6.85,0.11,2.5,36,876.99,TRUE,3/12/13,3/12/13,,1/11/13
109-TZ-T30,FPQ-14049,SCMS-239380,ASN-27718,Tanzania,PMO - US,Direct Drop,FCA,Air,ARV,Pediatric,ABBVIE LOGISTICS (FORMERLY ABBOTT LOGISTICS BV),"Lopinavir/Ritonavir 100/25mg [Aluvia], tablets, 60 Tabs",Lopinavir/Ritonavir,Generic,100/25mg,Tablet,ABBVIE Ludwigshafen Germany,30130,60,546,3243.24,5.94,0.1,3.33,,,FALSE,10/2/14,10/2/14,,5/16/14
114-UG-T30,FPQ-12154,SCMS-188330,ASN-20239,Uganda,PMO - US,Direct Drop,EXW,Air,HRDT,HIV test,"Orgenics, Ltd","HIV 1/2, Determine Complete HIV Kit, 100 Tests","HIV 1/2, Determine Complete HIV Kit",Determine,N/A,Test kit,"Alere Medical Co., Ltd.",30159,100,2845,227600,80,0.8,281.54,1239,16337.03,TRUE,7/11/13,7/11/13,,5/9/13
104-CI-T30,FPQ-3967,SCMS-52690,ASN-5488,Côte d'Ivoire,PMO - US,Direct Drop,CIP,Air,ARV,Pediatric,BRISTOL-MYERS SQUIBB,"Didanosine 50mg [Videx], chewable tablets, 60 Tabs",Didanosine,Videx,50mg,Chewable/dispersible tablet,"BMS Meymac, France",30164,60,300,2850,9.5,0.16,5.59,,,TRUE,11/25/09,11/25/09,,9/14/09
108-VN-T30,FPQ-5899,SCMS-77270,ASN-7730,Vietnam,PMO - US,Direct Drop,EXW,Air,ARV,Adult,MYLAN LABORATORIES LTD (FORMERLY MATRIX LABORATORIES),"Abacavir 300mg, tablets, 60 Tabs",Abacavir,Generic,300mg,Tablet,Mylan (formerly Matrix) Nashik,30186,60,200,3148,15.74,0.26,6.79,22,3587.81,TRUE,11/3/10,11/3/10,,6/30/10
107-RW-T30,FPQ-9217,SCMS-152020,ASN-15941,Rwanda,PMO - US,Direct Drop,EXW,Air,ARV,Adult,Aurobindo Pharma Limited,"Didanosine 400mg, delayed-release capsules, 30 Caps",Didanosine,Generic,400mg,Delayed-release capsules,"Aurobindo Unit III, India",30211,30,1008,20160,20,0.67,28.26,213,3024.36,TRUE,8/22/12,8/22/12,,7/4/12
107-RW-T30,FPQ-6341,SCMS-84910,ASN-10140,Rwanda,PMO - US,Direct Drop,EXW,Air,ARV,Pediatric,Aurobindo Pharma Limited,"Zidovudine 10mg/ml, oral solution, Bottle, 240 ml",Zidovudine,Generic,10mg/ml,Oral solution,"Aurobindo Unit III, India",30213,240,1992,4183.2,2.1,0.01,9.02,777,6400.44,TRUE,4/8/11,4/8/11,,9/27/10
106-HT-T30,FPQ-14895,SCMS-261710,ASN-30231,Haiti,PMO - US,Direct Drop,EXW,Air,ARV,Adult,HETERO LABS LIMITED,"Lamivudine 150mg, tablets, 60 Tabs",Lamivudine,Generic,150mg,Tablet,Hetero Unit III Hyderabad IN,30220,60,1440,2592,1.8,0.03,2.66,99,1497.53,TRUE,2/6/15,2/6/15,,11/14/14
107-RW-T30,FPQ-10223,SCMS-152910,ASN-15895,Rwanda,PMO - US,Direct Drop,EXW,Air,ARV,Adult,Aurobindo Pharma Limited,"Nevirapine 200mg, tablets, 60 Tabs",Nevirapine,Generic,200mg,Tablet,"Aurobindo Unit III, India",30223,60,26441,59492.25,2.25,0.04,83.41,2520,25593.87,TRUE,9/9/12,9/9/12,,7/16/12
111-MZ-T30,FPQ-9955,SCMS-148180,ASN-16096,Mozambique,PMO - US,Direct Drop,EXW,Air,HRDT,HIV test,"Orgenics, Ltd","HIV 1/2, Determine Complete HIV Kit, 100 Tests","HIV 1/2, Determine Complete HIV Kit",Determine,N/A,Test kit,"Alere Medical Co., Ltd.",30226,100,5500,440000,80,0.8,616.88,14938,43304.68,TRUE,9/4/12,9/4/12,,6/13/12
114-UG-T30,FPQ-12154,SCMS-188330,ASN-20242,Uganda,PMO - US,Direct Drop,EXW,Air,HRDT,HIV test - Ancillary,"Orgenics, Ltd","HIV, Lancet, Safety, for HIV Test kits, 100 Pcs","HIV, Lancet, Safety, for HIV Test kits, 100 Pcs",Generic,N/A,Test kit - Ancillary,"Alere Medical Co., Ltd.",30237,100,864,4320,5,0.05,5.34,,,FALSE,7/15/13,7/15/13,,5/9/13
116-ZA-T30,FPQ-13973,SCMS-238552,ASN-27606,South Africa,PMO - US,Direct Drop,DDP,Truck,ARV,Adult,PHARMACY DIRECT,"Nevirapine 200mg, tablets, 60 Tabs",Nevirapine,Generic,200mg,Tablet,"Aurobindo Unit III, India",30248,60,12,212.96,17.75,0.3,0.22,,,TRUE,8/5/14,8/5/14,,8/5/14
108-VN-T30,FPQ-5317,SCMS-69520,ASN-7485,Vietnam,PMO - US,Direct Drop,EXW,Air,ARV,Adult,STRIDES ARCOLAB LIMITED,"Nevirapine 200mg, tablets, 60 Tabs",Nevirapine,Generic,200mg,Tablet,"Strides, Bangalore, India.",30256,60,4065,10569,2.6,0.04,22.79,497,6269.65,TRUE,8/3/10,8/3/10,,3/29/10
102-ML-T30,FPQ-10104,SCMS-153780,ASN-16454,Mali,PMO - US,Direct Drop,EXW,Air,HRDT,HIV test,"Orgenics, Ltd","HIV 1/2, Determine Complete HIV Kit, 100 Tests","HIV 1/2, Determine Complete HIV Kit",Determine,N/A,Test kit,"Alere Medical Co., Ltd.",30257,100,184,14720,80,0.8,20.64,84,3252.26,TRUE,10/19/12,10/19/12,,7/31/12
106-HT-T30,FPQ-12041,SCMS-189140,ASN-20329,Haiti,PMO - US,Direct Drop,EXW,Air,HRDT,HIV test,"Orgenics, Ltd","HIV 1/2, Determine Complete HIV Kit, 100 Tests","HIV 1/2, Determine Complete HIV Kit",Determine,N/A,Test kit,"Alere Medical Co., Ltd.",30274,100,4000,400000,100,1,494.8,1740,24069.99,TRUE,7/17/13,7/17/13,,5/21/13
105-SS-T30,FPQ-9807,SCMS-147640,ASN-15985,South Sudan,PMO - US,Direct Drop,EXW,Air,HRDT,HIV test,"Orgenics, Ltd","HIV 1/2, Determine Complete HIV Kit, 100 Tests","HIV 1/2, Determine Complete HIV Kit",Determine,N/A,Test kit,"Alere Medical Co., Ltd.",30320,100,695,61855,89,0.89,86.72,351,6445.68,TRUE,9/20/12,9/20/12,,6/20/12
110-ZM-T30,FPQ-12845,SCMS-205510,ASN-21846,Zambia,PMO - US,Direct Drop,EXW,Air,HRDT,HIV test,"Trinity Biotech, Plc","HIV 1/2, Uni-Gold HIV Kit, 20 Tests","HIV 1/2, Uni-Gold HIV Kit",Uni-Gold,N/A,Test kit,"Trinity Biotech, Plc",30349,20,4500,144000,32,1.6,178.13,1353,17507.94,TRUE,11/20/13,11/20/13,,9/11/13
105-SS-T30,FPQ-15569,SCMS-272160,ASN-31321,South Sudan,PMO - US,Direct Drop,EXW,Air,HRDT,HIV test,"Orgenics, Ltd","HIV 1/2, Determine Complete HIV Kit, 100 Tests","HIV 1/2, Determine Complete HIV Kit",Determine,N/A,Test kit,"Alere Medical Co., Ltd.",30363,100,90,8010,89,0.89,9.43,,,TRUE,6/3/15,6/3/15,,2/20/15
106-HT-T30,FPQ-11442,SCMS-177110,ASN-19116,Haiti,PMO - US,Direct Drop,FCA,Air,ARV,Adult,ABBVIE LOGISTICS (FORMERLY ABBOTT LOGISTICS BV),"Ritonavir 100mg [Norvir], film coated tablets, 60 Tabs",Ritonavir,Norvir,100mg,Tablet,ABBVIE Ludwigshafen Germany,30388,60,240,1644,6.85,0.11,2.03,30,877.61,TRUE,5/3/13,5/3/13,,2/11/13
102-KE-T30,FPQ-9127,SCMS-134420,ASN-13663,Kenya,PMO - US,Direct Drop,EXW,Air,HRDT,HIV test,Premier Medical Corporation Ltd.,"HIV 1/2/O, First Response HIV 1-2.0, v.3.0 Cards Kit, 30 Tests","HIV 1/2/O, First Response HIV 1-2.0, v.3.0 Cards Kit",First Response,N/A,Test kit,Premier Med. Corp Ltd. India,30412,30,50,1170,23.4,0.78,1.64,18,2644.79,TRUE,3/13/12,3/13/12,,1/19/12
116-ZA-T30,FPQ-3596,SCMS-50360,ASN-5453,South Africa,PMO - US,Direct Drop,DDP,Truck,ARV,Pediatric,S. BUYS WHOLESALER,"Stavudine 1mg/ml, powder for oral solution, 200 ml",Stavudine,Generic,1mg/ml,Oral solution,"Aurobindo Unit III, India",30462,200,500,1368.58,2.74,0.01,2.68,,,TRUE,10/28/09,10/28/09,,9/22/09
102-BW-T30,FPQ-5352,SCMS-75630,ASN-7750,Botswana,PMO - US,Direct Drop,EXW,Air,HRDT,HIV test,"Orgenics, Ltd","HIV 1/2, Determine Complete HIV Kit, 100 Tests","HIV 1/2, Determine Complete HIV Kit",Determine,N/A,Test kit,Inverness Japan,30475,100,10,800,80,0.8,1.72,5,760.22,TRUE,9/6/10,9/6/10,,6/8/10
110-ZM-T30,FPQ-14827,SCMS-256510,ASN-29094,Zambia,PMO - US,Direct Drop,EXW,Air,HRDT,HIV test,"Orgenics, Ltd","HIV 1/2, Determine Complete HIV Kit, 100 Tests","HIV 1/2, Determine Complete HIV Kit",Determine,N/A,Test kit,"Alere Medical Co., Ltd.",30494,100,6314,505120,80,0.8,519.26,2561,35696.95,TRUE,3/11/15,3/26/15,,9/19/14
107-RW-T30,FPQ-7520,SCMS-106800,ASN-10852,Rwanda,PMO - US,Direct Drop,EXW,Air,HRDT,HIV test,"Trinity Biotech, Plc","HIV 1/2, Uni-Gold HIV Kit, 20 Tests","HIV 1/2, Uni-Gold HIV Kit",Uni-Gold,N/A,Test kit,"Trinity Biotech, Plc",30508,20,240,7680,32,1.6,12.67,83,1215.46,TRUE,6/28/11,6/28/11,,4/28/11
116-ZA-T30,FPQ-11828,SCMS-183950,ASN-19166,South Africa,South Africa Field Office,Direct Drop,DDP,Truck,ARV,Adult,S. BUYS WHOLESALER,"Abacavir 300mg, tablets, 60 Tabs",Abacavir,Generic,300mg,Tablet,"Cipla, Patalganga, India",30514,60,45,1175.15,26.11,0.44,1.45,,,FALSE,4/16/13,4/16/13,,
133-NG-T30,FPQ-10765,SCMS-162430,ASN-17824,Nigeria,PMO - US,Direct Drop,EXW,Air,HRDT,HIV test,"Trinity Biotech, Plc","HIV 1/2, Uni-Gold HIV Kit, 20 Tests","HIV 1/2, Uni-Gold HIV Kit",Uni-Gold,N/A,Test kit,"Trinity Biotech, Plc",30519,20,24510,784320,32,1.6,1099.62,8273,94267.77,TRUE,2/1/13,2/1/13,,10/16/12
133-NG-T30,FPQ-12812,SCMS-210350,ASN-22882,Nigeria,PMO - US,Direct Drop,EXW,Air,HRDT,HIV test,"Orgenics, Ltd","HIV 1/2, Determine Complete HIV Kit, 100 Tests","HIV 1/2, Determine Complete HIV Kit",Determine,N/A,Test kit,"Alere Medical Co., Ltd.",30561,100,9347,831883,89,0.89,1029.04,3090,60185.33,TRUE,12/23/13,12/16/13,,11/1/13
900-CM-T30,FPQ-10654,SCMS-161730,ASN-17092,Cameroon,PMO - US,Direct Drop,EXW,Air,ARV,Adult,HETERO LABS LIMITED,"Lamivudine/Tenofovir Disoproxil Fumarate 300/300mg, tablets, 30 Tabs",Lamivudine/Tenofovir Disoproxil Fumarate,Generic,300/300mg,Tablet - FDC,Hetero Unit III Hyderabad IN,30573,30,38208,179959.69,4.71,0.16,252.3,4289,30395.15,TRUE,12/25/12,12/25/12,,10/5/12
116-ZA-T30,FPQ-14942,SCMS-259078,ASN-33470,South Africa,PMO - US,Direct Drop,DDP,Truck,ARV,Pediatric,PHARMACY DIRECT,"Efavirenz 200mg, capsule, 90 Caps",Efavirenz,Generic,200mg,Capsule,"Aurobindo Unit III, India",30589,90,10,182.5,18.25,0.2,0.19,,,FALSE,7/24/15,7/24/15,,10/9/14
110-ZM-T30,FPQ-4691,SCMS-60711,ASN-6614,Zambia,PMO - US,Direct Drop,EXW,Air,HRDT,HIV test,"Orgenics, Ltd","HIV 1/2, Determine Complete HIV Kit, 100 Tests","HIV 1/2, Determine Complete HIV Kit",Determine,N/A,Test kit,Inverness Japan,30601,100,2700,194400,72,0.72,419.13,1304,19502.09,TRUE,5/3/10,4/23/10,,12/22/09
110-ZM-T30,FPQ-8315,SCMS-120570,ASN-13034,Zambia,PMO - US,Direct Drop,EXW,Air,HRDT,HIV test,"Orgenics, Ltd","HIV 1/2, Determine Complete HIV Kit, 100 Tests","HIV 1/2, Determine Complete HIV Kit",Determine,N/A,Test kit,"Alere Medical Co., Ltd.",30615,100,2604,208320,80,0.8,343.73,1239,22650.58,TRUE,12/20/11,12/20/11,,9/22/11
108-VN-T30,FPQ-9001,SCMS-131700,ASN-14757,Vietnam,PMO - US,Direct Drop,EXW,Air,ARV,Adult,MYLAN LABORATORIES LTD (FORMERLY MATRIX LABORATORIES),"Abacavir 300mg, tablets, 60 Tabs",Abacavir,Generic,300mg,Tablet,Mylan (formerly Matrix) Nashik,30618,60,632,8216,13,0.22,11.52,4669,8334.77,TRUE,5/15/12,5/15/12,,1/16/12
133-NG-T30,FPQ-10349,SCMS-155320,ASN-16930,Nigeria,PMO - US,Direct Drop,EXW,Air,HRDT,HIV test,"Orgenics, Ltd","HIV 1/2, Determine Complete HIV Kit, 100 Tests","HIV 1/2, Determine Complete HIV Kit",Determine,N/A,Test kit,"Alere Medical Co., Ltd.",30629,100,614,54646,89,0.89,76.61,295,7444.13,TRUE,11/6/12,11/8/12,,8/13/12
161-ZA-T30,FPQ-5303,SCMS-68940,ASN-8001,South Africa,PMO - US,Direct Drop,DDP,Air,ARV,Adult,Aurobindo Pharma Limited,"Efavirenz 600mg, tablets, 30 Tabs",Efavirenz,Generic,600mg,Tablet,"Aurobindo Unit III, India",30633,30,40135,187430.45,4.67,0.16,404.1,3764,4263.07,TRUE,9/7/10,10/15/10,,3/19/10
116-ZA-T30,FPQ-4770,SCMS-60170,ASN-5933,South Africa,PMO - US,Direct Drop,DDP,Truck,ARV,Adult,S. BUYS WHOLESALER,"Efavirenz 600mg, tablets, 30 Tabs",Efavirenz,Generic,600mg,Tablet,"Cipla, Goa, India",30649,30,2700,52283.01,19.36,0.65,112.72,,,FALSE,12/29/09,12/29/09,,12/23/09
116-ZA-T30,FPQ-14942,SCMS-259077,ASN-33477,South Africa,PMO - US,Direct Drop,DDP,Truck,ARV,Adult,PHARMACY DIRECT,"Emtricitabine/Tenofovir Disoproxil Fumarate 200/300mg, tablets, 30 Tabs",Emtricitabine/Tenofovir Disoproxil Fumarate,Generic,200/300mg,Tablet - FDC,"Aurobindo Unit III, India",30717,30,12,261.97,21.83,0.73,0.27,,,FALSE,7/24/15,7/24/15,,10/9/14
107-RW-T30,FPQ-8263,SCMS-119630,ASN-12660,Rwanda,PMO - US,Direct Drop,EXW,Air,HRDT,HIV test,"Trinity Biotech, Plc","HIV 1/2, Uni-Gold HIV Kit, 20 Tests","HIV 1/2, Uni-Gold HIV Kit",Uni-Gold,N/A,Test kit,"Trinity Biotech, Plc",30720,20,873,27936,32,1.6,46.09,296,6318.92,TRUE,12/13/11,12/13/11,,8/29/11
116-ZA-T30,FPQ-12522,SCMS-199289,ASN-28037,South Africa,PMO - US,Direct Drop,DDP,Truck,ARV,Adult,S. BUYS WHOLESALER,"Lamivudine 150mg, tablets, 60 Tabs",Lamivudine,Generic,150mg,Tablet,Hetero Unit III Hyderabad IN,30724,60,564,5502.98,9.76,0.16,6.81,,,FALSE,8/29/14,8/29/14,,8/29/14
116-ZA-T30,FPQ-4770,SCMS-60170,ASN-5934,South Africa,PMO - US,Direct Drop,DDP,Truck,ARV,Pediatric,S. BUYS WHOLESALER,"Efavirenz 200mg, capsule, 90 Caps",Efavirenz,Generic,200mg,Capsule,"Aurobindo Unit III, India",30728,90,40,1303.06,32.58,0.36,2.81,,,FALSE,12/28/09,12/28/09,,12/23/09
200-DO-T30,FPQ-6615,SCMS-93360,ASN-9857,Dominican Republic,PMO - US,Direct Drop,EXW,Air,ARV,Adult,Aurobindo Pharma Limited,"Lopinavir/Ritonavir 200/50mg, tablets, 120 Tabs",Lopinavir/Ritonavir,Generic,200/50mg,Tablet,"Aurobindo Unit III, India",30784,120,9242,323470,35,0.29,533.73,2373,16173.9,TRUE,3/8/11,3/8/11,,12/1/10
103-ZW-T30,FPQ-12094,SCMS-186820,ASN-21834,Zimbabwe,PMO - US,Direct Drop,FCA,Air,ARV,Pediatric,LAWRENCE LABORATORIES (SUBSIDIARY OF BRISTOL MYERS SQUIBB),"Didanosine 25mg [Videx], chewable tablets, 60 Tabs",Didanosine,Videx,25mg,Chewable/dispersible tablet,Bristol-Myers Squibb Anagni IT,30788,60,747,5229,7,0.12,6.47,169,2387.62,TRUE,10/24/13,10/24/13,,4/25/13
109-TZ-T30,FPQ-6936,SCMS-100650,ASN-10469,Tanzania,PMO - US,Direct Drop,EXW,Air,HRDT,HIV test,"Orgenics, Ltd","HIV 1/2, Determine Complete HIV Kit, 100 Tests","HIV 1/2, Determine Complete HIV Kit",Determine,N/A,Test kit,Inverness Japan,30819,100,1250,100000,80,0.8,165,600,14398.69,TRUE,6/1/11,6/1/11,,3/2/11
103-ZW-T30,FPQ-15398,SCMS-264880,ASN-29747,Zimbabwe,PMO - US,Direct Drop,EXW,Air,ARV,Pediatric,MYLAN LABORATORIES LTD (FORMERLY MATRIX LABORATORIES),"Lamivudine/Nevirapine/Zidovudine 30/50/60mg, dispersible tablets, 60 Tabs",Lamivudine/Nevirapine/Zidovudine,Generic,30/50/60mg,Chewable/dispersible tablet - FDC,Mylan (formerly Matrix) Nashik,30842,60,813,2845.5,3.5,0.06,3.35,60,1344.94,TRUE,2/3/15,2/3/15,,11/17/14
102-SD-T30,FPQ-8261,SCMS-120450,ASN-13276,Sudan,PMO - US,Direct Drop,EXW,Air,HRDT,HIV test,"Orgenics, Ltd","HIV 1/2, Determine Complete HIV Kit, 100 Tests","HIV 1/2, Determine Complete HIV Kit",Determine,N/A,Test kit,"Alere Medical Co., Ltd.",30850,100,105,9345,89,0.89,15.42,49,1768.15,TRUE,2/3/12,2/3/12,,9/14/11
108-VN-T30,FPQ-15040,SCMS-263650,ASN-30555,Vietnam,PMO - US,Direct Drop,EXW,Air,ARV,Adult,MYLAN LABORATORIES LTD (FORMERLY MATRIX LABORATORIES),"Efavirenz/Lamivudine/Tenofovir Disoproxil Fumarate 600/300/300mg, tablets, 30 Tabs",Efavirenz/Lamivudine/Tenofovir Disoproxil Fumarate,Generic,600/300/300mg,Tablet - FDC,Mylan (formerly Matrix) Nashik,30904,30,22232,225654.8,10.15,0.34,231.97,2510,4363.06,TRUE,3/23/15,3/26/15,,12/8/14
107-RW-T30,FPQ-14813,SCMS-261782,ASN-33340,Rwanda,PMO - US,Direct Drop,EXW,Air,ARV,Adult,EMCURE PHARMACEUTICALS LTD,"Atazanavir/Ritonavir 300/100mg, tablets, 30 Tabs",Atazanavir/Ritonavir,Generic,300/100mg,Tablet,"Emcure Plot No.P-2, I.T-B.T. Park, Phase II, MIDC, Hinjwadi, Pune, India",30915,30,16585,298530,18,0.6,306.89,,,TRUE,8/28/15,8/28/15,,12/15/14
161-ZA-T30,FPQ-5648,SCMS-75480,ASN-8380,South Africa,PMO - US,Direct Drop,DDP,Air,ARV,Pediatric,Aurobindo Pharma Limited,"Nevirapine 10mg/ml, oral suspension w/syringe, Bottle, 240 ml",Nevirapine,Generic,10mg/ml,Oral suspension,"Aurobindo Unit III, India",30942,240,9630,30334.5,3.15,0.01,65.4,3732,4876.34,TRUE,12/13/10,12/13/10,,6/17/10
108-VN-T30,FPQ-12051,SCMS-188580,ASN-21380,Vietnam,PMO - US,Direct Drop,FCA,Air,ARV,Adult,ABBVIE LOGISTICS (FORMERLY ABBOTT LOGISTICS BV),"Ritonavir 100mg [Norvir], film coated tablets, 30 Tabs",Ritonavir,Norvir,100mg,Tablet,ABBVIE Ludwigshafen Germany,30974,30,429,9978.54,23.26,0.78,12.34,43,421.24,TRUE,9/16/13,9/16/13,,8/19/13
114-UG-T30,FPQ-14070,SCMS-237170,ASN-26329,Uganda,PMO - US,Direct Drop,EXW,Air,HRDT,HIV test,BIO-RAD LABORATORIES (FRANCE),"HIV 1/2, Genie III Kit, 50 Tests","HIV 1/2, Genie III Kit",Genie,N/A,Test kit,Bio-Rad Laboratories,30977,50,30,2982,99.4,1.99,3.07,19,846.03,TRUE,6/26/14,6/26/14,,4/30/14
107-RW-T30,FPQ-8263,SCMS-119641,ASN-13528,Rwanda,PMO - US,Direct Drop,EXW,Air,HRDT,HIV test,"Orgenics, Ltd","HIV 1/2, Determine HIV Kit, without Lancets, 100 Tests","HIV 1/2, Determine HIV Kit, without Lancets",Determine,N/A,Test kit,Inverness Japan,30982,100,6000,466200,77.7,0.78,769.23,1362,62458.88,TRUE,2/13/12,2/13/12,,8/29/11
102-BW-T30,FPQ-4903,SCMS-64790,ASN-6121,Botswana,PMO - US,Direct Drop,EXW,Air,HRDT,HIV test,"Trinity Biotech, Plc","HIV 1/2, Uni-Gold HIV Kit, 20 Tests","HIV 1/2, Uni-Gold HIV Kit",Uni-Gold,N/A,Test kit,"Trinity Biotech, Plc",30998,20,25,800,32,1.6,1.72,10,559.89,TRUE,6/4/10,6/4/10,,2/5/10
116-ZA-T30,FPQ-3560,SCMS-50950,ASN-5006,South Africa,PMO - US,Direct Drop,DDP,Truck,ARV,Adult,S. BUYS WHOLESALER,"Tenofovir Disoproxil Fumarate 300mg [Viread], tablets, 30 Tabs",Tenofovir Disoproxil Fumarate,Viread,300mg,Tablet,"Aspen-OSD, Port Elizabeth, SA",31041,30,3700,98942.55,26.74,0.89,193.93,,,FALSE,9/3/09,9/3/09,,8/3/09
108-VN-T30,FPQ-6818,SCMS-97853,ASN-11408,Vietnam,PMO - US,Direct Drop,EXW,Air,ARV,Adult,MYLAN LABORATORIES LTD (FORMERLY MATRIX LABORATORIES),"Lamivudine/Nevirapine/Zidovudine 150/200/300mg, tablets, 60 Tabs",Lamivudine/Nevirapine/Zidovudine,Generic,150/300/200mg,Tablet - FDC,Mylan (formerly Matrix) Nashik,31116,60,18406,202466,11,0.18,334.07,2571,13880.57,TRUE,7/27/11,7/27/11,,2/15/11
108-VN-T30,FPQ-7898,SCMS-113610,ASN-13013,Vietnam,PMO - US,Direct Drop,EXW,Air,ARV,Adult,STRIDES ARCOLAB LIMITED,"Lamivudine/Nevirapine/Zidovudine 150/200/300mg, tablets, 60 Tabs",Lamivudine/Nevirapine/Zidovudine,Generic,150/300/200mg,Tablet - FDC,"Strides, Bangalore, India.",31146,60,9030,95718,10.6,0.18,157.93,1054,5726.24,TRUE,12/20/11,12/20/11,,7/8/11
101-CD-T30,FPQ-13548,SCMS-224840,ASN-24721,"Congo, DRC",PMO - US,Direct Drop,EXW,Air,HRDT,HIV test,"Trinity Biotech, Plc","HIV 1/2, Uni-Gold HIV Kit, 20 Tests","HIV 1/2, Uni-Gold HIV Kit",Uni-Gold,N/A,Test kit,"Trinity Biotech, Plc",31156,20,2,64,32,1.6,0.07,,,FALSE,4/4/14,4/4/14,,1/28/14
117-ET-T30,FPQ-9096,SCMS-133380,ASN-16134,Ethiopia,PMO - US,Direct Drop,EXW,Air,HRDT,HIV test,"CHEMBIO DIAGNOSTIC SYSTEMS, INC.","HIV 1/2, Stat-Pak HIV, Kit, 20 Tests","HIV 1/2, Stat-Pak HIV, Kit",Stat-Pak,N/A,Test kit,Chembio Diagnostics Sys. Inc.,31177,20,44,1276,29,1.45,1.79,15,218.75,TRUE,9/5/12,9/5/12,,1/23/12
108-VN-T30,FPQ-9001,SCMS-131700,ASN-14757,Vietnam,PMO - US,Direct Drop,EXW,Air,ARV,Pediatric,MYLAN LABORATORIES LTD (FORMERLY MATRIX LABORATORIES),"Lamivudine/Nevirapine/Zidovudine 30/50/60mg, dispersible tablets, 60 Tabs",Lamivudine/Nevirapine/Zidovudine,Generic,30/50/60mg,Chewable/dispersible tablet - FDC,Mylan (formerly Matrix) Nashik,31203,60,13877,57589.55,4.15,0.07,80.74,,,FALSE,5/15/12,5/15/12,,1/16/12
107-RW-T30,FPQ-13852,SCMS-236480,ASN-27662,Rwanda,PMO - US,Direct Drop,FCA,Air,ARV,Adult,ABBVIE LOGISTICS (FORMERLY ABBOTT LOGISTICS BV),"Ritonavir 100mg [Norvir], film coated tablets, 60 Tabs",Ritonavir,Norvir,100mg,Tablet,ABBVIE Ludwigshafen Germany,31254,60,3500,23975,6.85,0.11,24.65,442,6776.8,TRUE,8/22/14,8/22/14,,4/24/14
105-SS-T30,FPQ-11754,SCMS-181401,ASN-20649,South Sudan,PMO - US,Direct Drop,EXW,Air,HRDT,HIV test - Ancillary,"Orgenics, Ltd","Chase Buffer, Determine, 100 Tests, 2.5ml x 1 Vial","Chase Buffer, Determine, 100 Tests, 2.5ml x 1 Vial",Determine,N/A,Test kit - Ancillary,"Alere Medical Co., Ltd.",31304,1,45,225,5,5,0.28,,,FALSE,9/13/13,9/13/13,,4/1/13
116-ZA-T30,FPQ-13973,SCMS-238551,ASN-26882,South Africa,PMO - US,Direct Drop,DDP,Truck,ARV,Pediatric,PHARMACY DIRECT,"Efavirenz 50mg, capsule, 30 Caps",Efavirenz,Generic,50mg,Capsule,"Aurobindo Unit III, India",31306,30,9,27.05,3.01,0.1,0.03,,,FALSE,6/25/14,6/25/14,,6/25/14
106-HT-T30,FPQ-16241,SCMS-288900,ASN-32495,Haiti,PMO - US,Direct Drop,EXW,Ocean,ARV,Adult,HETERO LABS LIMITED,"Efavirenz/Lamivudine/Tenofovir Disoproxil Fumarate 600/300/300mg, tablets, 30 Tabs",Efavirenz/Lamivudine/Tenofovir Disoproxil Fumarate,Generic,600/300/300mg,Tablet - FDC,Hetero Unit III Hyderabad IN,31324,30,109350,1038825,9.5,0.32,1222.7,,,TRUE,8/10/15,8/10/15,,5/27/15
101-CD-T30,FPQ-14569,SCMS-250300,ASN-27786,"Congo, DRC",PMO - US,Direct Drop,EXW,Air,ANTM,Malaria,IMRES B.V.,"Sulfadoxine/Pyrimethamine 500/25mg, tablets, 1000 Tabs",Sulfadoxine/Pyrimethamine,Generic,500/25mg,Tablet - FDC,"Guilin OSD site, No 17, China",31332,1000,1370,37401,27.3,0.03,38.45,1125,9693.68,TRUE,2/5/15,2/5/15,,8/4/14
116-ZA-T30,FPQ-13035,SCMS-215370,ASN-24415,South Africa,PMO - US,Direct Drop,DDP,Truck,ARV,Pediatric,S. BUYS WHOLESALER,"Lamivudine 10mg/ml, oral solution, Bottle, 240 ml",Lamivudine,Generic,10mg/ml,Oral solution,"Cipla, Goa, India",31363,240,4,27.35,6.84,0.03,0.03,,,FALSE,2/6/14,2/6/14,,12/2/13
901-NA-T30,FPQ-14728,SCMS-252630,ASN-29183,Namibia,PMO - US,Direct Drop,EXW,Air,ARV,Adult,MYLAN LABORATORIES LTD (FORMERLY MATRIX LABORATORIES),"Efavirenz/Emtricitabine/Tenofovir Disoproxil Fumarate 600/200/300mg, tablets, 30 Tabs",Efavirenz/Emtricitabine/Tenofovir Disoproxil Fumarate,Generic,600/200/300mg,Tablet - FDC,"Mylan,  H-12 & H-13, India",31368,30,13000,136500,10.5,0.35,140.32,3575,17969.34,TRUE,11/25/14,11/25/14,,8/19/14
108-VN-T30,FPQ-13034,SCMS-210020,ASN-24765,Vietnam,PMO - US,Direct Drop,FCA,Air,ARV,Adult,ABBVIE LOGISTICS (FORMERLY ABBOTT LOGISTICS BV),"Ritonavir 100mg [Norvir], film coated tablets, 30 Tabs",Ritonavir,Norvir,100mg,Tablet,ABBVIE Ludwigshafen Germany,31430,30,100,2326,23.26,0.78,2.88,,,TRUE,4/4/14,4/4/14,,10/10/13
107-RW-T30,FPQ-6185,SCMS-84390,ASN-9365,Rwanda,PMO - US,Direct Drop,CIP,Air,ARV,Adult,Aurobindo Pharma Limited,"Didanosine 250mg, delayed-release capsules, 30 Caps",Didanosine,Generic,250mg,Delayed-release capsules,"Aurobindo Unit III, India",31462,30,610,8082.5,13.25,0.44,17.43,,,TRUE,1/10/11,1/10/11,,9/27/10
116-ZA-T30,FPQ-12522,SCMS-199283,ASN-27978,South Africa,PMO - US,Direct Drop,DDP,Truck,ARV,Pediatric,S. BUYS WHOLESALER,"Abacavir 20mg/ml, oral solution w/syringe, Bottle, 240 ml",Abacavir,Generic,20mg/ml,Oral solution,"Aurobindo Unit III, India",31473,240,35,959.72,27.42,0.11,1.19,,,FALSE,8/27/14,8/27/14,,8/27/14
105-SS-T30,FPQ-11754,SCMS-181380,ASN-19391,South Sudan,PMO - US,Direct Drop,EXW,Air,HRDT,HIV test,"Trinity Biotech, Plc","HIV 1/2, Uni-Gold HIV Kit, 20 Tests","HIV 1/2, Uni-Gold HIV Kit",Uni-Gold,N/A,Test kit,"Trinity Biotech, Plc",31486,20,450,14400,32,1.6,17.81,146,2478.87,TRUE,6/7/13,6/7/13,,4/1/13
116-ZA-T30,FPQ-7176,SCMS-104420,ASN-11259,South Africa,PMO - US,Direct Drop,DDP,Ocean,ARV,Adult,CIPLA LIMITED,"Nevirapine 200mg, tablets, 60 Tabs",Nevirapine,Generic,200mg,Tablet,"Cipla, Goa, India",31551,60,6000,16320,2.72,0.05,26.93,638,654.72,TRUE,12/6/11,12/6/11,,4/1/11
116-ZA-T30,FPQ-12522,SCMS-199289,ASN-28033,South Africa,PMO - US,Direct Drop,DDP,Truck,ARV,Adult,S. BUYS WHOLESALER,"Zidovudine 300mg, tablets, 60 Tabs",Zidovudine,Generic,300mg,Tablet,Mylan (formerly Matrix) Nashik,31561,60,19,515.11,27.11,0.45,0.64,,,TRUE,8/29/14,8/29/14,,8/29/14
161-ZA-T30,FPQ-7175,SCMS-104020,ASN-12188,South Africa,PMO - US,Direct Drop,DDP,Ocean,ARV,Adult,CIPLA LIMITED,"Tenofovir Disoproxil Fumarate 300mg, tablets, 30 Tabs",Tenofovir Disoproxil Fumarate,Generic,300mg,Tablet,"Cipla, Goa, India",31569,30,7610,49236.7,6.47,0.22,81.24,,,TRUE,7/14/11,11/18/11,,3/28/11
901-CM-T30,FPQ-12528,SCMS-196500,ASN-21851,Cameroon,PMO - US,Direct Drop,EXW,Air,ARV,Adult,CIPLA LIMITED,"Lamivudine/Tenofovir Disoproxil Fumarate 300/300mg, tablets, 30 Tabs",Lamivudine/Tenofovir Disoproxil Fumarate,Generic,300/300mg,Tablet - FDC,"Cipla, Kurkumbh, India",31574,30,39892,183503.2,4.6,0.15,226.99,4082,51243.69,TRUE,11/9/13,11/9/13,,6/28/13
107-RW-T30,FPQ-3859,SCMS-49100,ASN-6890,Rwanda,PMO - US,Direct Drop,CIP,Air,ARV,Adult,EMCURE PHARMACEUTICALS LTD,"Efavirenz 600mg, tablets, 30 Tabs",Efavirenz,Generic,600mg,Tablet,"Emcure Plot No.P-2, I.T-B.T. Park, Phase II, MIDC, Hinjwadi, Pune, India",31648,30,59609,357057.9,5.99,0.2,699.83,4227,33008.05,TRUE,5/29/10,5/29/10,,7/15/09
116-ZA-T30,FPQ-14942,SCMS-259072,ASN-30377,South Africa,PMO - US,Direct Drop,DDP,Truck,ARV,Pediatric,PHARMACY DIRECT,"Efavirenz 200mg, capsule, 90 Caps",Efavirenz,Generic,200mg,Capsule,"Aurobindo Unit III, India",31662,90,21,357.92,17.04,0.19,0.37,,,FALSE,1/26/15,1/26/15,,1/26/15
161-ZA-T30,FPQ-6262,SCMS-83790,ASN-9477,South Africa,PMO - US,Direct Drop,DDP,Ocean,ARV,Pediatric,Aurobindo Pharma Limited,"Efavirenz 200mg, capsule, 90 Caps",Efavirenz,Generic,200mg,Capsule,"Aurobindo Unit III, India",31670,90,19214,191755.72,9.98,0.11,413.43,,,FALSE,2/1/11,3/10/11,,9/24/10
107-RW-T30,FPQ-5228,SCMS-66060,ASN-8011,Rwanda,PMO - US,Direct Drop,CIP,Air,ARV,Adult,MYLAN LABORATORIES LTD (FORMERLY MATRIX LABORATORIES),"Lamivudine/Nevirapine/Zidovudine 150/200/300mg, tablets, 60 Tabs",Lamivudine/Nevirapine/Zidovudine,Generic,150/300/200mg,Tablet - FDC,Mylan (formerly Matrix) Nashik,31694,60,61290,698706,11.4,0.19,1506.41,7965,65851.29,TRUE,9/27/10,9/27/10,,3/30/10
104-CI-T30,FPQ-12150,SCMS-191940,ASN-20868,Côte d'Ivoire,PMO - US,Direct Drop,FCA,Air,ARV,Adult,ABBVIE LOGISTICS (FORMERLY ABBOTT LOGISTICS BV),"Ritonavir 100mg [Norvir], film coated tablets, 60 Tabs",Ritonavir,Norvir,100mg,Tablet,ABBVIE Ludwigshafen Germany,31709,60,760,5206,6.85,0.11,6.44,97,1575.13,TRUE,8/1/13,8/1/13,,6/12/13
108-VN-T30,FPQ-10287,SCMS-156260,ASN-17696,Vietnam,PMO - US,Direct Drop,EXW,Air,ARV,Pediatric,MICRO LABS LIMITED,"Efavirenz 50mg, capsule, 30 Caps",Efavirenz,Generic,50mg,Capsule,"Micro labs, Verna, Goa, India",31712,30,1760,3555.2,2.02,0.07,4.98,126,798.95,TRUE,1/30/13,1/30/13,,8/15/12
161-ZA-T30,FPQ-6262,SCMS-83830,ASN-9486,South Africa,PMO - US,Direct Drop,DDP,Ocean,ARV,Pediatric,Aurobindo Pharma Limited,"Lamivudine 10mg/ml, oral solution w/syringe, Bottle, 240 ml",Lamivudine,Generic,10mg/ml,Oral solution,"Aurobindo Unit III, India",31740,240,6736,13606.72,2.02,0.01,29.34,,,FALSE,3/4/11,3/4/11,,9/24/10
114-UG-T30,FPQ-14325,SCMS-244380,ASN-28019,Uganda,PMO - US,Direct Drop,CIP,Air,ARV,Adult,ASPEN PHARMACARE,"Darunavir 300mg [Prezista], tablets, 120 Tabs",Darunavir,Prezista,300mg,Tablet,"Aspen-OSD, Port Elizabeth, SA",31750,120,807,53746.2,66.6,0.55,55.25,119,321.94,TRUE,9/12/14,9/12/14,,7/9/14
116-ZA-T30,FPQ-12522,SCMS-199283,ASN-27980,South Africa,PMO - US,Direct Drop,DDP,Truck,ARV,Adult,S. BUYS WHOLESALER,"Didanosine 250mg, delayed-release capsules, 30 Caps",Didanosine,Generic,250mg,Delayed-release capsules,"Aurobindo Unit III, India",31761,30,6,102.14,17.02,0.57,0.13,,,FALSE,8/27/14,8/27/14,,8/27/14
106-HT-T30,FPQ-14895,SCMS-260970,ASN-31105,Haiti,PMO - US,Direct Drop,EXW,Ocean,ARV,Adult,CIPLA LIMITED,"Efavirenz 600mg, tablets, 30 Tabs",Efavirenz,Generic,600mg,Tablet,"Cipla, Goa, India",31805,30,43309,140321.16,3.24,0.11,144.25,5000,6914.44,TRUE,5/25/15,5/25/15,,11/14/14
202-GT-T30,FPQ-6977,SCMS-96440,ASN-10408,Guatemala,PMO - US,Direct Drop,EXW,Air,ARV,Pediatric,GLAXOSMITHKLINE EXPORT LIMITED,"Zidovudine 10mg/ml [Retrovir], solution for IV infusion injection, Vial 5 x 20 ml",Zidovudine,Retrovir,10mg/ml,Injection,GSK Barnard Castle UK,31829,5,75,5265,70.2,14.04,8.69,29,209.37,TRUE,4/17/11,4/17/11,,1/7/11
116-ZA-T30,FPQ-15950,SCMS-277982,ASN-32412,South Africa,PMO - US,Direct Drop,DDP,Truck,ARV,Pediatric,PHARMACY DIRECT,"Ritonavir 80mg/ml [Norvir], oral solution, cool, Bottle, 90 ml",Ritonavir,Norvir,80mg/ml,Oral solution,ABBVIE (Abbott) France,31847,90,1,4.97,4.97,0.06,0.01,,,TRUE,5/27/15,5/27/15,,5/27/15
116-ZA-T30,FPQ-12522,SCMS-199283,ASN-27979,South Africa,PMO - US,Direct Drop,DDP,Truck,ARV,Pediatric,S. BUYS WHOLESALER,"Efavirenz 200mg, capsule, 90 Caps",Efavirenz,Generic,200mg,Capsule,"Aurobindo Unit III, India",31859,90,24,632.85,26.37,0.29,0.78,,,FALSE,8/27/14,8/27/14,,8/27/14
108-VN-T30,FPQ-7898,SCMS-113640,ASN-12786,Vietnam,PMO - US,Direct Drop,EXW,Air,ARV,Adult,MYLAN LABORATORIES LTD (FORMERLY MATRIX LABORATORIES),"Abacavir 300mg, tablets, 60 Tabs",Abacavir,Generic,300mg,Tablet,Mylan (formerly Matrix) Nashik,31861,60,292,4231.08,14.49,0.24,6.98,30,4525.05,TRUE,11/23/11,11/23/11,,7/7/11
117-ET-T30,FPQ-4752,SCMS-61150,ASN-5843,Ethiopia,PMO - US,Direct Drop,EXW,Air,ARV,Adult,STRIDES ARCOLAB LIMITED,"Lamivudine/Stavudine 150/30mg, tablets, 60 Tabs",Lamivudine/Stavudine,Generic,150/30mg,Tablet - FDC,"Strides, Bangalore, India.",31892,60,39939,134594.44,3.37,0.06,290.19,2038,11789.31,TRUE,1/22/10,1/22/10,,12/29/09
108-VN-T30,FPQ-13034,SCMS-210150,ASN-24571,Vietnam,PMO - US,Direct Drop,EXW,Air,ARV,Adult,HETERO LABS LIMITED,"Efavirenz/Lamivudine/Tenofovir Disoproxil Fumarate 600/300/300mg, tablets, 30 Tabs",Efavirenz/Lamivudine/Tenofovir Disoproxil Fumarate,Generic,600/300/300mg,Tablet - FDC,Hetero Unit III Hyderabad IN,31909,30,21252,223146,10.5,0.35,276.03,2982,8036.88,TRUE,4/22/14,4/22/14,,10/10/13
114-UG-T30,FPQ-13816,SCMS-231320,ASN-26091,Uganda,PMO - US,Direct Drop,EXW,Air,HRDT,HIV test,"CHEMBIO DIAGNOSTIC SYSTEMS, INC.","HIV 1/2, Stat-Pak Dipstick Assay Kit, 30 Tests","HIV 1/2, Stat-Pak Dipstick Assay Kit",Stat-Pak,N/A,Test kit,Chembio Diagnostics Sys. Inc.,31912,30,5424,149702.4,27.6,0.92,153.89,606,3790.99,TRUE,6/14/14,6/14/14,,3/20/14
103-ZW-T30,FPQ-13969,SCMS-239230,ASN-27927,Zimbabwe,PMO - US,Direct Drop,CIP,Air,ARV,Pediatric,MYLAN LABORATORIES LTD (FORMERLY MATRIX LABORATORIES),"Lamivudine/Nevirapine/Zidovudine 30/50/60mg, dispersible tablets, 60 Tabs",Lamivudine/Nevirapine/Zidovudine,Generic,30/50/60mg,Chewable/dispersible tablet - FDC,Mylan (formerly Matrix) Nashik,31917,60,164950,593820,3.6,0.06,610.45,9210,7510,TRUE,9/4/14,9/4/14,,5/16/14
104-CI-T30,FPQ-6897,SCMS-101000,ASN-10407,Côte d'Ivoire,PMO - US,Direct Drop,FCA,Air,ARV,Adult,ABBVIE LOGISTICS (FORMERLY ABBOTT LOGISTICS BV),"Lopinavir/Ritonavir 200/50mg [Aluvia], tablets, 120 Tabs",Lopinavir/Ritonavir,Aluvia,200/50mg,Tablet,ABBVIE Ludwigshafen Germany,31936,120,4809,162063.3,33.7,0.28,267.4,1196,17068.84,TRUE,6/30/11,6/30/11,,3/24/11
108-VN-T30,FPQ-12051,SCMS-190500,ASN-21652,Vietnam,PMO - US,Direct Drop,EXW,Air,ARV,Adult,HETERO LABS LIMITED,"Efavirenz 600mg, tablets, 30 Tabs",Efavirenz,Generic,600mg,Tablet,"Hetero, Jadcherla, unit 5, IN",31941,30,27186,88082.64,3.24,0.11,108.96,2321,3353.3,TRUE,9/24/13,9/24/13,,5/21/13
116-ZA-T30,FPQ-11828,SCMS-183950,ASN-19166,South Africa,South Africa Field Office,Direct Drop,DDP,Truck,ARV,Adult,S. BUYS WHOLESALER,"Didanosine 250mg, delayed-release capsules, 30 Caps",Didanosine,Generic,250mg,Delayed-release capsules,"Aurobindo Unit III, India",31963,30,2,30.85,15.42,0.51,0.04,,,FALSE,4/16/13,4/16/13,,
151-NG-T30,FPQ-7218,SCMS-105110,ASN-10989,Nigeria,PMO - US,Direct Drop,FCA,Air,ARV,Adult,ABBVIE LOGISTICS (FORMERLY ABBOTT LOGISTICS BV),"Ritonavir 100mg [Norvir], film coated tablets, 60 Tabs",Ritonavir,Norvir,100mg,Tablet,ABBVIE Ludwigshafen Germany,32026,60,448,3068.8,6.85,0.11,5.06,68,1123.14,TRUE,6/14/11,6/14/11,,4/4/11
113-ZW-T30,FPQ-13939,SCMS-240570,ASN-27586,Zimbabwe,PMO - US,Direct Drop,EXW,Air Charter,ARV,Adult,HETERO LABS LIMITED,"Lamivudine/Tenofovir Disoproxil Fumarate 300/300mg, tablets, 30 Tabs",Lamivudine/Tenofovir Disoproxil Fumarate,Generic,300/300mg,Tablet - FDC,Hetero Unit III Hyderabad IN,32029,30,42192,194927.05,4.62,0.15,200.38,4584,25682.65,TRUE,9/17/14,9/17/14,,5/27/14
101-CD-T30,FPQ-14100,SCMS-239410,ASN-26738,"Congo, DRC",PMO - US,Direct Drop,EXW,Air,HRDT,HIV test,"Trinity Biotech, Plc","HIV 1/2, Uni-Gold HIV Kit, 20 Tests","HIV 1/2, Uni-Gold HIV Kit",Uni-Gold,N/A,Test kit,"Trinity Biotech, Plc",32059,20,30,960,32,1.6,0.99,,,FALSE,9/5/14,9/5/14,,5/20/14
104-CI-T30,FPQ-6183,SCMS-83692,ASN-11129,Côte d'Ivoire,PMO - US,Direct Drop,CIP,Air,ARV,Adult,MERCK SHARP & DOHME IDEA GMBH (FORMALLY MERCK SHARP & DOHME B.V.),"Efavirenz/Emtricitabine/Tenofovir Disoproxil Fumarate 600/200/300mg [Atripla], tablets, 30 Tabs",Efavirenz/Emtricitabine/Tenofovir Disoproxil Fumarate,Atripla,600/200/300mg,Tablet - FDC,"MSD, Haarlem, NL",32064,30,6100,307440,50.4,1.68,662.84,928,2093.32,TRUE,7/1/11,7/1/11,,9/10/10
101-CD-T30,FPQ-13555,SCMS-234260,ASN-26439,"Congo, DRC",PMO - US,Direct Drop,EXW,Air,ARV,Pediatric,Aurobindo Pharma Limited,"Zidovudine 10mg/ml, oral solution, Bottle, 240 ml",Zidovudine,Generic,10mg/ml,Oral solution,"Aurobindo Unit III, India",32077,240,367,734,2,0.01,0.75,161,2038.97,TRUE,8/26/14,8/26/14,,5/5/14
108-VN-T30,FPQ-4720,SCMS-62470,ASN-6341,Vietnam,PMO - US,Direct Drop,EXW,Air,ARV,Adult,MYLAN LABORATORIES LTD (FORMERLY MATRIX LABORATORIES),"Efavirenz 600mg, tablets, 30 Tabs",Efavirenz,Generic,600mg,Tablet,Mylan (formerly Matrix) Nashik,32094,30,23520,105604.8,4.49,0.15,227.68,,,FALSE,4/1/10,4/1/10,,1/12/10
117-ET-T30,FPQ-9210,SCMS-134750,ASN-14234,Ethiopia,PMO - US,Direct Drop,EXW,Air,HRDT,HIV test,"CHEMBIO DIAGNOSTIC SYSTEMS, INC.","HIV 1/2, Stat-Pak HIV, Kit, 20 Tests","HIV 1/2, Stat-Pak HIV, Kit",Stat-Pak,N/A,Test kit,Chembio Diagnostics Sys. Inc.,32111,20,121,3509,29,1.45,4.92,42,354.59,TRUE,3/27/12,3/27/12,,1/23/12
107-RW-T30,FPQ-15065,SCMS-263330,ASN-30487,Rwanda,PMO - US,Direct Drop,EXW,Air,HRDT,HIV test,"SHANGHAI KEHUA BIOENGINEERING CO.,LTD.  (KHB)","HIV 1/2, SKB Colloidal Gold, Diagnostic Kit, Antibody, 50 Tests","HIV 1/2, Colloidal Gold, Diagnostic Kit, Antibody",Colloidal Gold,N/A,Test kit,"KHB Test Kit Facility, Shanghai China",32135,1,4050,99225,24.5,24.5,102,2700,35593.04,TRUE,2/18/15,2/18/15,,12/18/14
108-VN-T30,FPQ-15823,SCMS-277270,ASN-33526,Vietnam,PMO - US,Direct Drop,FCA,Air,ARV,Adult,ABBVIE LOGISTICS (FORMERLY ABBOTT LOGISTICS BV),"Lopinavir/Ritonavir 200/50mg [Aluvia], tablets, 120 Tabs",Lopinavir/Ritonavir,Aluvia,200/50mg,Tablet,ABBVIE Ludwigshafen Germany,32150,120,300,18240,60.8,0.51,21.47,,,TRUE,9/14/15,9/14/15,,3/4/15
108-VN-T30,FPQ-15692,SCMS-274390,ASN-32268,Vietnam,PMO - US,Direct Drop,EXW,Air,ARV,Adult,HETERO LABS LIMITED,"Efavirenz/Lamivudine/Tenofovir Disoproxil Fumarate 600/300/300mg, tablets, 30 Tabs",Efavirenz/Lamivudine/Tenofovir Disoproxil Fumarate,Generic,600/300/300mg,Tablet - FDC,Hetero Unit III Hyderabad IN,32189,30,17760,177600,10,0.33,209.04,2523,4784.19,TRUE,7/10/15,7/7/15,,2/17/15
117-ET-T30,FPQ-13200,SCMS-213980,ASN-23661,Ethiopia,PMO - US,Direct Drop,EXW,Air,HRDT,HIV test,"Trinity Biotech, Plc","HIV 1/2, Uni-Gold HIV Kit, 20 Tests","HIV 1/2, Uni-Gold HIV Kit",Uni-Gold,N/A,Test kit,"Trinity Biotech, Plc",32193,20,11,352,32,1.6,0.36,4,526.44,TRUE,1/14/14,1/14/14,,11/6/13
116-ZA-T30,FPQ-3560,SCMS-49641,ASN-5157,South Africa,PMO - US,Direct Drop,DDP,Truck,ARV,Adult,S. BUYS WHOLESALER,"Didanosine EC 400mg [Videx EC], delayed-release capsules, Blister 3 x 10 Caps",Didanosine EC,Videx EC,400mg,Delayed-release capsules - blister,"BMS Meymac, France",32279,30,110,3051.72,27.74,0.92,5.98,,,FALSE,8/12/09,8/12/09,,7/21/09
108-VN-T30,FPQ-15040,SCMS-263660,ASN-30941,Vietnam,PMO - US,Direct Drop,EXW,Air,ARV,Adult,HETERO LABS LIMITED,"Efavirenz 600mg, tablets, 30 Tabs",Efavirenz,Generic,600mg,Tablet,Hetero Unit III Hyderabad IN,32306,30,2800,9800,3.5,0.12,10.07,953,1593.67,TRUE,3/31/15,3/31/15,,12/8/14
107-RW-T30,FPQ-6185,SCMS-84400,ASN-10663,Rwanda,PMO - US,Direct Drop,CIP,Air,ARV,Adult,Aurobindo Pharma Limited,"Didanosine 400mg, delayed-release capsules, 30 Caps",Didanosine,Generic,400mg,Delayed-release capsules,"Aurobindo Unit III, India",32313,30,595,12048.75,20.25,0.68,25.98,87,255,TRUE,4/25/11,4/25/11,,9/27/10
102-SD-T30,FPQ-8264,SCMS-121842,ASN-12830,Sudan,PMO - US,Direct Drop,EXW,Air,HRDT,HIV test - Ancillary,"Orgenics, Ltd","Capillary Tubes, for Determine, EDTA, 50uL,100 Pcs","HIV, Capillary Tubes, for Determine, EDTA, 50uL,100 Pcs",Determine,N/A,Test kit - Ancillary,"Alere Medical Co., Ltd.",32316,100,2,16,8,0.08,0.03,2,885.49,TRUE,1/6/12,1/6/12,,9/14/11
100-DO-T30,FPQ-6126,SCMS-83590,ASN-8401,Dominican Republic,PMO - US,Direct Drop,EXW,Truck,ARV,Adult,"ABBVIE, SRL (FORMALLY ABBOTT LABORATORIES INTERNATIONAL CO.)","Ritonavir 100mg [Norvir], capsules, cool, 2 x 84 Caps",Ritonavir,Norvir,100mg,Capsule,ABBVIE (Abbott) St. P'burg USA,32344,168,346,49824,144,0.86,107.42,268,666.66,TRUE,10/22/10,10/22/10,,9/2/10
161-ZA-T30,FPQ-5303,SCMS-69030,ASN-7804,South Africa,PMO - US,Direct Drop,DDP,Air,ARV,Adult,Aurobindo Pharma Limited,"Zidovudine 300mg, tablets, 60 Tabs",Zidovudine,Generic,300mg,Tablet,"Aurobindo Unit III, India",32358,60,29402,218456.86,7.43,0.12,470.99,1577,1697.9,TRUE,9/20/10,9/20/10,,3/19/10
102-SD-T30,FPQ-6991,SCMS-100300,ASN-10450,Sudan,PMO - US,Direct Drop,EXW,Air,HRDT,HIV test,"Standard Diagnostics, Inc.","HIV 1/2, Bioline 3.0 Kit, Lancets, Capillary pipets, Alcohol swabs included, 25 Tests","HIV 1/2, Bioline 3.0 Kit, Lancets, Capillary pipets, Alcohol swabs included",Bioline,N/A,Test kit,"Standard Diagnostics, Korea",32359,25,17,340,20,0.8,0.56,244,2701.16,TRUE,4/29/11,4/29/11,,3/2/11
106-HT-T30,FPQ-6489,SCMS-90450,ASN-10409,Haiti,PMO - US,Direct Drop,CIP,Air,ARV,Pediatric,MERCK SHARP & DOHME IDEA GMBH (FORMALLY MERCK SHARP & DOHME B.V.),"Efavirenz 30mg/ml [Stocrin/Sustiva], oral solution, Bottle, 180 ml",Efavirenz,Stocrin/Sustiva,30mg/ml,Oral solution,"MSD, Haarlem, NL",32362,180,525,8904,16.96,0.09,19.2,159,290,TRUE,4/16/11,4/16/11,,11/4/10
114-UG-T30,FPQ-11153,SCMS-171900,ASN-18877,Uganda,PMO - US,Direct Drop,FCA,Air,ARV,Pediatric,ABBVIE LOGISTICS (FORMERLY ABBOTT LOGISTICS BV),"Lopinavir/Ritonavir 100/25mg [Aluvia], tablets, 60 Tabs",Lopinavir/Ritonavir,Generic,100/25mg,Tablet,ABBVIE Ludwigshafen Germany,32372,60,6390,37956.6,5.94,0.1,46.95,733,6255.87,TRUE,4/9/13,4/9/13,,1/11/13
116-ZA-T30,FPQ-12522,SCMS-199280,ASN-24433,South Africa,PMO - US,Direct Drop,DDP,Truck,ARV,Adult,S. BUYS WHOLESALER,"Tenofovir Disoproxil Fumarate 300mg, tablets, 30 Tabs",Tenofovir Disoproxil Fumarate,Generic,300mg,Tablet,Hetero Unit III Hyderabad IN,32398,30,306,6369.4,20.82,0.69,7.88,,,TRUE,2/7/14,2/7/14,,8/13/13
901-GH-T30,FPQ-14101,SCMS-245400,ASN-29128,Ghana,PMO - US,Direct Drop,EXW,Air,ARV,Pediatric,Aurobindo Pharma Limited,"Lamivudine 10mg/ml, oral solution, Bottle, 240 ml",Lamivudine,Generic,10mg/ml,Oral solution,"Aurobindo Unit III, India",32402,240,1905,2724.15,1.43,0.01,2.8,786,4304.34,TRUE,12/24/14,12/24/14,,7/8/14
161-ZA-T30,FPQ-7175,SCMS-103850,ASN-10872,South Africa,PMO - US,Direct Drop,DDP,Ocean,ARV,Adult,CIPLA LIMITED,"Tenofovir Disoproxil Fumarate 300mg, tablets, 30 Tabs",Tenofovir Disoproxil Fumarate,Generic,300mg,Tablet,"Cipla, Goa, India",32405,30,113000,731110,6.47,0.22,1206.33,7569,11986.59,TRUE,7/14/11,7/14/11,,3/28/11
108-VN-T30,FPQ-13034,SCMS-210120,ASN-24569,Vietnam,PMO - US,Direct Drop,EXW,Air,ARV,Adult,HETERO LABS LIMITED,"Efavirenz/Lamivudine/Tenofovir Disoproxil Fumarate 600/300/300mg, tablets, 30 Tabs",Efavirenz/Lamivudine/Tenofovir Disoproxil Fumarate,Generic,600/300/300mg,Tablet - FDC,Hetero Unit III Hyderabad IN,32422,30,24556,257838,10.5,0.35,318.95,3443,6323.76,TRUE,4/21/14,4/21/14,,10/10/13
103-MW-T30,FPQ-10790,SCMS-163900,ASN-19497,Malawi,PMO - US,Direct Drop,EXW,Ocean,ARV,Adult,MYLAN LABORATORIES LTD (FORMERLY MATRIX LABORATORIES),"Efavirenz/Lamivudine/Tenofovir Disoproxil Fumarate 600/300/300mg, tablets, 30 Tabs",Efavirenz/Lamivudine/Tenofovir Disoproxil Fumarate,Generic,600/300/300mg,Tablet - FDC,Mylan (formerly Matrix) Nashik,32435,30,190000,2183100,11.49,0.38,2700.49,21463,36695.74,TRUE,7/24/13,7/24/13,,10/31/12
111-MZ-T30,FPQ-13774,SCMS-229670,ASN-25566,Mozambique,PMO - US,Direct Drop,EXW,Air,HRDT,HIV test,"Orgenics, Ltd","HIV 1/2, Determine Kit without Lancets, Buffer or Caplillary Tubes, 100 Tests","HIV 1/2, Determine Kit without Lancets, Buffer or Capillary Tubes, 100 Tests",Determine,N/A,Test kit,"Alere Medical Co., Ltd.",32438,100,229,16522.35,72.15,0.72,16.98,43,,TRUE,5/2/14,5/2/14,,2/28/14
109-TZ-T30,FPQ-3782,SCMS-47770,ASN-5364,Tanzania,PMO - US,Direct Drop,CIP,Air,ARV,Adult,BRISTOL-MYERS SQUIBB,"Didanosine EC 400mg [Videx EC], delayed-release capsules, Blister 3 x 10 Caps",Didanosine EC,Videx EC,400mg,Delayed-release capsules - blister,"BMS Meymac, France",32471,30,15619,369701.72,23.67,0.79,724.62,,,FALSE,11/27/09,11/27/09,,6/29/09
108-VN-T30,FPQ-12539,SCMS-199810,ASN-23000,Vietnam,PMO - US,Direct Drop,EXW,Air,ARV,Adult,MYLAN LABORATORIES LTD (FORMERLY MATRIX LABORATORIES),"Lamivudine/Zidovudine 150/300mg, tablets, 60 Tabs",Lamivudine/Zidovudine,Generic,150/300mg,Tablet - FDC,Mylan (formerly Matrix) Nashik,32496,60,4848,31463.52,6.49,0.11,38.92,415,1009.6,TRUE,12/23/13,12/23/13,,8/2/13
161-ZA-T30,FPQ-7175,SCMS-103470,ASN-11200,South Africa,PMO - US,Direct Drop,DDP,Ocean,ARV,Pediatric,Aurobindo Pharma Limited,"Efavirenz 50mg, capsule, 30 Caps",Efavirenz,Generic,50mg,Capsule,"Aurobindo Unit III, India",32499,30,50000,122000,2.44,0.08,201.3,2953,6409.91,TRUE,9/2/11,9/2/11,,3/24/11
114-UG-T30,FPQ-11141,SCMS-173410,ASN-19088,Uganda,PMO - US,Direct Drop,FCA,Air,ARV,Pediatric,ABBVIE LOGISTICS (FORMERLY ABBOTT LOGISTICS BV),"Lopinavir/Ritonavir 100/25mg [Aluvia], tablets, 60 Tabs",Lopinavir/Ritonavir,Generic,100/25mg,Tablet,ABBVIE Ludwigshafen Germany,32505,60,2880,17107.2,5.94,0.1,21.16,335,3446.07,TRUE,4/30/13,4/30/13,,2/4/13
116-ZA-T30,FPQ-14942,SCMS-259073,ASN-30671,South Africa,PMO - US,Direct Drop,DDP,Truck,ARV,Pediatric,PHARMACY DIRECT,"Efavirenz 50mg, capsule, 30 Caps",Efavirenz,Generic,50mg,Capsule,"Aurobindo Unit III, India",32508,30,9,19.55,2.17,0.07,0.02,,,FALSE,2/12/15,2/12/15,,2/12/15
200-DO-T30,FPQ-6615,SCMS-93361,ASN-10226,Dominican Republic,PMO - US,Direct Drop,EXW,Air,ARV,Adult,Aurobindo Pharma Limited,"Lopinavir/Ritonavir 200/50mg, tablets, 120 Tabs",Lopinavir/Ritonavir,Generic,200/50mg,Tablet,"Aurobindo Unit III, India",32521,120,2508,87780,35,0.29,144.84,645,5002.73,TRUE,4/4/11,4/4/11,,12/1/10
102-GY-T30,FPQ-6983,SCMS-97160,ASN-10064,Guyana,PMO - US,Direct Drop,EXW,Air,HRDT,HIV test,"Orgenics, Ltd","HIV 1/2, Determine Complete HIV Kit, 100 Tests","HIV 1/2, Determine Complete HIV Kit",Determine,N/A,Test kit,Inverness Japan,32540,100,418,41800,100,1,68.97,205,6455.37,TRUE,4/12/11,4/12/11,,2/2/11
161-ZA-T30,FPQ-7175,SCMS-123580,ASN-12824,South Africa,PMO - US,Direct Drop,DDP,Ocean,ARV,Adult,Aurobindo Pharma Limited,"Efavirenz 600mg, tablets, 30 Tabs",Efavirenz,Generic,600mg,Tablet,"Aurobindo Unit III, India",32543,30,128887,549058.6,4.26,0.14,905.95,10956,16429.12,TRUE,12/22/11,12/22/11,,9/30/11
102-CD-T30,FPQ-9645,SCMS-145490,ASN-15869,"Congo, DRC",PMO - US,Direct Drop,EXW,Air,HRDT,HIV test,"Orgenics, Ltd","HIV 1/2, DoubleCheck Gold Kit, 20 Tests","HIV 1/2, DoubleCheck Gold Kit",DoubleCheck,N/A,Test kit,"Alere Medical Co., Ltd.",32548,20,400,14608,36.52,1.83,20.48,96,1906.7,TRUE,12/17/12,12/17/12,,5/7/12
106-HT-T30,FPQ-11304,SCMS-176450,ASN-19219,Haiti,PMO - US,Direct Drop,DAP,Truck,HRDT,HIV test,REINBOLD EXPORT IMPORT,"HIV 1/2, Determine Complete HIV Kit, 100 Tests","HIV 1/2, Determine Complete HIV Kit",Determine,N/A,Test kit,"Alere Medical Co., Ltd.",32559,100,25,3125,125,1.25,3.87,,,TRUE,3/15/13,3/15/13,,2/12/13
103-CM-T30,FPQ-10128,SCMS-151600,ASN-16107,Cameroon,PMO - US,Direct Drop,EXW,Air,HRDT,HIV test,"Orgenics, Ltd","HIV 1/2, Determine Kit without Lancets, Buffer or Caplillary Tubes, 100 Tests","HIV 1/2, Determine Kit without Lancets, Buffer or Capillary Tubes, 100 Tests",Determine,N/A,Test kit,"Alere Medical Co., Ltd.",32594,100,120,8658,72.15,0.72,12.14,22,1243.98,TRUE,9/10/12,9/10/12,,7/16/12
108-VN-T30,FPQ-12539,SCMS-199700,ASN-23138,Vietnam,PMO - US,Direct Drop,FCA,Air,ARV,Adult,ABBVIE LOGISTICS (FORMERLY ABBOTT LOGISTICS BV),"Ritonavir 100mg [Norvir], film coated tablets, 30 Tabs",Ritonavir,Norvir,100mg,Tablet,ABBVIE Ludwigshafen Germany,32729,30,81,1884.06,23.26,0.78,2.33,6,3549.7,TRUE,1/6/14,1/6/14,,7/30/13
107-RW-T30,FPQ-8742,SCMS-137530,ASN-15140,Rwanda,PMO - US,Direct Drop,EXW,Ocean,ARV,Adult,MYLAN LABORATORIES LTD (FORMERLY MATRIX LABORATORIES),"Efavirenz/Lamivudine/Tenofovir Disoproxil Fumarate 600/300/300mg, tablets, 30 Tabs",Efavirenz/Lamivudine/Tenofovir Disoproxil Fumarate,Generic,600/300/300mg,Tablet - FDC,Mylan (formerly Matrix) Nashik,32738,30,46613,605969,13,0.43,849.57,5245,11186.24,TRUE,8/23/12,8/23/12,,4/20/12
108-VN-T30,FPQ-6818,SCMS-97850,ASN-11024,Vietnam,PMO - US,Direct Drop,EXW,Air,ARV,Adult,MYLAN LABORATORIES LTD (FORMERLY MATRIX LABORATORIES),"Zidovudine 300mg, tablets, 60 Tabs",Zidovudine,Generic,300mg,Tablet,Mylan (formerly Matrix) Nashik,32742,60,1416,10266,7.25,0.12,16.94,,,FALSE,6/22/11,6/22/11,,2/15/11
108-VN-T30,FPQ-13976,SCMS-235620,ASN-28217,Vietnam,PMO - US,Direct Drop,FCA,Air,ARV,Adult,ABBVIE LOGISTICS (FORMERLY ABBOTT LOGISTICS BV),"Lopinavir/Ritonavir 200/50mg [Aluvia], tablets, 120 Tabs",Lopinavir/Ritonavir,Aluvia,200/50mg,Tablet,ABBVIE Ludwigshafen Germany,32743,120,2000,121640,60.82,0.51,125.05,499,1467.82,TRUE,10/22/14,10/22/14,,4/30/14
106-HT-T30,FPQ-9894,SCMS-147610,ASN-15536,Haiti,PMO - US,Direct Drop,EXW,Air,HRDT,HIV test,"SHANGHAI KEHUA BIOENGINEERING CO.,LTD.  (KHB)","HIV 1/2, SKB Colloidal Gold, Diagnostic Kit, Antibody, 50 Tests","HIV 1/2, Colloidal Gold, Diagnostic Kit, Antibody",Colloidal Gold,N/A,Test kit,"KHB Test Kit Facility, Shanghai China",32775,1,600,14700,24.5,24.5,20.61,434,4209.61,TRUE,8/10/12,8/10/12,,6/13/12
161-ZA-T30,FPQ-5303,SCMS-68981,ASN-8465,South Africa,PMO - US,Direct Drop,DDP,Air,ARV,Adult,Aurobindo Pharma Limited,"Nevirapine 200mg, tablets, 60 Tabs",Nevirapine,Generic,200mg,Tablet,"Aurobindo Unit III, India",32837,60,24000,70080,2.92,0.05,151.09,2830,5159.34,TRUE,12/8/10,12/8/10,,3/19/10
101-CD-T30,FPQ-14654,SCMS-253270,ASN-28379,"Congo, DRC",PMO - US,Direct Drop,EXW,Air,HRDT,HIV test,"Orgenics, Ltd","HIV 1/2, Determine Complete HIV Kit, 100 Tests","HIV 1/2, Determine Complete HIV Kit",Determine,N/A,Test kit,"Alere Medical Co., Ltd.",32865,100,5359,428720,80,0.8,440.72,2131,62196.13,TRUE,12/31/14,12/31/14,,8/27/14
116-ZA-T30,FPQ-13973,SCMS-238555,ASN-29257,South Africa,PMO - US,Direct Drop,DDP,Truck,ARV,Adult,PHARMACY DIRECT,"Lamivudine/Zidovudine 150/300mg, tablets, 60 Tabs",Lamivudine/Zidovudine,Generic,150/300mg,Tablet - FDC,"Aurobindo Unit III, India",32883,60,19,592.65,31.19,0.52,0.61,,,FALSE,11/5/14,11/5/14,,11/4/14
116-ZA-T30,FPQ-11828,SCMS-183950,ASN-19166,South Africa,South Africa Field Office,Direct Drop,DDP,Truck,ARV,Adult,S. BUYS WHOLESALER,"Emtricitabine/Tenofovir Disoproxil Fumarate 200/300mg, tablets, 30 Tabs",Emtricitabine/Tenofovir Disoproxil Fumarate,Generic,200/300mg,Tablet - FDC,"Aurobindo Unit III, India",32889,30,50,1528.18,30.56,1.02,1.89,,,FALSE,4/16/13,4/16/13,,
111-MZ-T30,FPQ-13395,SCMS-219220,ASN-25453,Mozambique,PMO - US,Direct Drop,EXW,Air,ARV,Adult,HETERO LABS LIMITED,"Lamivudine/Nevirapine/Zidovudine 150/200/300mg, tablets, 60 Tabs",Lamivudine/Nevirapine/Zidovudine,Generic,150/300/200mg,Tablet - FDC,Hetero Unit III Hyderabad IN,32892,60,33216,269381.75,8.11,0.14,276.92,4516,16537.11,TRUE,5/2/14,5/2/14,,12/17/13
101-CD-T30,FPQ-16001,SCMS-280220,ASN-32231,"Congo, DRC",PMO - US,Direct Drop,EXW,Air,HRDT,HIV test,"Orgenics, Ltd","HIV 1/2, Determine Complete HIV Kit, 100 Tests","HIV 1/2, Determine Complete HIV Kit",Determine,N/A,Test kit,"Alere Medical Co., Ltd.",32893,100,17,1360,80,0.8,1.6,,,FALSE,7/23/15,7/23/15,,3/17/15
116-ZA-T30,FPQ-12522,SCMS-199289,ASN-28033,South Africa,PMO - US,Direct Drop,DDP,Truck,ARV,Adult,S. BUYS WHOLESALER,"Tenofovir Disoproxil Fumarate 300mg, tablets, 30 Tabs",Tenofovir Disoproxil Fumarate,Generic,300mg,Tablet,Hetero Unit III Hyderabad IN,32903,30,486,10116.11,20.82,0.69,12.51,,,FALSE,8/29/14,8/29/14,,8/29/14
116-ZA-T30,FPQ-14942,SCMS-259079,ASN-33854,South Africa,PMO - US,Direct Drop,DDP,Truck,ARV,Adult,PHARMACY DIRECT,"Saquinavir 200mg [Invirase], capsules, 270 Caps",Saquinavir,Invirase,200mg,Capsule,Roche Madrid,32938,270,1,59.67,59.67,0.22,0.06,,,TRUE,8/24/15,8/24/15,,10/9/14
107-RW-T30,FPQ-12791,SCMS-205930,ASN-23656,Rwanda,PMO - US,Direct Drop,EXW,Air,ARV,Adult,MYLAN LABORATORIES LTD (FORMERLY MATRIX LABORATORIES),"Abacavir/Lamivudine 600/300mg, tablets, 30 Tabs",Abacavir/Lamivudine,Generic,600/300mg,Tablet - FDC,Mylan (formerly Matrix) Nashik,32953,30,40705,549110.44,13.49,0.45,679.25,3948,24035.49,TRUE,1/31/14,1/31/14,,9/19/13
144-BW-T30,FPQ-4167,SCMS-54200,ASN-7797,Botswana,PMO - US,Direct Drop,EXW,Air,HRDT,HIV test - Ancillary,Orasure Technologies Inc.,"#109435**HIV, OraQuick Controls Kit, 3 Vials","HIV, OraQuick Controls Kit, 3 Vials",OraQuick,N/A,Test kit - Ancillary,"Orasure Technologies, Inc USA",32959,3,10,250,25,8.33,0.49,6,418.94,TRUE,8/31/10,8/31/10,,9/30/09
104-CI-T30,FPQ-12806,SCMS-206521,ASN-24427,Côte d'Ivoire,PMO - US,Direct Drop,FCA,Air,ARV,Pediatric,ABBVIE LOGISTICS (FORMERLY ABBOTT LOGISTICS BV),"Lopinavir/Ritonavir 100/25mg [Aluvia], tablets, 60 Tabs",Lopinavir/Ritonavir,Generic,100/25mg,Tablet,ABBVIE Ludwigshafen Germany,32963,60,5900,35046,5.94,0.1,43.35,701,7008.1,TRUE,3/17/14,3/17/14,,12/9/13
116-ZA-T30,FPQ-14942,SCMS-259078,ASN-33473,South Africa,PMO - US,Direct Drop,DDP,Truck,ARV,Adult,PHARMACY DIRECT,"Raltegravir 400mg [Isentress], tablets, 60 Tabs",Raltegravir,Isentress,400mg,Tablet,"MSD, Haarlem, NL",32973,60,30,1972.56,65.75,1.1,2.03,,,FALSE,7/24/15,7/24/15,,10/9/14
106-HT-T30,FPQ-16241,SCMS-288910,ASN-33289,Haiti,PMO - US,Direct Drop,EXW,Air,ARV,Pediatric,HETERO LABS LIMITED,"Lamivudine 10mg/ml, oral solution, Bottle, 240 ml",Lamivudine,Generic,10mg/ml,Oral solution,Hetero Unit III Hyderabad IN,32986,240,2292,3506.76,1.53,0.01,4.13,,,TRUE,8/10/15,8/10/15,,5/27/15
116-ZA-T30,FPQ-12523,SCMS-199310,ASN-29450,South Africa,PMO - US,Direct Drop,DDP,Truck,ARV,Adult,S. BUYS WHOLESALER,"Darunavir 300mg [Prezista], tablets, 120 Tabs",Darunavir,Prezista,300mg,Tablet,"Janssen-Cilag, Latina, IT",33019,120,76,5844.58,76.9,0.64,7.23,,,TRUE,11/19/14,11/19/14,,8/13/13
104-CI-T30,FPQ-13629,SCMS-228890,ASN-30737,Côte d'Ivoire,PMO - US,Direct Drop,FCA,Air,ARV,Pediatric,ABBVIE LOGISTICS (FORMERLY ABBOTT LOGISTICS BV),"Lopinavir/Ritonavir 80/20mg/ml [Kaletra], oral solution, cool, Bottle 5 x 60 ml",Lopinavir/Ritonavir,Kaletra,80/20mg/ml,Oral solution,ABBVIE (Abbott) Logis. UK,33050,300,500,15410,30.82,0.1,15.84,632,7514.75,TRUE,3/10/15,3/10/15,,3/3/14
161-ZA-T30,FPQ-6262,SCMS-83720,ASN-9714,South Africa,PMO - US,Direct Drop,DDP,Air,ARV,Adult,Aurobindo Pharma Limited,"Abacavir 300mg, tablets, 60 Tabs",Abacavir,Generic,300mg,Tablet,"Aurobindo Unit III, India",33077,60,7600,121448,15.98,0.27,261.84,782,2534.68,TRUE,3/23/11,3/23/11,,9/24/10
116-ZA-T30,FPQ-11828,SCMS-183950,ASN-19166,South Africa,South Africa Field Office,Direct Drop,DDP,Truck,ARV,Pediatric,S. BUYS WHOLESALER,"Nevirapine 10mg/ml [Viramune], oral suspension, Bottle, 240 ml",Nevirapine,Viramune,10mg/ml,Oral suspension,Boehringer Ingelheim Roxane US,33097,240,212,2720.61,12.83,0.05,3.37,,,FALSE,4/16/13,4/16/13,,
107-RW-T30,FPQ-10092,SCMS-149431,ASN-15554,Rwanda,PMO - US,Direct Drop,EXW,Air,ARV,Adult,HETERO LABS LIMITED,"Lamivudine/Tenofovir Disoproxil Fumarate 300/300mg, tablets, 30 Tabs",Lamivudine/Tenofovir Disoproxil Fumarate,Generic,300/300mg,Tablet - FDC,Hetero Unit III Hyderabad IN,33116,30,61209,293191.12,4.79,0.16,411.05,9117,98763.02,TRUE,8/4/12,8/4/12,,6/12/12
108-VN-T30,FPQ-4719,SCMS-62310,ASN-6597,Vietnam,PMO - US,Direct Drop,EXW,Air,ARV,Adult,MYLAN LABORATORIES LTD (FORMERLY MATRIX LABORATORIES),"Tenofovir Disoproxil Fumarate 300mg, tablets, 30 Tabs",Tenofovir Disoproxil Fumarate,Generic,300mg,Tablet,Mylan (formerly Matrix) Nashik,33144,30,4536,34020,7.5,0.25,73.35,266,3678.45,TRUE,5/20/10,5/20/10,,1/7/10
109-TZ-T30,FPQ-11427,SCMS-175480,ASN-19502,Tanzania,PMO - US,Direct Drop,EXW,Air,ARV,Adult,MYLAN LABORATORIES LTD (FORMERLY MATRIX LABORATORIES),"Atazanavir/Ritonavir 300/100mg, tablets, 30 Tabs",Atazanavir/Ritonavir,Generic,300/100mg,Tablet,Mylan (formerly Matrix) Nashik,33168,30,4779,107527.5,22.5,0.75,133.01,643,4142.07,TRUE,6/18/13,6/18/13,,2/15/13
114-UG-T30,FPQ-15314,SCMS-264750,ASN-31496,Uganda,PMO - US,Direct Drop,EXW,Air,HRDT,HIV test,"Orgenics, Ltd","HIV 1/2, Determine Complete HIV Kit, 100 Tests","HIV 1/2, Determine Complete HIV Kit",Determine,N/A,Test kit,"Alere Medical Co., Ltd.",33179,100,6227,498160,80,0.8,586.33,2527,20534.4,TRUE,5/5/15,5/5/15,,12/4/14
116-ZA-T30,FPQ-14942,SCMS-259075,ASN-32138,South Africa,PMO - US,Direct Drop,DDP,Truck,ARV,Adult,PHARMACY DIRECT,"Lamivudine 150mg, tablets, 60 Tabs",Lamivudine,Generic,150mg,Tablet,"Aurobindo Unit III, India",33190,60,3,19.82,6.61,0.11,0.02,,,FALSE,5/12/15,5/12/15,,5/11/15
106-HT-T30,FPQ-14083,SCMS-240190,ASN-26906,Haiti,PMO - US,Direct Drop,EXW,Ocean,ARV,Pediatric,Aurobindo Pharma Limited,"Nevirapine 10mg/ml, oral suspension, Bottle, 240 ml",Nevirapine,Generic,10mg/ml,Oral suspension,"Aurobindo Unit III, India",33218,240,3300,4983,1.51,0.01,5.12,,,TRUE,10/20/14,10/20/14,,6/2/14
114-UG-T30,FPQ-13696,SCMS-231380,ASN-26594,Uganda,PMO - US,Direct Drop,EXW,Air,ARV,Adult,MYLAN LABORATORIES LTD (FORMERLY MATRIX LABORATORIES),"Atazanavir/Ritonavir 300/100mg, tablets, 30 Tabs",Atazanavir/Ritonavir,Generic,300/100mg,Tablet,Mylan (formerly Matrix) Nashik,33232,30,1801,36020,20,0.67,37.03,225,1726.75,TRUE,6/26/14,6/26/14,,3/21/14
106-HT-T30,FPQ-9621,SCMS-147160,ASN-16866,Haiti,PMO - US,Direct Drop,FCA,Air,ARV,Pediatric,LAWRENCE LABORATORIES (SUBSIDIARY OF BRISTOL MYERS SQUIBB),"Didanosine 2g [Videx], powder for oral solution 10mg/ml, reconstitute to 200 ml",Didanosine,Videx,2g,Powder for oral solution,Bristol-Myers Squibb Anagni IT,33263,200,98,1233.82,12.59,0.06,1.73,22,1662.72,TRUE,11/8/12,11/8/12,,8/3/12
114-UG-T30,FPQ-6918,SCMS-96910,ASN-10338,Uganda,PMO - US,Direct Drop,DDP,Air,ARV,Adult,ASPEN PHARMACARE,"Darunavir 300mg [Prezista], tablets, 120 Tabs",Darunavir,Prezista,300mg,Tablet,"Aspen-OSD, Port Elizabeth, SA",33296,120,95,8780.85,92.43,0.77,14.49,14,171,TRUE,3/29/11,3/29/11,,1/21/11
161-ZA-T30,FPQ-7175,SCMS-104030,ASN-12189,South Africa,PMO - US,Direct Drop,DDP,Ocean,ARV,Adult,CIPLA LIMITED,"Tenofovir Disoproxil Fumarate 300mg, tablets, 30 Tabs",Tenofovir Disoproxil Fumarate,Generic,300mg,Tablet,"Cipla, Goa, India",33305,30,113000,731110,6.47,0.22,1206.33,7663,9560.03,TRUE,11/18/11,11/18/11,,3/28/11
151-NG-T30,FPQ-16553,SCMS-296470,ASN-33749,Nigeria,PMO - US,Direct Drop,EXW,Air,ARV,Pediatric,CIPLA LIMITED,"Abacavir/Lamivudine 60/30mg, dispersible tablets, 60 Tabs",Abacavir/Lamivudine,Generic,60/30mg,Chewable/dispersible tablet - FDC,"Cipla, Patalganga, India",33314,60,13429,67145,5,0.08,79.03,,,TRUE,9/2/15,9/2/15,,8/4/15
114-UG-T30,FPQ-14325,SCMS-250220,ASN-29067,Uganda,PMO - US,Direct Drop,CIP,Air,ARV,Adult,JANSSEN SCIENCES IRELAND UC (FORMERLY JANSSEN R&D IRELAND),"Etravirine 100mg [Intelence], tablets, 120 Tabs",Etravirine,Intelence,100mg,Tablet,"Janssen-Cilag, Latina, IT",33359,120,501,18036,36,0.3,18.54,151,297.25,TRUE,11/1/14,11/1/14,,8/25/14
106-HT-T30,FPQ-11433,SCMS-178730,ASN-18767,Haiti,PMO - US,Direct Drop,CIP,Air,ARV,Adult,ETHNOR DEL ISTMO S.A.,"Darunavir 300mg [Prezista], tablets, 120 Tabs",Darunavir,Prezista,300mg,Tablet,"Janssen Ortho LLC, Puerto Rico",33360,120,120,7992,66.6,0.55,9.89,26,240,TRUE,4/2/13,4/2/13,,2/27/13
106-HT-T30,FPQ-14083,SCMS-240202,ASN-28246,Haiti,PMO - US,Direct Drop,EXW,Ocean,ARV,Adult,MYLAN LABORATORIES LTD (FORMERLY MATRIX LABORATORIES),"Lamivudine/Nevirapine/Zidovudine 150/200/300mg, tablets, 60 Tabs",Lamivudine/Nevirapine/Zidovudine,Generic,150/300/200mg,Tablet - FDC,Mylan (formerly Matrix) Nashik,33379,60,33624,272354.4,8.1,0.13,279.98,,,TRUE,11/17/14,11/17/14,,7/31/14
102-ML-T30,FPQ-13391,SCMS-221932,ASN-24648,Mali,PMO - US,Direct Drop,EXW,Air,HRDT,HIV test,"Orgenics, Ltd","HIV 1/2, Clearview Complete Kit, 25 Tests","HIV 1/2, Clearview Complete Kit",Clearview,N/A,Test kit,Chembio Diagnostics Sys. Inc.,33402,25,154,14630,95,3.8,15.04,87,2445.68,TRUE,3/31/14,3/31/14,,1/22/14
116-ZA-T30,FPQ-3560,SCMS-49631,ASN-5446,South Africa,PMO - US,Direct Drop,DDP,Truck,ARV,Adult,S. BUYS WHOLESALER,"Efavirenz 600mg, tablets, 30 Tabs",Efavirenz,Generic,600mg,Tablet,"Cipla, Goa, India",33403,30,6387,121664.04,19.05,0.64,238.46,,,TRUE,9/14/09,9/30/09,,7/21/09
108-VN-T30,FPQ-10811,SCMS-164550,ASN-18970,Vietnam,PMO - US,Direct Drop,EXW,Air,ARV,Adult,STRIDES ARCOLAB LIMITED,"Lamivudine/Nevirapine/Zidovudine 150/200/300mg, tablets, 60 Tabs",Lamivudine/Nevirapine/Zidovudine,Generic,150/300/200mg,Tablet - FDC,"Strides, Bangalore, India.",33422,60,14142,119075.64,8.42,0.14,147.3,1741,3821.49,TRUE,5/15/13,5/15/13,,7/11/12
108-VN-T30,FPQ-14516,SCMS-251680,ASN-29384,Vietnam,PMO - US,Direct Drop,EXW,Air,ARV,Adult,HETERO LABS LIMITED,"Tenofovir Disoproxil Fumarate 300mg, tablets, 30 Tabs",Tenofovir Disoproxil Fumarate,Generic,300mg,Tablet,Hetero Unit III Hyderabad IN,33441,30,6000,21300,3.55,0.12,21.9,2490,4545.64,TRUE,12/24/14,12/24/14,,8/11/14
113-ZW-T30,FPQ-7521,SCMS-108020,ASN-13966,Zimbabwe,PMO - US,Direct Drop,EXW,Air,HRDT,HIV test,"Orgenics, Ltd","HIV 1/2, Determine Complete HIV Kit, 100 Tests","HIV 1/2, Determine Complete HIV Kit",Determine,N/A,Test kit,Inverness Japan,33450,100,1967,157360,80,0.8,259.64,1004,18612.64,TRUE,3/20/12,3/20/12,,5/5/11
108-VN-T30,FPQ-13524,SCMS-226260,ASN-26928,Vietnam,PMO - US,Direct Drop,EXW,Air,ARV,Adult,HETERO LABS LIMITED,"Tenofovir Disoproxil Fumarate 300mg, tablets, 30 Tabs",Tenofovir Disoproxil Fumarate,Generic,300mg,Tablet,Hetero Unit III Hyderabad IN,33494,30,9300,33015,3.55,0.12,33.94,,,FALSE,7/30/14,7/30/14,,3/10/14
104-CI-T30,FPQ-9874,SCMS-147590,ASN-17853,Côte d'Ivoire,PMO - US,Direct Drop,EXW,Air,HRDT,HIV test,"Orgenics, Ltd","HIV 1/2, Determine Complete HIV Kit, 100 Tests","HIV 1/2, Determine Complete HIV Kit",Determine,N/A,Test kit,"Alere Medical Co., Ltd.",33522,100,2400,192000,80,0.8,269.18,1043,20882.95,TRUE,2/6/13,2/6/13,,6/13/12
111-MZ-T30,FPQ-11923,SCMS-187130,ASN-21340,Mozambique,PMO - US,Direct Drop,FCA,Air,ARV,Adult,ABBVIE LOGISTICS (FORMERLY ABBOTT LOGISTICS BV),"Ritonavir 100mg [Norvir], film coated tablets, 60 Tabs",Ritonavir,Norvir,100mg,Tablet,ABBVIE Ludwigshafen Germany,33544,60,168,1150.8,6.85,0.11,1.42,23,851.62,TRUE,9/30/13,9/30/13,,4/25/13
116-ZA-T30,FPQ-12522,SCMS-199289,ASN-28037,South Africa,PMO - US,Direct Drop,DDP,Truck,ARV,Adult,S. BUYS WHOLESALER,"Nevirapine 200mg, tablets, 60 Tabs",Nevirapine,Generic,200mg,Tablet,"Aurobindo Unit III, India",33615,60,83,1624.98,19.58,0.33,2.01,,,FALSE,8/29/14,8/29/14,,8/29/14
103-ZW-T30,FPQ-12094,SCMS-186830,ASN-22178,Zimbabwe,PMO - US,Direct Drop,FCA,Air,ARV,Pediatric,LAWRENCE LABORATORIES (SUBSIDIARY OF BRISTOL MYERS SQUIBB),"Didanosine 25mg [Videx], chewable tablets, 60 Tabs",Didanosine,Videx,25mg,Chewable/dispersible tablet,Bristol-Myers Squibb Anagni IT,33631,60,372,2604,7,0.12,3.22,95,2265.88,TRUE,12/13/13,12/13/13,,4/25/13
161-ZA-T30,FPQ-6262,SCMS-83830,ASN-9196,South Africa,PMO - US,Direct Drop,DDP,Ocean,ARV,Adult,Aurobindo Pharma Limited,"Efavirenz 600mg, tablets, 30 Tabs",Efavirenz,Generic,600mg,Tablet,"Aurobindo Unit III, India",33634,30,96764,438340.9,4.53,0.15,945.06,8468,30412.15,TRUE,2/1/11,2/1/11,,9/24/10
116-ZA-T30,FPQ-13973,SCMS-238551,ASN-26882,South Africa,PMO - US,Direct Drop,DDP,Truck,ARV,Adult,PHARMACY DIRECT,"Lamivudine/Zidovudine 150/300mg, tablets, 60 Tabs",Lamivudine/Zidovudine,Generic,150/300mg,Tablet - FDC,"Aurobindo Unit III, India",33654,60,18,561.46,31.19,0.52,0.58,,,FALSE,6/25/14,6/25/14,,6/25/14
105-GH-T30,FPQ-14050,SCMS-236690,ASN-27495,Ghana,PMO - US,Direct Drop,EXW,Air,ARV,Adult,MYLAN LABORATORIES LTD (FORMERLY MATRIX LABORATORIES),"Efavirenz/Lamivudine/Tenofovir Disoproxil Fumarate 600/300/300mg, tablets, 30 Tabs",Efavirenz/Lamivudine/Tenofovir Disoproxil Fumarate,Generic,600/300/300mg,Tablet - FDC,Mylan (formerly Matrix) Nashik,33665,30,38692,415552.1,10.74,0.36,427.19,4707,32683.47,TRUE,9/11/14,9/11/14,,5/15/14
104-CI-T30,FPQ-11294,SCMS-173130,ASN-19139,Côte d'Ivoire,PMO - US,Direct Drop,EXW,Air,HRDT,HIV test,"Orgenics, Ltd","HIV 1/2, Determine Complete HIV Kit, 100 Tests","HIV 1/2, Determine Complete HIV Kit",Determine,N/A,Test kit,"Alere Medical Co., Ltd.",33684,100,2953,236240,80,0.8,292.23,1284,23273.76,TRUE,4/26/13,4/26/13,,1/15/13
116-ZA-T30,FPQ-13035,SCMS-215370,ASN-24415,South Africa,PMO - US,Direct Drop,DDP,Truck,ARV,Adult,S. BUYS WHOLESALER,"Stavudine 20mg [Zerit], capsules, 60 Caps",Stavudine,Zerit,20mg,Capsule,Bristol-Myers Squibb Anagni IT,33701,60,8,38.34,4.79,0.08,0.05,,,FALSE,2/6/14,2/6/14,,12/2/13
116-ZA-T30,FPQ-14942,SCMS-295800,ASN-33865,South Africa,PMO - US,Direct Drop,DDP,Truck,ARV,Pediatric,PHARMACY DIRECT,"Lamivudine 10mg/ml, oral solution, Bottle, 240 ml",Lamivudine,Generic,10mg/ml,Oral solution,"Aurobindo Unit III, India",33719,240,17,91.92,5.41,0.02,0.09,,,FALSE,8/24/15,8/24/15,,8/24/15
108-VN-T30,FPQ-7898,SCMS-113611,ASN-14064,Vietnam,PMO - US,Direct Drop,EXW,Air,ARV,Adult,STRIDES ARCOLAB LIMITED,"Efavirenz 600mg, tablets, 30 Tabs",Efavirenz,Generic,600mg,Tablet,"Strides, Bangalore, India.",33760,30,18854,77301.4,4.1,0.14,127.55,1146,5977.2,TRUE,3/29/12,3/29/12,,7/8/11
116-ZA-T30,FPQ-14942,SCMS-259077,ASN-33477,South Africa,PMO - US,Direct Drop,DDP,Truck,ARV,Adult,PHARMACY DIRECT,"Lamivudine 150mg, tablets, 60 Tabs",Lamivudine,Generic,150mg,Tablet,"Aurobindo Unit III, India",33773,60,65,429.44,6.61,0.11,0.44,,,FALSE,7/24/15,7/24/15,,10/9/14
109-TZ-T30,FPQ-13048,SCMS-210890,ASN-23967,Tanzania,PMO - US,Direct Drop,FCA,Air,ARV,Pediatric,ABBVIE LOGISTICS (FORMERLY ABBOTT LOGISTICS BV),"Lopinavir/Ritonavir 100/25mg [Aluvia], tablets, 60 Tabs",Lopinavir/Ritonavir,Generic,100/25mg,Tablet,ABBVIE Ludwigshafen Germany,33799,60,1742,10347.48,5.94,0.1,12.8,208,2336.46,TRUE,3/7/14,3/7/14,,10/31/13
106-HT-T30,FPQ-11287,SCMS-176360,ASN-21068,Haiti,PMO - US,Direct Drop,FCA,Air,ARV,Pediatric,ABBVIE LOGISTICS (FORMERLY ABBOTT LOGISTICS BV),"Lopinavir/Ritonavir 100/25mg [Aluvia], tablets, 60 Tabs",Lopinavir/Ritonavir,Generic,100/25mg,Tablet,ABBVIE Ludwigshafen Germany,33807,60,612,3635.28,5.94,0.1,4.5,76,1259.05,TRUE,9/11/13,9/11/13,,2/5/13
103-MW-T30,FPQ-10790,SCMS-163880,ASN-17940,Malawi,PMO - US,Direct Drop,EXW,Ocean,ARV,Adult,MYLAN LABORATORIES LTD (FORMERLY MATRIX LABORATORIES),"Efavirenz/Lamivudine/Tenofovir Disoproxil Fumarate 600/300/300mg, tablets, 30 Tabs",Efavirenz/Lamivudine/Tenofovir Disoproxil Fumarate,Generic,600/300/300mg,Tablet - FDC,Mylan (formerly Matrix) Nashik,33810,30,6200,71238,11.49,0.38,88.12,701,3548.81,TRUE,6/21/13,6/21/13,,10/31/12
116-ZA-T30,FPQ-14942,SCMS-259075,ASN-32138,South Africa,PMO - US,Direct Drop,DDP,Truck,ARV,Pediatric,PHARMACY DIRECT,"Lamivudine 10mg/ml, oral solution, Bottle, 240 ml",Lamivudine,Generic,10mg/ml,Oral solution,"Aurobindo Unit III, India",33812,240,3,15.5,5.17,0.02,0.02,,,FALSE,5/12/15,5/12/15,,5/11/15
161-ZA-T30,FPQ-5379,SCMS-69550,ASN-8303,South Africa,PMO - US,Direct Drop,DDP,Air,ARV,Pediatric,ASPEN PHARMACARE,"Abacavir 20mg/ml [Ziagen], oral solution, Bottle, 240 ml",Abacavir,Ziagen,20mg/ml,Oral solution,GSK Mississauga (Canada),33833,240,80884,1219730.8,15.08,0.06,2629.74,,,TRUE,7/1/10,7/1/10,,3/25/10
102-ML-T30,FPQ-11783,SCMS-182790,ASN-19410,Mali,PMO - US,Direct Drop,CIP,Air,HRDT,HIV test - Ancillary,Orasure Technologies Inc.,"HIV, OraQuick Controls Kit, 3 Vials","HIV, OraQuick Controls Kit, 3 Vials",OraQuick,N/A,Test kit - Ancillary,"Orasure Technologies, Inc USA",33848,1,41,1025,25,25,1.27,,,TRUE,7/17/13,7/17/13,,4/11/13
116-ZA-T30,FPQ-13973,SCMS-238550,ASN-30792,South Africa,PMO - US,Direct Drop,DDP,Truck,ARV,Adult,PHARMACY DIRECT,"Didanosine 400mg, delayed-release capsules, 30 Caps",Didanosine,Generic,400mg,Delayed-release capsules,"Aurobindo Unit III, India",33861,30,3,59.03,19.68,0.66,0.06,,,FALSE,2/19/15,2/19/15,,5/8/14
901-CM-T30,FPQ-12837,SCMS-204300,ASN-21706,Cameroon,PMO - US,Direct Drop,EXW,Air,ARV,Adult,Aurobindo Pharma Limited,"Lamivudine/Nevirapine/Zidovudine 150/200/300mg, tablets, 60 Tabs",Lamivudine/Nevirapine/Zidovudine,Generic,150/300/200mg,Tablet - FDC,"Aurobindo Unit III, India",33863,60,38515,313126.94,8.13,0.14,387.34,4892,41173.77,TRUE,10/18/13,11/9/13,,8/23/13
161-ZA-T30,FPQ-6708,SCMS-93520,ASN-9579,South Africa,PMO - US,Direct Drop,DDP,Ocean,ARV,Adult,Aurobindo Pharma Limited,"Tenofovir Disoproxil Fumarate 300mg, tablets, 30 Tabs",Tenofovir Disoproxil Fumarate,Generic,300mg,Tablet,"Aurobindo Unit III, India",33868,30,70331,467701.16,6.65,0.22,771.71,6564,12396.57,TRUE,6/26/11,6/26/11,,12/6/10
108-VN-T30,FPQ-13524,SCMS-226220,ASN-26924,Vietnam,PMO - US,Direct Drop,EXW,Air,ARV,Adult,HETERO LABS LIMITED,"Efavirenz/Lamivudine/Tenofovir Disoproxil Fumarate 600/300/300mg, tablets, 30 Tabs",Efavirenz/Lamivudine/Tenofovir Disoproxil Fumarate,Generic,600/300/300mg,Tablet - FDC,Hetero Unit III Hyderabad IN,33872,30,22752,238896,10.5,0.35,245.59,3195,5583.11,TRUE,7/29/14,7/29/14,,3/10/14
161-ZA-T30,FPQ-6708,SCMS-93620,ASN-10110,South Africa,PMO - US,Direct Drop,DDP,Ocean,ARV,Adult,CIPLA LIMITED,"Tenofovir Disoproxil Fumarate 300mg, tablets, 30 Tabs",Tenofovir Disoproxil Fumarate,Generic,300mg,Tablet,"Cipla, Goa, India",33882,30,150000,1029000,6.86,0.23,1697.85,10151,19569.93,TRUE,5/5/11,5/5/11,,12/14/10
105-GH-T30,FPQ-13809,SCMS-234080,ASN-28229,Ghana,PMO - US,Direct Drop,EXW,Air,ARV,Adult,MYLAN LABORATORIES LTD (FORMERLY MATRIX LABORATORIES),"Lamivudine/Zidovudine 150/300mg, tablets, 60 Tabs",Lamivudine/Zidovudine,Generic,150/300mg,Tablet - FDC,Mylan (formerly Matrix) Nashik,33896,60,25687,166708.62,6.49,0.11,171.38,2184,15041.23,TRUE,11/21/14,11/21/14,,4/15/14
105-SS-T30,FPQ-14470,SCMS-245240,ASN-29503,South Sudan,PMO - US,Direct Drop,EXW,Air,HRDT,HIV test,"Trinity Biotech, Plc","HIV 1/2, Uni-Gold HIV Kit, 20 Tests","HIV 1/2, Uni-Gold HIV Kit",Uni-Gold,N/A,Test kit,"Trinity Biotech, Plc",33909,20,25,800,32,1.6,0.82,,,FALSE,1/9/15,1/9/15,,7/1/14
116-ZA-T30,FPQ-13973,SCMS-238552,ASN-27606,South Africa,PMO - US,Direct Drop,DDP,Truck,ARV,Adult,PHARMACY DIRECT,"Efavirenz 600mg, tablets, 30 Tabs",Efavirenz,Generic,600mg,Tablet,"Aurobindo Unit III, India",33948,30,60,935.76,15.6,0.52,0.96,,,FALSE,8/5/14,8/5/14,,8/5/14
106-HT-T30,FPQ-4337,SCMS-56120,ASN-5630,Haiti,PMO - US,Direct Drop,CIP,Air,ARV,Pediatric,BRISTOL-MYERS SQUIBB,"Didanosine 25mg [Videx], chewable tablets, 60 Tabs",Didanosine,Videx,25mg,Chewable/dispersible tablet,"BMS Meymac, France",33962,60,120,840,7,0.12,1.65,29,260,TRUE,12/21/09,12/21/09,,11/6/09
901-CM-T30,FPQ-12837,SCMS-204300,ASN-21698,Cameroon,PMO - US,Direct Drop,EXW,Air,ARV,Adult,Aurobindo Pharma Limited,"Zidovudine 300mg, tablets, 60 Tabs",Zidovudine,Generic,300mg,Tablet,"Aurobindo Unit III, India",33964,60,16820,91332.6,5.43,0.09,112.98,2993,28620.2,TRUE,10/18/13,10/18/13,,8/23/13
109-TZ-T30,FPQ-5446,SCMS-71300,ASN-7529,Tanzania,PMO - US,Direct Drop,EXW,Ocean,ARV,Adult,MYLAN LABORATORIES LTD (FORMERLY MATRIX LABORATORIES),"Efavirenz/Emtricitabine/Tenofovir Disoproxil Fumarate 600/200/300mg, tablets, 30 Tabs",Efavirenz/Emtricitabine/Tenofovir Disoproxil Fumarate,Generic,600/200/300mg,Tablet - FDC,Mylan (formerly Matrix) Nashik,33969,30,57727,1148767.2,19.9,0.66,2476.74,6349,27797.6,TRUE,9/21/10,9/21/10,,4/23/10
114-UG-T30,FPQ-15303,SCMS-264961,ASN-32047,Uganda,PMO - US,Direct Drop,EXW,Air,ARV,Adult,EMCURE PHARMACEUTICALS LTD,"Atazanavir/Ritonavir 300/100mg, tablets, 30 Tabs",Atazanavir/Ritonavir,Generic,300/100mg,Tablet,"Emcure Plot No.P-2, I.T-B.T. Park, Phase II, MIDC, Hinjwadi, Pune, India",34010,30,1000,18000,18,0.6,21.19,132,1329.99,TRUE,5/26/15,5/26/15,,11/25/14
107-RW-T30,FPQ-4047,SCMS-50840,ASN-7094,Rwanda,PMO - US,Direct Drop,CIP,Air,ARV,Adult,HETERO LABS LIMITED,"Lamivudine 150mg, tablets, 60 Tabs",Lamivudine,Generic,150mg,Tablet,Hetero Unit III Hyderabad IN,34028,60,4500,11655,2.59,0.04,22.84,277,1393.42,TRUE,6/13/10,6/13/10,,8/18/09
109-TZ-T30,FPQ-13945,SCMS-235400,ASN-31018,Tanzania,PMO - US,Direct Drop,EXW,Air,HRDT,HIV test,"Trinity Biotech, Plc","HIV 1/2, Uni-Gold HIV Kit, 20 Tests","HIV 1/2, Uni-Gold HIV Kit",Uni-Gold,N/A,Test kit,"Trinity Biotech, Plc",34058,20,84,2688,32,1.6,2.76,33,939.38,TRUE,4/28/15,4/28/15,,5/6/14
108-VN-T30,FPQ-12051,SCMS-188651,ASN-24041,Vietnam,PMO - US,Direct Drop,EXW,Air,ARV,Adult,MYLAN LABORATORIES LTD (FORMERLY MATRIX LABORATORIES),"Lamivudine/Zidovudine 150/300mg, tablets, 60 Tabs",Lamivudine/Zidovudine,Generic,150/300mg,Tablet - FDC,Mylan (formerly Matrix) Nashik,34062,60,9789,66075.75,6.75,0.11,81.74,1585,2965.32,TRUE,5/30/14,5/30/14,,11/28/13
106-HT-T30,FPQ-13494,SCMS-225422,ASN-27237,Haiti,PMO - US,Direct Drop,EXW,Air,HRDT,HIV test,"SHANGHAI KEHUA BIOENGINEERING CO.,LTD.  (KHB)","HIV 1/2, SKB Colloidal Gold, Diagnostic Kit, Antibody, 50 Tests","HIV 1/2, Colloidal Gold, Diagnostic Kit, Antibody",Colloidal Gold,N/A,Test kit,"KHB Test Kit Facility, Shanghai China",34103,1,450,11025,24.5,24.5,11.33,300,3446.68,TRUE,8/28/14,8/28/14,,2/19/14
105-SS-T30,FPQ-11539,SCMS-176931,ASN-20331,South Sudan,PMO - US,Direct Drop,EXW,Air,HRDT,HIV test - Ancillary,"Orgenics, Ltd","Chase Buffer, Determine, 100 Tests, 2.5ml x 1 Vial","Chase Buffer, Determine, 100 Tests, 2.5ml x 1 Vial",Determine,N/A,Test kit - Ancillary,"Alere Medical Co., Ltd.",34113,1,115,575,5,5,0.71,115,2660.05,TRUE,9/20/13,9/20/13,,2/26/13
116-ZA-T30,FPQ-14942,SCMS-259077,ASN-33479,South Africa,PMO - US,Direct Drop,DDP,Truck,ARV,Adult,PHARMACY DIRECT,"Etravirine 100mg [Intelence], tablets, 120 Tabs",Etravirine,Intelence,100mg,Tablet,"Janssen-Cilag, Latina, IT",34119,120,1,27.51,27.51,0.23,0.03,,,TRUE,7/24/15,7/24/15,,10/9/14
104-CI-T30,FPQ-13125,SCMS-215031,ASN-24897,Côte d'Ivoire,PMO - US,Direct Drop,EXW,Air,HRDT,HIV test,"Standard Diagnostics, Inc.","HIV 1/2, Bioline 3.0 Kit, Lancets, Capillary pipets, Alcohol swabs included, 25 Tests","HIV 1/2, Bioline 3.0 Kit, Lancets, Capillary pipets, Alcohol swabs included",Bioline,N/A,Test kit,"Standard Diagnostics, Korea",34122,25,2700,55350,20.5,0.82,56.9,900,9024.04,TRUE,3/17/14,3/17/14,,11/21/13
109-TZ-T30,FPQ-16453,SCMS-293550,ASN-33357,Tanzania,PMO - US,Direct Drop,EXW,Air,HRDT,HIV test,"Orgenics, Ltd","HIV 1/2, Determine Complete HIV Kit, 100 Tests","HIV 1/2, Determine Complete HIV Kit",Determine,N/A,Test kit,"Alere Medical Co., Ltd.",34140,100,1900,152000,80,0.8,178.9,,,TRUE,8/24/15,8/24/15,,6/25/15
116-ZA-T30,FPQ-14942,SCMS-259075,ASN-32122,South Africa,PMO - US,Direct Drop,DDP,Truck,ARV,Pediatric,PHARMACY DIRECT,"Lamivudine 10mg/ml, oral solution, Bottle, 240 ml",Lamivudine,Generic,10mg/ml,Oral solution,"Aurobindo Unit III, India",34143,240,6,31.01,5.17,0.02,0.03,,,FALSE,5/12/15,5/12/15,,5/11/15
102-SZ-T30,FPQ-7281,SCMS-109450,ASN-11528,Swaziland,PMO - US,Direct Drop,EXW,Air,HRDT,HIV test,"Orgenics, Ltd","HIV 1/2, Determine Complete HIV Kit, 100 Tests","HIV 1/2, Determine Complete HIV Kit",Determine,N/A,Test kit,Inverness Japan,34164,100,90,7200,80,0.8,11.88,,,FALSE,8/8/11,8/8/11,,6/17/11
108-VN-T30,FPQ-6818,SCMS-98170,ASN-10617,Vietnam,PMO - US,Direct Drop,FCA,Air,ARV,Adult,ABBVIE LOGISTICS (FORMERLY ABBOTT LOGISTICS BV),"Ritonavir 100mg [Norvir], capsules, cool, 4 x 84 Caps",Ritonavir,Norvir,100mg,Capsule,ABBVIE (Abbott) Logis. UK,34184,336,36,7434.36,206.51,0.61,12.27,111,7300.68,TRUE,5/10/11,5/10/11,,2/9/11
102-SD-T30,FPQ-5295,SCMS-69270,ASN-6658,Sudan,PMO - US,Direct Drop,EXW,Air,HRDT,HIV test,"Orgenics, Ltd","HIV 1/2, Determine Complete HIV Kit, 100 Tests","HIV 1/2, Determine Complete HIV Kit",Determine,N/A,Test kit,Inverness Japan,34226,100,350,28000,80,0.8,60.37,104,2023.76,TRUE,5/18/10,5/18/10,,3/24/10
116-ZA-T30,FPQ-5535,SCMS-71370,ASN-7373,South Africa,PMO - US,Direct Drop,DDP,Truck,ARV,Adult,S. BUYS WHOLESALER,"Lamivudine 150mg [Epivir], tablets, 60 Tabs",Lamivudine,Epivir,150mg,Tablet,GSK Ware (UK),34235,60,2500,14939.06,5.98,0.1,32.21,,,FALSE,5/31/10,5/31/10,,4/21/10
114-UG-T30,FPQ-13816,SCMS-231330,ASN-25469,Uganda,PMO - US,Direct Drop,EXW,Air,HRDT,HIV test,"Orgenics, Ltd","HIV 1/2, Determine Complete HIV Kit, 100 Tests","HIV 1/2, Determine Complete HIV Kit",Determine,N/A,Test kit,"Alere Medical Co., Ltd.",34267,100,5486,438880,80,0.8,451.17,2224,21346.47,TRUE,4/22/14,4/22/14,,3/19/14
108-VN-T30,FPQ-5317,SCMS-69520,ASN-7485,Vietnam,PMO - US,Direct Drop,EXW,Air,ARV,Adult,STRIDES ARCOLAB LIMITED,"Lamivudine 150mg, tablets, 60 Tabs",Lamivudine,Generic,150mg,Tablet,"Strides, Bangalore, India.",34280,60,5600,13160,2.35,0.04,28.37,,,FALSE,8/3/10,8/3/10,,3/29/10
133-NG-T30,FPQ-14995,SCMS-260700,ASN-29932,Nigeria,PMO - US,Direct Drop,EXW,Air,HRDT,HIV test,"Orgenics, Ltd","HIV 1/2, Determine Complete HIV Kit, 100 Tests","HIV 1/2, Determine Complete HIV Kit",Determine,N/A,Test kit,"Alere Medical Co., Ltd.",34319,100,3176,282664,89,0.89,290.58,1288,16002.97,TRUE,1/19/15,1/19/15,,10/29/14
116-ZA-T30,FPQ-13973,SCMS-238550,ASN-30792,South Africa,PMO - US,Direct Drop,DDP,Truck,ARV,Adult,PHARMACY DIRECT,"Tenofovir Disoproxil Fumarate 300mg, tablets, 30 Tabs",Tenofovir Disoproxil Fumarate,Generic,300mg,Tablet,Mylan (formerly Matrix) Nashik,34336,30,3,57.36,19.12,0.64,0.06,,,FALSE,2/19/15,2/19/15,,5/8/14
113-ZW-T30,FPQ-4476,SCMS-56180,ASN-5618,Zimbabwe,PMO - US,Direct Drop,EXW,Air,HRDT,HIV test,"Orgenics, Ltd","HIV 1/2, Determine Complete HIV Kit, 100 Tests","HIV 1/2, Determine Complete HIV Kit",Determine,N/A,Test kit,Inverness Japan,34351,100,1270,91440,72,0.72,197.14,635,11835.69,TRUE,1/8/10,1/8/10,,10/29/09
104-CI-T30,FPQ-6897,SCMS-101010,ASN-10906,Côte d'Ivoire,PMO - US,Direct Drop,EXW,Air,ARV,Adult,MYLAN LABORATORIES LTD (FORMERLY MATRIX LABORATORIES),"Abacavir/Lamivudine/Zidovudine 300/150/300mg, tablets, 60 Tabs",Abacavir/Lamivudine/Zidovudine,Generic,300/150/300mg,Tablet - FDC,Mylan (formerly Matrix) Nashik,34360,60,2432,72960,30,0.5,120.38,403,5714.74,TRUE,6/15/11,6/15/11,,3/11/11
116-ZA-T30,FPQ-12523,SCMS-199315,ASN-27209,South Africa,PMO - US,Direct Drop,DDP,Truck,ARV,Pediatric,S. BUYS WHOLESALER,"Atazanavir 150mg [Reyataz], capsules, 60 Caps",Atazanavir,Reyataz,150mg,Capsule,"BMS Evansville, US",34380,60,2,51.37,25.68,0.43,0.06,,,TRUE,7/11/14,7/11/14,,7/11/14
105-GH-T30,FPQ-13809,SCMS-234070,ASN-26109,Ghana,PMO - US,Direct Drop,EXW,Air,ARV,Adult,STRIDES ARCOLAB LIMITED,"Efavirenz 600mg, tablets, 30 Tabs",Efavirenz,Generic,600mg,Tablet,"Strides, Bangalore, India.",34456,30,33144,105729.36,3.19,0.11,108.69,1874,9507.26,TRUE,6/12/14,6/12/14,,4/14/14
108-VN-T30,FPQ-9576,SCMS-149030,ASN-16137,Vietnam,PMO - US,Direct Drop,EXW,Air,ARV,Adult,HETERO LABS LIMITED,"Lamivudine/Zidovudine 150/300mg, tablets, 60 Tabs",Lamivudine/Zidovudine,Generic,150/300mg,Tablet - FDC,Hetero Unit III Hyderabad IN,34459,60,7760,59364,7.65,0.13,83.23,675,1587.92,TRUE,9/28/12,9/28/12,,6/8/12
101-CD-T30,FPQ-14100,SCMS-239410,ASN-26738,"Congo, DRC",PMO - US,Direct Drop,EXW,Air,HRDT,HIV test,"Trinity Biotech, Plc","HIV 1/2, Uni-Gold HIV Kit, 20 Tests","HIV 1/2, Uni-Gold HIV Kit",Uni-Gold,N/A,Test kit,"Trinity Biotech, Plc",34505,20,5,160,32,1.6,0.16,,,FALSE,9/5/14,9/5/14,,5/20/14
108-VN-T30,FPQ-16123,SCMS-283040,ASN-33511,Vietnam,PMO - US,Direct Drop,FCA,Air,ARV,Adult,ABBVIE LOGISTICS (FORMERLY ABBOTT LOGISTICS BV),"Ritonavir 100mg [Norvir], film coated tablets, 30 Tabs",Ritonavir,Norvir,100mg,Tablet,ABBVIE Ludwigshafen Germany,34526,30,450,10467,23.26,0.78,12.32,,,TRUE,9/8/15,9/8/15,,4/2/15
133-NG-T30,FPQ-12812,SCMS-210350,ASN-22877,Nigeria,PMO - US,Direct Drop,EXW,Air,HRDT,HIV test,"Orgenics, Ltd","HIV 1/2, Determine Complete HIV Kit, 100 Tests","HIV 1/2, Determine Complete HIV Kit",Determine,N/A,Test kit,"Alere Medical Co., Ltd.",34551,100,9335,830815,89,0.89,1027.72,3788,61035.9,TRUE,12/23/13,12/23/13,,11/1/13
109-TZ-T30,FPQ-4157,SCMS-52776,ASN-5592,Tanzania,PMO - US,Direct Drop,EXW,Air,HRDT,HIV test,"Standard Diagnostics, Inc.","HIV 1/2, Bioline 3.0 Kit, (no accessories), 30 Tests","HIV 1/2, Bioline 3.0 Kit (no accessories)",Bioline,N/A,Test kit,"Standard Diagnostics, Korea",34563,30,4913,117912,24,0.8,231.11,1639,2277,TRUE,12/24/09,12/24/09,,9/11/09
102-BI-T30,FPQ-15186,SCMS-260830,ASN-30623,Burundi,PMO - US,Direct Drop,EXW,Air,HRDT,HIV test,"Orgenics, Ltd","HIV 1/2, Determine Complete HIV Kit, 100 Tests","HIV 1/2, Determine Complete HIV Kit",Determine,N/A,Test kit,"Alere Medical Co., Ltd.",34564,100,1586,126880,80,0.8,149.34,972,14419.91,TRUE,4/21/15,4/21/15,,11/12/14
102-KE-T30,FPQ-3984,SCMS-50890,ASN-4752,Kenya,PMO - US,Direct Drop,EXW,Air,HRDT,HIV test,"Orgenics, Ltd","HIV 1/2, Determine Complete HIV Kit, 100 Tests","HIV 1/2, Determine Complete HIV Kit",Determine,N/A,Test kit,Inverness Japan,34566,100,100,8000,80,0.8,15.68,32,1555.21,TRUE,10/13/09,10/13/09,,8/3/09
108-VN-T30,FPQ-13524,SCMS-226211,ASN-27939,Vietnam,PMO - US,Direct Drop,EXW,Air,ARV,Adult,MYLAN LABORATORIES LTD (FORMERLY MATRIX LABORATORIES),"Lamivudine/Zidovudine 150/300mg, tablets, 60 Tabs",Lamivudine/Zidovudine,Generic,150/300mg,Tablet - FDC,Mylan (formerly Matrix) Nashik,34582,60,8000,51920,6.49,0.11,53.37,696,1599.67,TRUE,10/27/14,10/27/14,,6/27/14
110-ZM-T30,FPQ-8315,SCMS-120570,ASN-13035,Zambia,PMO - US,Direct Drop,EXW,Air,HRDT,HIV test,"Orgenics, Ltd","HIV 1/2, Determine Complete HIV Kit, 100 Tests","HIV 1/2, Determine Complete HIV Kit",Determine,N/A,Test kit,"Alere Medical Co., Ltd.",34593,100,1224,97920,80,0.8,161.57,588,11491.6,TRUE,12/20/11,12/16/11,,9/22/11
111-MZ-T30,FPQ-5613,SCMS-81040,ASN-8356,Mozambique,PMO - US,Direct Drop,EXW,Air,HRDT,HIV test,"Orgenics, Ltd","HIV 1/2, Determine Complete HIV Kit, 100 Tests","HIV 1/2, Determine Complete HIV Kit",Determine,N/A,Test kit,Inverness Japan,34614,100,212,16960,80,0.8,36.57,97,1910.93,TRUE,11/4/10,11/4/10,,8/10/10
104-CI-T30,FPQ-6183,SCMS-83660,ASN-8992,Côte d'Ivoire,PMO - US,Direct Drop,CIP,Air,ARV,Pediatric,MERCK SHARP & DOHME IDEA GMBH (FORMALLY MERCK SHARP & DOHME B.V.),"Efavirenz 30mg/ml [Stocrin/Sustiva], oral solution, Bottle, 180 ml",Efavirenz,Stocrin/Sustiva,30mg/ml,Oral solution,"MSD, Haarlem, NL",34619,180,4200,71232,16.96,0.09,153.58,1234,2786.22,TRUE,12/6/10,12/6/10,,9/10/10
101-CD-T30,FPQ-12093,SCMS-189060,ASN-20770,"Congo, DRC",PMO - US,Direct Drop,FCA,Air,ARV,Pediatric,ABBVIE LOGISTICS (FORMERLY ABBOTT LOGISTICS BV),"Lopinavir/Ritonavir 80/20mg/ml [Kaletra], oral solution, cool, Bottle 5 x 60 ml",Lopinavir/Ritonavir,Kaletra,80/20mg/ml,Oral solution,ABBVIE (Abbott) Logis. UK,34646,300,30,924.6,30.82,0.1,1.14,56,1573.41,TRUE,11/20/13,11/20/13,,5/23/13
153-NA-T30,FPQ-8795,SCMS-131120,ASN-14198,Namibia,PMO - US,Direct Drop,EXW,Air,HRDT,HIV test,"Orgenics, Ltd","HIV 1/2, Clearview Complete Kit, 25 Tests","HIV 1/2, Clearview Complete Kit",Clearview,N/A,Test kit,Chembio Diagnostics Sys. Inc.,34698,25,50,4750,95,3.8,6.66,36,481.63,TRUE,4/13/12,4/13/12,,1/12/12
133-NG-T30,FPQ-14305,SCMS-240830,ASN-27475,Nigeria,PMO - US,Direct Drop,EXW,Air,HRDT,HIV test,"Orgenics, Ltd","HIV 1/2, Determine Complete HIV Kit, 100 Tests","HIV 1/2, Determine Complete HIV Kit",Determine,N/A,Test kit,"Alere Medical Co., Ltd.",34700,100,6375,567375,89,0.89,583.26,3764,38029.42,TRUE,8/19/14,8/26/14,,6/2/14
104-CI-T30,FPQ-13198,SCMS-215300,ASN-25800,Côte d'Ivoire,PMO - US,Direct Drop,FCA,Air,ARV,Pediatric,LAWRENCE LABORATORIES (SUBSIDIARY OF BRISTOL MYERS SQUIBB),"Didanosine 25mg [Videx], chewable tablets, 60 Tabs",Didanosine,Videx,25mg,Chewable/dispersible tablet,Bristol-Myers Squibb Anagni IT,34718,60,1515,10605,7,0.12,10.9,338,2864.63,TRUE,5/13/14,5/13/14,,11/22/13
133-NG-T30,FPQ-12456,SCMS-196561,ASN-22351,Nigeria,PMO - US,Direct Drop,EXW,Air,HRDT,HIV test,"Orgenics, Ltd","HIV 1/2, Determine Complete HIV Kit, 100 Tests","HIV 1/2, Determine Complete HIV Kit",Determine,N/A,Test kit,"Alere Medical Co., Ltd.",34727,100,3038,270382,89,0.89,334.46,1234,21084.84,TRUE,11/7/13,11/11/13,,7/10/13
101-CD-T30,FPQ-12093,SCMS-189060,ASN-20773,"Congo, DRC",PMO - US,Direct Drop,FCA,Air,ARV,Pediatric,ABBVIE LOGISTICS (FORMERLY ABBOTT LOGISTICS BV),"Lopinavir/Ritonavir 80/20mg/ml [Kaletra], oral solution, cool, Bottle 5 x 60 ml",Lopinavir/Ritonavir,Kaletra,80/20mg/ml,Oral solution,ABBVIE (Abbott) Logis. UK,34760,300,184,5670.88,30.82,0.1,7.01,288,460.91,TRUE,11/20/13,11/20/13,,5/23/13
114-UG-T30,FPQ-15314,SCMS-264730,ASN-31704,Uganda,PMO - US,Direct Drop,EXW,Air,HRDT,HIV test,"CHEMBIO DIAGNOSTIC SYSTEMS, INC.","HIV 1/2, Stat-Pak HIV, Kit, 20 Tests","HIV 1/2, Stat-Pak HIV, Kit",Stat-Pak,N/A,Test kit,Chembio Diagnostics Sys. Inc.,34769,20,6200,192200,31,1.55,226.22,2328,13456.05,TRUE,4/28/15,4/28/15,,12/4/14
161-ZA-T30,FPQ-7175,SCMS-103890,ASN-11307,South Africa,PMO - US,Direct Drop,DDP,Ocean,ARV,Adult,STRIDES ARCOLAB LIMITED,"Lamivudine 150mg, tablets, 60 Tabs",Lamivudine,Generic,150mg,Tablet,"Strides, Bangalore, India.",34772,60,515000,1251450,2.43,0.04,2064.89,23273,31656.61,TRUE,9/2/11,9/2/11,,3/28/11
161-ZA-T30,FPQ-6708,SCMS-93560,ASN-11436,South Africa,PMO - US,Direct Drop,DDP,Ocean,ARV,Adult,Aurobindo Pharma Limited,"Tenofovir Disoproxil Fumarate 300mg, tablets, 30 Tabs",Tenofovir Disoproxil Fumarate,Generic,300mg,Tablet,"Aurobindo Unit III, India",34781,30,54245,360729.25,6.65,0.22,595.2,5063,10748.74,TRUE,9/15/11,9/15/11,,12/14/10
117-ET-T30,FPQ-9098,SCMS-133580,ASN-13876,Ethiopia,PMO - US,Direct Drop,EXW,Air,HRDT,HIV test,"SHANGHAI KEHUA BIOENGINEERING CO.,LTD.  (KHB)","HIV 1/2, SKB Colloidal Gold, Diagnostic Kit, Antibody, 50 Tests","HIV 1/2, Colloidal Gold, Diagnostic Kit, Antibody",Colloidal Gold,N/A,Test kit,"KHB Test Kit Facility, Shanghai China",34837,1,1362,33369,24.5,24.5,46.78,970,8851.4,TRUE,3/12/12,3/12/12,,1/23/12
116-ZA-T30,FPQ-14942,SCMS-259073,ASN-30671,South Africa,PMO - US,Direct Drop,DDP,Truck,ARV,Adult,PHARMACY DIRECT,"Nevirapine 200mg, tablets, 60 Tabs",Nevirapine,Generic,200mg,Tablet,"Aurobindo Unit III, India",34885,60,20,256.48,12.82,0.21,0.26,,,FALSE,2/12/15,2/12/15,,2/12/15
116-ZA-T30,FPQ-12522,SCMS-199289,ASN-28037,South Africa,PMO - US,Direct Drop,DDP,Truck,ARV,Adult,S. BUYS WHOLESALER,"Lamivudine/Zidovudine 150/300mg, tablets, 60 Tabs",Lamivudine/Zidovudine,Generic,150/300mg,Tablet - FDC,Hetero Unit III Hyderabad IN,34890,60,215,7040.78,32.75,0.55,8.71,,,FALSE,8/29/14,8/29/14,,8/29/14
116-ZA-T30,FPQ-3560,SCMS-49641,ASN-5136,South Africa,PMO - US,Direct Drop,DDP,Truck,ARV,Pediatric,S. BUYS WHOLESALER,"Zidovudine 100mg, capsules, 100 Caps",Zidovudine,Generic,100mg,Capsule,"Cipla, Goa, India",34942,100,944,22658.01,24,0.24,44.41,,,FALSE,8/5/09,8/5/09,,7/21/09
109-TZ-T30,FPQ-7909,SCMS-114980,ASN-12870,Tanzania,PMO - US,Direct Drop,EXW,Air,HRDT,HIV test,"Standard Diagnostics, Inc.","HIV 1/2, Bioline 3.0 Kit, Lancets, Capillary pipets, Alcohol swabs included, 25 Tests","HIV 1/2, Bioline 3.0 Kit, Lancets, Capillary pipets, Alcohol swabs included",Bioline,N/A,Test kit,"Standard Diagnostics, Korea",34960,25,10000,200000,20,0.8,330,,,TRUE,9/29/11,9/20/11,,7/18/11
116-ZA-T30,FPQ-3560,SCMS-49641,ASN-5159,South Africa,PMO - US,Direct Drop,DDP,Truck,ARV,Pediatric,S. BUYS WHOLESALER,"Zidovudine 100mg [Retrovir], capsules, 100 Caps",Zidovudine,Retrovir,100mg,Capsule,GSK Crawley,34961,100,1056,17046.74,16.14,0.16,33.41,,,TRUE,8/7/09,8/7/09,,7/21/09
116-ZA-T30,FPQ-11828,SCMS-183950,ASN-19165,South Africa,South Africa Field Office,Direct Drop,DDP,Truck,ARV,Pediatric,S. BUYS WHOLESALER,"Lamivudine 10mg/ml, oral solution, Bottle, 240 ml",Lamivudine,Generic,10mg/ml,Oral solution,"Cipla, Goa, India",34965,240,25,184.76,7.39,0.03,0.23,,,TRUE,4/15/13,4/15/13,,
108-VN-T30,FPQ-12539,SCMS-199820,ASN-23648,Vietnam,PMO - US,Direct Drop,EXW,Air,ARV,Adult,MYLAN LABORATORIES LTD (FORMERLY MATRIX LABORATORIES),"Efavirenz/Lamivudine/Tenofovir Disoproxil Fumarate 600/300/300mg, tablets, 30 Tabs",Efavirenz/Lamivudine/Tenofovir Disoproxil Fumarate,Generic,600/300/300mg,Tablet - FDC,Mylan (formerly Matrix) Nashik,34987,30,15500,172825,11.15,0.37,213.78,1745,3977.24,TRUE,6/13/14,1/22/14,,8/2/13
116-ZA-T30,FPQ-4359,SCMS-54980,ASN-5373,South Africa,PMO - US,Direct Drop,DDP,Truck,ARV,Adult,S. BUYS WHOLESALER,"Tenofovir Disoproxil Fumarate 300mg [Viread], tablets, 30 Tabs",Tenofovir Disoproxil Fumarate,Viread,300mg,Tablet,"Aspen-OSD, Port Elizabeth, SA",34989,30,500,14278.99,28.56,0.95,27.99,,,FALSE,10/19/09,10/19/09,,10/15/09
116-ZA-T30,FPQ-14942,SCMS-259072,ASN-30377,South Africa,PMO - US,Direct Drop,DDP,Truck,ARV,Pediatric,PHARMACY DIRECT,"Abacavir 20mg/ml, oral solution, Bottle, 240 ml",Abacavir,Generic,20mg/ml,Oral solution,"Aurobindo Unit III, India",35031,240,27,478.2,17.71,0.07,0.49,,,FALSE,1/26/15,1/26/15,,1/26/15
108-VN-T30,FPQ-14516,SCMS-251680,ASN-29385,Vietnam,PMO - US,Direct Drop,EXW,Air,ARV,Adult,HETERO LABS LIMITED,"Efavirenz/Lamivudine/Tenofovir Disoproxil Fumarate 600/300/300mg, tablets, 30 Tabs",Efavirenz/Lamivudine/Tenofovir Disoproxil Fumarate,Generic,600/300/300mg,Tablet - FDC,Hetero Unit III Hyderabad IN,35043,30,18880,198240,10.5,0.35,203.79,2452,3691.22,TRUE,12/24/14,12/13/14,,8/11/14
108-VN-T30,FPQ-9001,SCMS-131650,ASN-14875,Vietnam,PMO - US,Direct Drop,EXW,Air,ARV,Pediatric,Aurobindo Pharma Limited,"Abacavir 20mg/ml, oral solution w/syringe, Bottle, 240 ml",Abacavir,Generic,20mg/ml,Oral solution,"Aurobindo Unit III, India",35053,240,200,2500,12.5,0.05,3.5,546,1340.23,TRUE,6/5/12,6/5/12,,1/18/12
108-VN-T30,FPQ-15692,SCMS-274370,ASN-32261,Vietnam,PMO - US,Direct Drop,EXW,Air,ARV,Adult,HETERO LABS LIMITED,"Efavirenz/Lamivudine/Tenofovir Disoproxil Fumarate 600/300/300mg, tablets, 30 Tabs",Efavirenz/Lamivudine/Tenofovir Disoproxil Fumarate,Generic,600/300/300mg,Tablet - FDC,Hetero Unit III Hyderabad IN,35054,30,17760,177600,10,0.33,209.04,2516,3809.94,TRUE,7/13/15,7/13/15,,2/17/15
114-UG-T30,FPQ-8498,SCMS-126390,ASN-13437,Uganda,PMO - US,Direct Drop,DDP,Air,ARV,Adult,ASPEN PHARMACARE,"Darunavir 300mg [Prezista], tablets, 120 Tabs",Darunavir,Prezista,300mg,Tablet,"Aspen-OSD, Port Elizabeth, SA",35065,120,165,15140.4,91.76,0.76,24.98,24,297,TRUE,1/4/12,1/4/12,,10/31/11
133-NG-T30,FPQ-10765,SCMS-162440,ASN-17527,Nigeria,PMO - US,Direct Drop,EXW,Air,HRDT,HIV test,"Orgenics, Ltd","HIV 1/2, Determine Complete HIV Kit, 100 Tests","HIV 1/2, Determine Complete HIV Kit",Determine,N/A,Test kit,"Alere Medical Co., Ltd.",35067,100,2744,244216,89,0.89,342.39,1186,24927.19,TRUE,1/9/13,1/9/13,,10/16/12
108-VN-T30,FPQ-3896,SCMS-48280,ASN-4871,Vietnam,PMO - US,Direct Drop,EXW,Air,ARV,Adult,MYLAN LABORATORIES LTD (FORMERLY MATRIX LABORATORIES),"Tenofovir Disoproxil Fumarate 300mg, tablets, 30 Tabs",Tenofovir Disoproxil Fumarate,Generic,300mg,Tablet,Mylan (formerly Matrix) Nashik,35082,30,504,4158,8.25,0.28,8.15,,,FALSE,9/28/09,9/28/09,,6/29/09
133-NG-T30,FPQ-14995,SCMS-260700,ASN-29937,Nigeria,PMO - US,Direct Drop,EXW,Air,HRDT,HIV test,"Orgenics, Ltd","HIV 1/2, Determine Complete HIV Kit, 100 Tests","HIV 1/2, Determine Complete HIV Kit",Determine,N/A,Test kit,"Alere Medical Co., Ltd.",35120,100,6010,534890,89,0.89,549.87,6010,30132.32,TRUE,1/19/15,1/20/15,,10/29/14
133-NG-T30,FPQ-12456,SCMS-196561,ASN-22173,Nigeria,PMO - US,Direct Drop,EXW,Air,HRDT,HIV test,"Orgenics, Ltd","HIV 1/2, Determine Complete HIV Kit, 100 Tests","HIV 1/2, Determine Complete HIV Kit",Determine,N/A,Test kit,"Alere Medical Co., Ltd.",35123,100,3064,272696,89,0.89,337.32,1244,20602.3,TRUE,11/7/13,11/8/13,,7/10/13
114-UG-T30,FPQ-12290,SCMS-192190,ASN-22601,Uganda,PMO - US,Direct Drop,CIP,Air,ARV,Adult,ASPEN PHARMACARE,"Etravirine 100mg [Intelence], tablets, 120 Tabs",Etravirine,Intelence,100mg,Tablet,"Janssen-Cilag, Latina, IT",35146,120,217,7812,36,0.3,9.66,74,294.86,TRUE,11/20/13,11/20/13,,7/3/13
116-ZA-T30,FPQ-14942,SCMS-259075,ASN-32122,South Africa,PMO - US,Direct Drop,DDP,Truck,ARV,Adult,PHARMACY DIRECT,"Tenofovir Disoproxil Fumarate 300mg, tablets, 30 Tabs",Tenofovir Disoproxil Fumarate,Generic,300mg,Tablet,Mylan (formerly Matrix) Nashik,35231,30,30,414.5,13.82,0.46,0.43,,,FALSE,5/12/15,5/12/15,,5/11/15
104-CI-T30,FPQ-3882,SCMS-51830,ASN-5184,Côte d'Ivoire,PMO - US,Direct Drop,EXW,Air,ARV,Adult,Aurobindo Pharma Limited,"Abacavir/Lamivudine 600/300mg, scored tablets, 30 Tabs",Abacavir/Lamivudine,Generic,600/300mg,Tablet - FDC,"Aurobindo Unit III, India",35232,30,2245,51635,23,0.77,101.2,226,2911.16,TRUE,10/30/09,10/30/09,,8/19/09
108-VN-T30,FPQ-13524,SCMS-226190,ASN-27099,Vietnam,PMO - US,Direct Drop,FCA,Air,ARV,Adult,ABBVIE LOGISTICS (FORMERLY ABBOTT LOGISTICS BV),"Ritonavir 100mg [Norvir], film coated tablets, 30 Tabs",Ritonavir,Norvir,100mg,Tablet,ABBVIE Ludwigshafen Germany,35250,30,300,6978,23.26,0.78,7.17,38,1779.09,TRUE,8/18/14,8/18/14,,3/10/14
108-VN-T30,FPQ-4720,SCMS-62460,ASN-6355,Vietnam,PMO - US,Direct Drop,EXW,Air,ARV,Adult,MYLAN LABORATORIES LTD (FORMERLY MATRIX LABORATORIES),"Lamivudine 150mg, tablets, 60 Tabs",Lamivudine,Generic,150mg,Tablet,Mylan (formerly Matrix) Nashik,35252,60,19152,49795.2,2.6,0.04,107.36,,,FALSE,3/29/10,3/29/10,,1/12/10
111-MZ-T30,FPQ-15323,SCMS-264760,ASN-29854,Mozambique,PMO - US,Direct Drop,EXW,Air,HRDT,HIV test,"Trinity Biotech, Plc","HIV 1/2, Uni-Gold HIV Kit, 20 Tests","HIV 1/2, Uni-Gold HIV Kit",Uni-Gold,N/A,Test kit,"Trinity Biotech, Plc",35258,20,27,864,32,1.6,1.02,,,TRUE,1/13/15,1/13/15,,11/19/14
116-ZA-T30,FPQ-3560,SCMS-50960,ASN-5007,South Africa,PMO - US,Direct Drop,DDP,Truck,ARV,Adult,S. BUYS WHOLESALER,"Didanosine EC 400mg [Videx EC], delayed-release capsules, Blister 3 x 10 Caps",Didanosine EC,Videx EC,400mg,Delayed-release capsules - blister,"BMS Meymac, France",35267,30,600,16040.17,26.73,0.89,31.44,,,TRUE,9/15/09,9/15/09,,8/3/09
116-ZA-T30,FPQ-12522,SCMS-199289,ASN-28037,South Africa,PMO - US,Direct Drop,DDP,Truck,ARV,Adult,S. BUYS WHOLESALER,"Efavirenz 600mg, tablets, 30 Tabs",Efavirenz,Generic,600mg,Tablet,Hetero Unit III Hyderabad IN,35279,30,768,12726.75,16.57,0.55,15.74,,,FALSE,8/29/14,8/29/14,,8/29/14
116-ZA-T30,FPQ-14942,SCMS-259078,ASN-33470,South Africa,PMO - US,Direct Drop,DDP,Truck,ARV,Pediatric,PHARMACY DIRECT,"Lamivudine 10mg/ml, oral solution, Bottle, 240 ml",Lamivudine,Generic,10mg/ml,Oral solution,"Aurobindo Unit III, India",35298,240,17,91.92,5.41,0.02,0.09,,,FALSE,7/24/15,7/24/15,,10/9/14
116-ZA-T30,FPQ-13214,SCMS-215410,ASN-23875,South Africa,PMO - US,Direct Drop,DDP,Truck,ARV,Adult,S. BUYS WHOLESALER,"Stavudine 30mg, capsules, 60 Caps",Stavudine,Generic,30mg,Capsule,"Aurobindo Unit III, India",35299,60,440,1734.76,3.94,0.07,1.78,,,FALSE,1/13/14,1/13/14,,12/2/13
108-VN-T30,FPQ-6818,SCMS-97840,ASN-10792,Vietnam,PMO - US,Direct Drop,EXW,Air,ARV,Adult,HETERO LABS LIMITED,"Stavudine 30mg, capsules, 60 Caps",Stavudine,Generic,30mg,Capsule,Hetero Unit III Hyderabad IN,35300,60,21000,30450,1.45,0.02,50.24,1516,11915.51,TRUE,6/6/11,6/6/11,,2/9/11
161-ZA-T30,FPQ-5648,SCMS-75910,ASN-8444,South Africa,PMO - US,Direct Drop,DDP,Ocean,ARV,Adult,STRIDES ARCOLAB LIMITED,"Lamivudine 150mg, tablets, 60 Tabs",Lamivudine,Generic,150mg,Tablet,"Strides, Bangalore, India.",35310,60,75000,186750,2.49,0.04,402.63,3755,4514.06,TRUE,11/4/10,11/4/10,,6/17/10
104-CI-T30,FPQ-12150,SCMS-191960,ASN-22107,Côte d'Ivoire,PMO - US,Direct Drop,FCA,Air,ARV,Adult,ABBVIE LOGISTICS (FORMERLY ABBOTT LOGISTICS BV),"Ritonavir 100mg [Norvir], film coated tablets, 60 Tabs",Ritonavir,Norvir,100mg,Tablet,ABBVIE Ludwigshafen Germany,35323,60,780,5343,6.85,0.11,6.61,102,1743.84,TRUE,10/17/13,10/17/13,,6/12/13
107-RW-T30,FPQ-8365,SCMS-126490,ASN-14125,Rwanda,PMO - US,Direct Drop,EXW,Air,ARV,Adult,Aurobindo Pharma Limited,"Didanosine 250mg, delayed-release capsules, 30 Caps",Didanosine,Generic,250mg,Delayed-release capsules,"Aurobindo Unit III, India",35352,30,1185,15405,13,0.43,25.42,,,FALSE,3/30/12,3/30/12,,11/9/11
108-VN-T30,FPQ-13976,SCMS-236100,ASN-28777,Vietnam,PMO - US,Direct Drop,EXW,Air,ARV,Adult,MICRO LABS LIMITED,"Nevirapine 200mg, tablets, 60 Tabs",Nevirapine,Generic,200mg,Tablet,"Micro labs, Verna, Goa, India",35372,60,8400,17472,2.08,0.03,17.96,,,FALSE,11/26/14,11/26/14,,4/30/14
116-ZA-T30,FPQ-7176,SCMS-104380,ASN-11720,South Africa,PMO - US,Direct Drop,DDP,Ocean,ARV,Adult,Aurobindo Pharma Limited,"Efavirenz 600mg, tablets, 30 Tabs",Efavirenz,Generic,600mg,Tablet,"Aurobindo Unit III, India",35375,30,69255,312340.06,4.51,0.15,515.36,5887,4232.71,TRUE,11/3/11,11/3/11,,4/1/11
109-TZ-T30,FPQ-12588,SCMS-200840,ASN-22941,Tanzania,PMO - US,Direct Drop,FCA,Air,ARV,Pediatric,ABBVIE LOGISTICS (FORMERLY ABBOTT LOGISTICS BV),"Lopinavir/Ritonavir 100/25mg [Aluvia], tablets, 60 Tabs",Lopinavir/Ritonavir,Generic,100/25mg,Tablet,ABBVIE Ludwigshafen Germany,35444,60,1764,10478.16,5.94,0.1,12.96,209,2177.56,TRUE,12/31/13,12/31/13,,8/9/13
103-KE-T30,FPQ-10018,SCMS-149610,ASN-15667,Kenya,PMO - US,Direct Drop,EXW,Air,HRDT,HIV test,"Orgenics, Ltd","HIV 1/2, Determine Complete HIV Kit, 100 Tests","HIV 1/2, Determine Complete HIV Kit",Determine,N/A,Test kit,"Alere Medical Co., Ltd.",35487,100,5938,528482,89,0.89,740.93,1022,15120.61,TRUE,7/9/12,7/28/12,,6/14/12
133-NG-T30,FPQ-14995,SCMS-260700,ASN-29930,Nigeria,PMO - US,Direct Drop,EXW,Air,HRDT,HIV test,"Orgenics, Ltd","HIV 1/2, Determine Complete HIV Kit, 100 Tests","HIV 1/2, Determine Complete HIV Kit",Determine,N/A,Test kit,"Alere Medical Co., Ltd.",35488,100,3054,271806,89,0.89,279.42,1241,15994.73,TRUE,1/19/15,1/16/15,,10/29/14
110-ZM-T30,FPQ-11979,SCMS-188800,ASN-21073,Zambia,PMO - US,Direct Drop,EXW,Air,ARV,Adult,Aurobindo Pharma Limited,"Emtricitabine/Tenofovir Disoproxil Fumarate 200/300mg, tablets, 30 Tabs",Emtricitabine/Tenofovir Disoproxil Fumarate,Generic,200/300mg,Tablet - FDC,"Aurobindo Unit III, India",35493,30,79620,469758,5.9,0.2,581.09,7133,40583.63,TRUE,8/27/13,8/27/13,,5/13/13
161-ZA-T30,FPQ-5303,SCMS-68860,ASN-6937,South Africa,PMO - US,Direct Drop,DDP,Air,ARV,Adult,Aurobindo Pharma Limited,"Efavirenz 600mg, tablets, 30 Tabs",Efavirenz,Generic,600mg,Tablet,"Aurobindo Unit III, India",35519,30,53957,251979.19,4.67,0.16,543.27,4565,6105.83,TRUE,6/1/10,6/1/10,,3/19/10
102-SD-T30,FPQ-8261,SCMS-120453,ASN-13275,Sudan,PMO - US,Direct Drop,EXW,Air,HRDT,HIV test,"Orgenics, Ltd","HIV 1/2, Determine Complete HIV Kit, 100 Tests","HIV 1/2, Determine Complete HIV Kit",Determine,N/A,Test kit,"Alere Medical Co., Ltd.",35539,100,20,1780,89,0.89,2.94,10,900.53,TRUE,2/3/12,2/3/12,,9/14/11
116-ZA-T30,FPQ-12522,SCMS-199283,ASN-27976,South Africa,PMO - US,Direct Drop,DDP,Truck,ARV,Pediatric,S. BUYS WHOLESALER,"Efavirenz 50mg, capsule, 30 Caps",Efavirenz,Generic,50mg,Capsule,"Aurobindo Unit III, India",35559,30,18,59.69,3.32,0.11,0.07,,,FALSE,8/27/14,8/27/14,,8/27/14
116-ZA-T30,FPQ-14942,SCMS-259075,ASN-32122,South Africa,PMO - US,Direct Drop,DDP,Truck,ARV,Adult,PHARMACY DIRECT,"Lamivudine/Zidovudine 150/300mg, tablets, 60 Tabs",Lamivudine/Zidovudine,Generic,150/300mg,Tablet - FDC,"Aurobindo Unit III, India",35566,60,19,406.76,21.41,0.36,0.42,,,FALSE,5/12/15,5/12/15,,5/11/15
105-GH-T30,FPQ-13872,SCMS-235800,ASN-26462,Ghana,PMO - US,Direct Drop,EXW,Air,ARV,Adult,STRIDES ARCOLAB LIMITED,"Efavirenz 600mg, tablets, 30 Tabs",Efavirenz,Generic,600mg,Tablet,"Strides, Bangalore, India.",35609,30,60000,191400,3.19,0.11,196.76,3862,25512.84,TRUE,7/17/14,7/23/14,,4/23/14
116-ZA-T30,FPQ-13973,SCMS-238552,ASN-27606,South Africa,PMO - US,Direct Drop,DDP,Truck,ARV,Adult,PHARMACY DIRECT,"Didanosine 400mg, delayed-release capsules, 30 Caps",Didanosine,Generic,400mg,Delayed-release capsules,"Aurobindo Unit III, India",35637,30,1,19.68,19.68,0.66,0.02,,,FALSE,8/5/14,8/5/14,,8/5/14
900-LR-T30,FPQ-7996,SCMS-115350,ASN-11895,Liberia,PMO - US,Direct Drop,EXW,Air,HRDT,HIV test,"Orgenics, Ltd","HIV 1/2, Determine Complete HIV Kit, 100 Tests","HIV 1/2, Determine Complete HIV Kit",Determine,N/A,Test kit,Inverness Japan,35640,100,520,41600,80,0.8,68.64,252,8678.71,TRUE,9/13/11,9/13/11,,7/20/11
107-RW-T30,FPQ-14813,SCMS-261781,ASN-31603,Rwanda,PMO - US,Direct Drop,EXW,Air,ARV,Adult,EMCURE PHARMACEUTICALS LTD,"Atazanavir/Ritonavir 300/100mg, tablets, 30 Tabs",Atazanavir/Ritonavir,Generic,300/100mg,Tablet,"Emcure Plot No.P-2, I.T-B.T. Park, Phase II, MIDC, Hinjwadi, Pune, India",35643,30,13823,248814,18,0.6,255.78,1805,10743.33,TRUE,5/4/15,5/4/15,,12/15/14
116-ZA-T30,FPQ-12522,SCMS-199289,ASN-28037,South Africa,PMO - US,Direct Drop,DDP,Truck,ARV,Pediatric,S. BUYS WHOLESALER,"Efavirenz 200mg, capsule, 90 Caps",Efavirenz,Generic,200mg,Capsule,"Aurobindo Unit III, India",35652,90,59,1535.78,26.03,0.29,1.9,,,FALSE,8/29/14,8/29/14,,8/29/14
110-ZM-T30,FPQ-11390,SCMS-173920,ASN-19075,Zambia,PMO - US,Direct Drop,EXW,Air,HRDT,HIV test,"Orgenics, Ltd","HIV 1/2, Determine Complete HIV Kit, 100 Tests","HIV 1/2, Determine Complete HIV Kit",Determine,N/A,Test kit,"Alere Medical Co., Ltd.",35660,100,2233,178640,80,0.8,220.98,925,16740.97,TRUE,6/5/13,6/5/13,,1/23/13
101-CD-T30,FPQ-8792,SCMS-131080,ASN-15396,"Congo, DRC",PMO - US,Direct Drop,EXW,Air,HRDT,HIV test,"Orgenics, Ltd","HIV 1/2, DoubleCheck Gold Kit, 20 Tests","HIV 1/2, DoubleCheck Gold Kit",DoubleCheck,N/A,Test kit,"Alere Medical Co., Ltd.",35678,20,196,7157.92,36.52,1.83,10.04,47,4449.1,TRUE,11/20/12,11/20/12,,1/9/12
901-CM-T30,FPQ-12837,SCMS-204320,ASN-22654,Cameroon,PMO - US,Direct Drop,EXW,Air,ARV,Adult,MYLAN LABORATORIES LTD (FORMERLY MATRIX LABORATORIES),"Efavirenz/Lamivudine/Tenofovir Disoproxil Fumarate 600/300/300mg, tablets, 30 Tabs",Efavirenz/Lamivudine/Tenofovir Disoproxil Fumarate,Generic,600/300/300mg,Tablet - FDC,Mylan (formerly Matrix) Nashik,35699,30,76733,855572.94,11.15,0.37,1058.34,9268,77756.12,TRUE,12/16/13,12/16/13,,8/23/13
161-ZA-T30,FPQ-5303,SCMS-68711,ASN-7430,South Africa,PMO - US,Direct Drop,DDP,Air,ARV,Adult,CIPLA LIMITED,"Tenofovir Disoproxil Fumarate 300mg, tablets, 30 Tabs",Tenofovir Disoproxil Fumarate,Generic,300mg,Tablet,"Cipla, Goa, India",35700,30,1110,8680.2,7.82,0.26,18.71,76,916.22,TRUE,7/19/10,7/19/10,,3/19/10
107-RW-T30,FPQ-15650,SCMS-276390,ASN-31739,Rwanda,PMO - US,Direct Drop,FCA,Air,ARV,Pediatric,SWORDS LABORATORIES,"Atazanavir 200mg [Reyataz], capsules, 60 Caps",Atazanavir,Reyataz,200mg,Capsule,Bristol-Myers Squibb Anagni IT,35717,60,466,18928.92,40.62,0.68,22.28,69,802.85,TRUE,5/8/15,5/8/15,,2/23/15
161-ZA-T30,FPQ-7175,SCMS-103450,ASN-13058,South Africa,PMO - US,Direct Drop,DDP,Ocean,ARV,Pediatric,Aurobindo Pharma Limited,"Nevirapine 10mg/ml, oral suspension w/syringe, Bottle, 240 ml",Nevirapine,Generic,10mg/ml,Oral suspension,"Aurobindo Unit III, India",35749,240,19098,43161.48,2.26,0.01,71.22,6876,461.5,TRUE,10/13/11,1/24/12,,3/24/11
101-CD-T30,FPQ-8792,SCMS-131060,ASN-13565,"Congo, DRC",PMO - US,Direct Drop,EXW,Air,HRDT,HIV test,"Trinity Biotech, Plc","HIV 1/2, Uni-Gold HIV Kit, 20 Tests","HIV 1/2, Uni-Gold HIV Kit",Uni-Gold,N/A,Test kit,"Trinity Biotech, Plc",35788,20,137,4384,32,1.6,6.15,62,1367.59,TRUE,8/3/12,8/3/12,,1/9/12
114-UG-T30,FPQ-12477,SCMS-198540,ASN-21766,Uganda,PMO - US,Direct Drop,EXW,Air,ARV,Adult,CIPLA LIMITED,"Lamivudine/Nevirapine/Zidovudine 150/200/300mg, tablets, 60 Tabs",Lamivudine/Nevirapine/Zidovudine,Generic,150/300/200mg,Tablet - FDC,"Cipla, Goa, India",35790,60,114996,931467.6,8.1,0.13,1152.23,15435,56180.34,TRUE,10/3/13,10/3/13,,7/31/13
161-ZA-T30,FPQ-5303,SCMS-68750,ASN-8348,South Africa,PMO - US,Direct Drop,DDP,Air,ARV,Adult,CIPLA LIMITED,"Tenofovir Disoproxil Fumarate 300mg, tablets, 30 Tabs",Tenofovir Disoproxil Fumarate,Generic,300mg,Tablet,"Cipla, Goa, India",35808,30,51920,406014.4,7.82,0.26,875.37,3549,3646.13,TRUE,10/13/10,10/27/10,,3/19/10
105-GY-T30,FPQ-5472,SCMS-71680,ASN-6934,Guyana,PMO - US,Direct Drop,FCA,Air,ARV,Pediatric,ABBVIE LOGISTICS (FORMERLY ABBOTT LOGISTICS BV),"Lopinavir/Ritonavir 80/20mg/ml [Kaletra], oral solution, cool, Bottle 5 x 60 ml",Lopinavir/Ritonavir,Kaletra,80/20mg/ml,Oral solution,ABBVIE (Abbott) Logis. UK,35813,300,141,11590.2,82.2,0.27,24.99,225,1831.83,TRUE,6/12/10,6/12/10,,4/23/10
114-UG-T30,FPQ-11153,SCMS-171950,ASN-18631,Uganda,PMO - US,Direct Drop,DDP,Air,ARV,Adult,ASPEN PHARMACARE,"Darunavir 300mg [Prezista], tablets, 120 Tabs",Darunavir,Prezista,300mg,Tablet,"Aspen-OSD, Port Elizabeth, SA",35870,120,388,25840.8,66.6,0.55,31.97,68,1571.76,TRUE,3/14/13,3/14/13,,1/17/13
108-VN-T30,FPQ-12051,SCMS-188670,ASN-23622,Vietnam,PMO - US,Direct Drop,EXW,Air,ARV,Adult,Aurobindo Pharma Limited,"Lamivudine/Nevirapine/Zidovudine 150/200/300mg, tablets, 60 Tabs",Lamivudine/Nevirapine/Zidovudine,Generic,150/300/200mg,Tablet - FDC,"Aurobindo Unit III, India",35896,60,26598,216773.7,8.15,0.14,268.15,3301,5764.28,TRUE,1/22/14,1/22/14,,5/17/13
102-SZ-T30,FPQ-9926,SCMS-147790,ASN-15643,Swaziland,PMO - US,Direct Drop,EXW,Air,HRDT,HIV test,"Orgenics, Ltd","HIV 1/2, Determine Complete HIV Kit, 100 Tests","HIV 1/2, Determine Complete HIV Kit",Determine,N/A,Test kit,"Alere Medical Co., Ltd.",35900,100,135,10800,80,0.8,15.14,69,1626.1,TRUE,8/9/12,8/9/12,,6/21/12
116-ZA-T30,FPQ-13973,SCMS-238555,ASN-29257,South Africa,PMO - US,Direct Drop,DDP,Truck,ARV,Pediatric,PHARMACY DIRECT,"Efavirenz 50mg, capsule, 30 Caps",Efavirenz,Generic,50mg,Capsule,"Aurobindo Unit III, India",35904,30,24,72.14,3.01,0.1,0.07,,,FALSE,11/5/14,11/5/14,,11/4/14
161-ZA-T30,FPQ-6708,SCMS-93550,ASN-11197,South Africa,PMO - US,Direct Drop,DDP,Ocean,ARV,Adult,Aurobindo Pharma Limited,"Tenofovir Disoproxil Fumarate 300mg, tablets, 30 Tabs",Tenofovir Disoproxil Fumarate,Generic,300mg,Tablet,"Aurobindo Unit III, India",35913,30,42938,285537.7,6.65,0.22,471.14,4008,6121.39,TRUE,6/13/11,9/22/11,,12/14/10
116-ZA-T30,FPQ-13035,SCMS-215370,ASN-24415,South Africa,PMO - US,Direct Drop,DDP,Truck,ARV,Adult,S. BUYS WHOLESALER,"Didanosine 400mg, delayed-release capsules, 30 Caps",Didanosine,Generic,400mg,Delayed-release capsules,"Aurobindo Unit III, India",35922,30,20,389.71,19.49,0.65,0.48,,,FALSE,2/6/14,2/6/14,,12/2/13
106-HT-T30,FPQ-12590,SCMS-210541,ASN-24373,Haiti,PMO - US,Direct Drop,EXW,Ocean,ARV,Pediatric,MYLAN LABORATORIES LTD (FORMERLY MATRIX LABORATORIES),"Abacavir/Lamivudine 60/30mg, tablets, 60 Tabs",Abacavir/Lamivudine,Generic,60/30mg,Tablet - FDC,Mylan (formerly Matrix) Nashik,35951,60,1080,4266,3.95,0.07,5.28,,,FALSE,5/9/14,5/9/14,,2/3/14
108-VN-T30,FPQ-15692,SCMS-274390,ASN-32270,Vietnam,PMO - US,Direct Drop,EXW,Air,ARV,Adult,HETERO LABS LIMITED,"Efavirenz 600mg, tablets, 30 Tabs",Efavirenz,Generic,600mg,Tablet,Hetero Unit III Hyderabad IN,35968,30,14000,49000,3.5,0.12,57.67,1400,2859.58,TRUE,7/10/15,7/10/15,,2/17/15
107-RW-T30,FPQ-9217,SCMS-152020,ASN-15941,Rwanda,PMO - US,Direct Drop,EXW,Air,ARV,Adult,Aurobindo Pharma Limited,"Didanosine 400mg, delayed-release capsules, 30 Caps",Didanosine,Generic,400mg,Delayed-release capsules,"Aurobindo Unit III, India",35975,30,1728,34560,20,0.67,48.45,,,FALSE,8/22/12,8/22/12,,7/4/12
116-ZA-T30,FPQ-14942,SCMS-295800,ASN-33865,South Africa,PMO - US,Direct Drop,DDP,Truck,ARV,Pediatric,PHARMACY DIRECT,"Efavirenz 200mg, capsule, 90 Caps",Efavirenz,Generic,200mg,Capsule,"Aurobindo Unit III, India",35977,90,34,620.49,18.25,0.2,0.64,,,FALSE,8/24/15,8/24/15,,8/24/15
108-VN-T30,FPQ-5317,SCMS-69710,ASN-7510,Vietnam,PMO - US,Direct Drop,EXW,Air,ARV,Adult,MYLAN LABORATORIES LTD (FORMERLY MATRIX LABORATORIES),"Tenofovir Disoproxil Fumarate 300mg, tablets, 30 Tabs",Tenofovir Disoproxil Fumarate,Generic,300mg,Tablet,Mylan (formerly Matrix) Nashik,35983,30,3686,25802,7,0.23,55.63,255,6518.69,TRUE,8/9/10,8/9/10,,3/29/10
107-RW-T30,FPQ-14813,SCMS-261783,ASN-33614,Rwanda,PMO - US,Direct Drop,EXW,Air,ARV,Adult,EMCURE PHARMACEUTICALS LTD,"Atazanavir/Ritonavir 300/100mg, tablets, 30 Tabs",Atazanavir/Ritonavir,Generic,300/100mg,Tablet,"Emcure Plot No.P-2, I.T-B.T. Park, Phase II, MIDC, Hinjwadi, Pune, India",36005,30,4011,72198,18,0.6,74.22,,,TRUE,8/27/15,8/27/15,,12/15/14
109-TZ-T30,FPQ-13945,SCMS-235450,ASN-31133,Tanzania,PMO - US,Direct Drop,EXW,Air,HRDT,HIV test,"Orgenics, Ltd","HIV 1/2, Determine Complete HIV Kit, 100 Tests","HIV 1/2, Determine Complete HIV Kit",Determine,N/A,Test kit,"Alere Medical Co., Ltd.",36019,100,168,13440,80,0.8,13.82,73,1806.81,TRUE,4/28/15,4/28/15,,4/29/14
108-VN-T30,FPQ-10286,SCMS-156271,ASN-17429,Vietnam,PMO - US,Direct Drop,EXW,Air,ARV,Adult,MYLAN LABORATORIES LTD (FORMERLY MATRIX LABORATORIES),"Efavirenz/Lamivudine/Tenofovir Disoproxil Fumarate 600/300/300mg, tablets, 30 Tabs",Efavirenz/Lamivudine/Tenofovir Disoproxil Fumarate,Generic,600/300/300mg,Tablet - FDC,Mylan (formerly Matrix) Nashik,36035,30,46749,560520.5,11.99,0.4,785.85,7500,19116.64,TRUE,1/29/13,1/29/13,,8/14/12
116-ZA-T30,FPQ-3560,SCMS-50941,ASN-5498,South Africa,PMO - US,Direct Drop,DDP,Truck,ARV,Pediatric,S. BUYS WHOLESALER,"Efavirenz 50mg, capsule, 30 Caps",Efavirenz,Generic,50mg,Capsule,"Aurobindo Unit III, India",36053,30,6690,26864.85,4.02,0.13,52.66,,,TRUE,10/30/09,10/30/09,,8/3/09
114-UG-T30,FPQ-13655,SCMS-226131,ASN-27538,Uganda,PMO - US,Direct Drop,EXW,Air,HRDT,HIV test,BIO-RAD LABORATORIES (FRANCE),"HIV, Multispot HIV-1/HIV-2 Rapid Test Kit, 50 Tests","HIV, Multispot HIV-1/HIV-2 Rapid Test Kit",Multispot,N/A,Test kit,Bio-Rad Laboratories,36083,50,45,55913.85,1242.53,24.85,57.48,68,1305.28,TRUE,8/22/14,8/22/14,,4/10/14
108-VN-T30,FPQ-15692,SCMS-274370,ASN-32258,Vietnam,PMO - US,Direct Drop,EXW,Air,ARV,Adult,HETERO LABS LIMITED,"Nevirapine 200mg, tablets, 60 Tabs",Nevirapine,Generic,200mg,Tablet,Hetero Unit III Hyderabad IN,36147,60,10000,21600,2.16,0.04,25.42,,,FALSE,7/13/15,7/13/15,,2/17/15
116-ZA-T30,FPQ-13214,SCMS-215410,ASN-23875,South Africa,PMO - US,Direct Drop,DDP,Truck,ARV,Pediatric,S. BUYS WHOLESALER,"Efavirenz 50mg, capsule, 30 Caps",Efavirenz,Generic,50mg,Capsule,"Aurobindo Unit III, India",36157,30,328,976.49,2.98,0.1,1,,,FALSE,1/13/14,1/13/14,,12/2/13
108-VN-T30,FPQ-10811,SCMS-164680,ASN-18665,Vietnam,PMO - US,Direct Drop,EXW,Air,ARV,Adult,HETERO LABS LIMITED,"Efavirenz 600mg, tablets, 30 Tabs",Efavirenz,Generic,600mg,Tablet,"Hetero, Jadcherla, unit 5, IN",36162,30,17755,57703.75,3.25,0.11,71.38,1505,2604.31,TRUE,4/2/13,4/2/13,,11/7/12
900-SS-T30,FPQ-11260,SCMS-173100,ASN-18312,South Sudan,PMO - US,Direct Drop,EXW,Air,HRDT,HIV test,"Trinity Biotech, Plc","HIV 1/2, Uni-Gold HIV Kit, 20 Tests","HIV 1/2, Uni-Gold HIV Kit",Uni-Gold,N/A,Test kit,"Trinity Biotech, Plc",36166,20,44,1408,32,1.6,1.74,14,1101.91,TRUE,3/22/13,3/22/13,,1/11/13
116-ZA-T30,FPQ-5535,SCMS-71370,ASN-7373,South Africa,PMO - US,Direct Drop,DDP,Truck,ARV,Pediatric,S. BUYS WHOLESALER,"Efavirenz 200mg, capsule, 90 Caps",Efavirenz,Generic,200mg,Capsule,"Aurobindo Unit III, India",36172,90,80,2666.08,33.33,0.37,5.75,,,FALSE,5/31/10,5/31/10,,4/21/10
106-HT-T30,FPQ-11442,SCMS-177170,ASN-19521,Haiti,PMO - US,Direct Drop,EXW,Air,ARV,Pediatric,MYLAN LABORATORIES LTD (FORMERLY MATRIX LABORATORIES),"Lamivudine/Nevirapine/Zidovudine 30/50/60mg, dispersible tablets, 60 Tabs",Lamivudine/Nevirapine/Zidovudine,Generic,30/50/60mg,Chewable/dispersible tablet - FDC,Mylan (formerly Matrix) Nashik,36179,60,4235,17575.25,4.15,0.07,21.74,236,2215.13,TRUE,6/13/13,6/13/13,,3/17/13
133-NG-T30,FPQ-10349,SCMS-155320,ASN-16929,Nigeria,PMO - US,Direct Drop,EXW,Air,HRDT,HIV test,"Orgenics, Ltd","HIV 1/2, Determine Complete HIV Kit, 100 Tests","HIV 1/2, Determine Complete HIV Kit",Determine,N/A,Test kit,"Alere Medical Co., Ltd.",36203,100,2996,266644,89,0.89,373.83,1426,33279.83,TRUE,11/6/12,11/8/12,,8/13/12
106-HT-T30,FPQ-12590,SCMS-210450,ASN-23820,Haiti,PMO - US,Direct Drop,FCA,Air,ARV,Pediatric,ABBVIE LOGISTICS (FORMERLY ABBOTT LOGISTICS BV),"Lopinavir/Ritonavir 80/20mg/ml [Kaletra], oral solution, cool, Bottle 5 x 60 ml",Lopinavir/Ritonavir,Kaletra,80/20mg/ml,Oral solution,ABBVIE (Abbott) Logis. UK,36204,300,10,308.2,30.82,0.1,0.38,38,1347,TRUE,2/28/14,2/28/14,,10/22/13
116-ZA-T30,FPQ-12522,SCMS-199283,ASN-27978,South Africa,PMO - US,Direct Drop,DDP,Truck,ARV,Adult,S. BUYS WHOLESALER,"Didanosine 400mg, delayed-release capsules, 30 Caps",Didanosine,Generic,400mg,Delayed-release capsules,"Aurobindo Unit III, India",36209,30,16,349.87,21.87,0.73,0.43,,,FALSE,8/27/14,8/27/14,,8/27/14
116-ZA-T30,FPQ-13214,SCMS-215410,ASN-23875,South Africa,PMO - US,Direct Drop,DDP,Truck,ARV,Adult,S. BUYS WHOLESALER,"Lamivudine/Zidovudine 150/300mg, tablets, 60 Tabs",Lamivudine/Zidovudine,Generic,150/300mg,Tablet - FDC,"Cipla, Goa, India",36212,60,524,15533.57,29.64,0.49,15.97,,,FALSE,1/13/14,1/13/14,,12/2/13
161-ZA-T30,FPQ-7175,SCMS-103420,ASN-11472,South Africa,PMO - US,Direct Drop,DDP,Ocean,ARV,Adult,Aurobindo Pharma Limited,"Zidovudine 300mg, tablets, 60 Tabs",Zidovudine,Generic,300mg,Tablet,"Aurobindo Unit III, India",36219,60,100000,730000,7.3,0.12,1204.5,5178,14621.3,TRUE,9/5/11,9/5/11,,3/24/11
106-HT-T30,FPQ-6086,SCMS-80640,ASN-8012,Haiti,PMO - US,Direct Drop,EXW,Air,HRDT,HIV test,Orasure Technologies Inc.,"HIV 1/2, OraQuick Advance HIV Rapid Antibody Kit, 100 Tests","HIV 1/2, OraQuick Advance HIV Rapid Antibody Kit",OraQuick,N/A,Test kit,"Orasure Technologies, Inc",36277,100,100,35000,350,3.5,75.46,240,4355.7,TRUE,10/1/10,10/1/10,,7/30/10
108-VN-T30,FPQ-4720,SCMS-62410,ASN-6076,Vietnam,PMO - US,Direct Drop,FCA,Air,ARV,Adult,ABBVIE LOGISTICS (FORMERLY ABBOTT LOGISTICS BV),"Ritonavir 100mg [Norvir], capsules, cool, 4 x 84 Caps",Ritonavir,Norvir,100mg,Capsule,ABBVIE (Abbott) Logis. UK,36298,336,60,4603.2,76.72,0.23,9.92,170,4256.38,TRUE,3/22/10,3/22/10,,1/11/10
106-HT-T30,FPQ-15038,SCMS-262841,ASN-31571,Haiti,PMO - US,Direct Drop,EXW,Ocean,ARV,Adult,MYLAN LABORATORIES LTD (FORMERLY MATRIX LABORATORIES),"Lamivudine/Zidovudine 150/300mg, tablets, 60 Tabs",Lamivudine/Zidovudine,Generic,150/300mg,Tablet - FDC,Mylan (formerly Matrix) Nashik,36322,60,53010,344034.9,6.49,0.11,353.67,,,TRUE,6/17/15,6/17/15,,12/24/14
105-GY-T30,FPQ-6308,SCMS-85581,ASN-8445,Guyana,PMO - US,Direct Drop,EXW,Air,ARV,Adult,Aurobindo Pharma Limited,"Lopinavir/Ritonavir 200/50mg, tablets, 120 Tabs",Lopinavir/Ritonavir,Generic,200/50mg,Tablet,"Aurobindo Unit III, India",36350,120,3796,136656,36,0.3,294.63,1028,12609.89,TRUE,11/24/10,11/24/10,,9/17/10
116-ZA-T30,FPQ-14942,SCMS-259075,ASN-32138,South Africa,PMO - US,Direct Drop,DDP,Truck,ARV,Adult,PHARMACY DIRECT,"Abacavir 300mg, tablets, 60 Tabs",Abacavir,Generic,300mg,Tablet,"Aurobindo Unit III, India",36411,60,3,149.56,49.85,0.83,0.15,,,FALSE,5/12/15,5/12/15,,5/11/15
113-ZW-T30,FPQ-13939,SCMS-234761,ASN-26863,Zimbabwe,PMO - US,Direct Drop,EXW,Air,ARV,Adult,STRIDES ARCOLAB LIMITED,"Nevirapine 200mg, tablets, 60 Tabs",Nevirapine,Generic,200mg,Tablet,"Strides, Bangalore, India.",36416,60,35000,77000,2.2,0.04,79.16,2180,19328.2,TRUE,7/18/14,7/18/14,,4/24/14
161-ZA-T30,FPQ-7175,SCMS-104080,ASN-12988,South Africa,PMO - US,Direct Drop,DDP,Ocean,ARV,Adult,CIPLA LIMITED,"Nevirapine 200mg, tablets, 60 Tabs",Nevirapine,Generic,200mg,Tablet,"Cipla, Goa, India",36431,60,35364,96190.08,2.72,0.05,158.71,3793,8527.45,TRUE,12/13/11,1/30/12,,3/28/11
106-HT-T30,FPQ-14083,SCMS-240220,ASN-26559,Haiti,PMO - US,Direct Drop,EXW,Air,ARV,Pediatric,Aurobindo Pharma Limited,"Nevirapine 50mg, dispersible tablets (tablets for oral suspension), 30 Tabs",Nevirapine,Generic,50mg,Chewable/dispersible tablet,"Aurobindo Unit III, India",36443,30,2438,3047.5,1.25,0.04,3.13,,,FALSE,7/18/14,7/18/14,,6/2/14
161-ZA-T30,FPQ-6708,SCMS-93570,ASN-11801,South Africa,PMO - US,Direct Drop,DDP,Ocean,ARV,Adult,Aurobindo Pharma Limited,"Tenofovir Disoproxil Fumarate 300mg, tablets, 30 Tabs",Tenofovir Disoproxil Fumarate,Generic,300mg,Tablet,"Aurobindo Unit III, India",36447,30,14155,94130.75,6.65,0.22,155.32,1321,9726.53,TRUE,10/5/11,10/14/11,,12/14/10
102-SD-T30,FPQ-6991,SCMS-100480,ASN-11003,Sudan,PMO - US,Direct Drop,EXW,Air,HRDT,HIV test,"Orgenics, Ltd","HIV 1/2, Determine Complete HIV Kit, 100 Tests","HIV 1/2, Determine Complete HIV Kit",Determine,N/A,Test kit,Inverness Japan,36453,100,213,18957,89,0.89,31.28,97,2542.17,TRUE,6/27/11,6/27/11,,3/2/11
108-VN-T30,FPQ-15692,SCMS-274390,ASN-32266,Vietnam,PMO - US,Direct Drop,EXW,Air,ARV,Adult,HETERO LABS LIMITED,"Efavirenz/Lamivudine/Tenofovir Disoproxil Fumarate 600/300/300mg, tablets, 30 Tabs",Efavirenz/Lamivudine/Tenofovir Disoproxil Fumarate,Generic,600/300/300mg,Tablet - FDC,Hetero Unit III Hyderabad IN,36464,30,17760,177600,10,0.33,209.04,2523,4761.9,TRUE,7/10/15,7/10/15,,2/17/15
108-VN-T30,FPQ-6384,SCMS-87770,ASN-9407,Vietnam,PMO - US,Direct Drop,EXW,Air,ARV,Adult,HETERO LABS LIMITED,"Zidovudine 300mg, tablets, 60 Tabs",Zidovudine,Generic,300mg,Tablet,Hetero Unit III Hyderabad IN,36507,60,504,3502.8,6.95,0.12,7.55,,,FALSE,2/9/11,2/9/11,,10/18/10
109-TZ-T30,FPQ-10994,SCMS-169320,ASN-18202,Tanzania,PMO - US,Direct Drop,EXW,Air,HRDT,HIV test,"Trinity Biotech, Plc","HIV 1/2, Uni-Gold HIV Kit, 20 Tests","HIV 1/2, Uni-Gold HIV Kit",Uni-Gold,N/A,Test kit,"Trinity Biotech, Plc",36530,20,8460,270720,32,1.6,334.88,2770,26281.49,TRUE,2/28/13,2/28/13,,12/12/12
114-UG-T30,FPQ-10787,SCMS-163460,ASN-17750,Uganda,PMO - US,Direct Drop,EXW,Air,ARV,Adult,MYLAN LABORATORIES LTD (FORMERLY MATRIX LABORATORIES),"Atazanavir/Ritonavir 300/100mg, tablets, 30 Tabs",Atazanavir/Ritonavir,Generic,300/100mg,Tablet,Mylan (formerly Matrix) Nashik,36539,30,1665,37462.5,22.5,0.75,46.34,420,3900.39,TRUE,1/21/13,1/21/13,,10/25/12
116-ZA-T30,FPQ-13035,SCMS-215370,ASN-24415,South Africa,PMO - US,Direct Drop,DDP,Truck,ARV,Pediatric,S. BUYS WHOLESALER,"Efavirenz 200mg, capsule, 90 Caps",Efavirenz,Generic,200mg,Capsule,"Aurobindo Unit III, India",36541,90,85,1985.58,23.36,0.26,2.46,,,FALSE,2/6/14,2/6/14,,12/2/13
111-MZ-T30,FPQ-4740,SCMS-82730,ASN-9423,Mozambique,PMO - US,Direct Drop,FCA,Air,ARV,Adult,ABBVIE LOGISTICS (FORMERLY ABBOTT LOGISTICS BV),"Ritonavir 100mg [Norvir], film coated tablets, 30 Tabs",Ritonavir,Norvir,100mg,Tablet,ABBVIE Ludwigshafen Germany,36562,30,2240,7683.2,3.43,0.11,16.56,216,2698.28,TRUE,3/2/11,3/2/11,,8/25/10
113-ZW-T30,FPQ-7521,SCMS-108030,ASN-11412,Zimbabwe,PMO - US,Direct Drop,EXW,Air,HRDT,HIV test,"Orgenics, Ltd","HIV 1/2, Determine Complete HIV Kit, 100 Tests","HIV 1/2, Determine Complete HIV Kit",Determine,N/A,Test kit,Inverness Japan,36592,100,1070,85600,80,0.8,141.24,532,14423.28,TRUE,9/8/11,9/8/11,,5/5/11
116-ZA-T30,FPQ-14942,SCMS-259077,ASN-33477,South Africa,PMO - US,Direct Drop,DDP,Truck,ARV,Adult,PHARMACY DIRECT,"Efavirenz 600mg, tablets, 30 Tabs",Efavirenz,Generic,600mg,Tablet,"Aurobindo Unit III, India",36596,30,39,439.52,11.27,0.38,0.45,,,FALSE,7/24/15,7/24/15,,10/9/14
108-VN-T30,FPQ-13524,SCMS-226240,ASN-25803,Vietnam,PMO - US,Direct Drop,EXW,Air,ARV,Adult,Aurobindo Pharma Limited,"Nevirapine 200mg, tablets, 60 Tabs",Nevirapine,Generic,200mg,Tablet,"Aurobindo Unit III, India",36603,60,7400,16650,2.25,0.04,17.12,730,1338.19,TRUE,6/7/14,6/7/14,,3/10/14
108-VN-T30,FPQ-15040,SCMS-263660,ASN-30941,Vietnam,PMO - US,Direct Drop,EXW,Air,ARV,Adult,HETERO LABS LIMITED,"Abacavir 300mg, tablets, 60 Tabs",Abacavir,Generic,300mg,Tablet,Hetero Unit III Hyderabad IN,36617,60,800,8960,11.2,0.19,9.21,,,FALSE,3/31/15,3/31/15,,12/8/14
113-ZW-T30,FPQ-15380,SCMS-266490,ASN-31132,Zimbabwe,PMO - US,Direct Drop,EXW,Air,HRDT,HIV test,"Orgenics, Ltd","HIV 1/2, Determine Complete HIV Kit, 100 Tests","HIV 1/2, Determine Complete HIV Kit",Determine,N/A,Test kit,"Alere Medical Co., Ltd.",36641,100,1500,120000,80,0.8,141.24,781,9914.59,TRUE,5/14/15,5/14/15,,1/26/15
161-ZA-T30,FPQ-5303,SCMS-69030,ASN-8381,South Africa,PMO - US,Direct Drop,DDP,Air,ARV,Adult,Aurobindo Pharma Limited,"Zidovudine 300mg, tablets, 60 Tabs",Zidovudine,Generic,300mg,Tablet,"Aurobindo Unit III, India",36643,60,8366,62159.38,7.43,0.12,134.02,458,1697.9,TRUE,9/20/10,12/13/10,,3/19/10
114-UG-T30,FPQ-7268,SCMS-104120,ASN-11026,Uganda,PMO - US,Direct Drop,DDP,Air,ARV,Adult,ASPEN PHARMACARE,"Etravirine 100mg [Intelence], tablets, 120 Tabs",Etravirine,Intelence,100mg,Tablet,"Janssen-Cilag, Latina, IT",36654,120,27,2361.42,87.46,0.73,3.9,5,41,TRUE,6/2/11,6/2/11,,3/25/11
116-ZA-T30,FPQ-13035,SCMS-215370,ASN-24415,South Africa,PMO - US,Direct Drop,DDP,Truck,ARV,Pediatric,S. BUYS WHOLESALER,"Abacavir 20mg/ml, oral solution w/syringe, Bottle, 240 ml",Abacavir,Generic,20mg/ml,Oral solution,"Aurobindo Unit III, India",36661,240,210,5097.32,24.27,0.1,6.31,,,FALSE,2/6/14,2/6/14,,12/2/13
116-ZA-T30,FPQ-12522,SCMS-199289,ASN-28033,South Africa,PMO - US,Direct Drop,DDP,Truck,ARV,Pediatric,S. BUYS WHOLESALER,"Lamivudine 10mg/ml, oral solution w/syringe, Bottle, 240 ml",Lamivudine,Generic,10mg/ml,Oral solution,"Aurobindo Unit III, India",36679,240,28,220.91,7.89,0.03,0.27,,,FALSE,8/29/14,8/29/14,,8/29/14
102-MW-T30,FPQ-11638,SCMS-179340,ASN-19207,Malawi,PMO - US,Direct Drop,EXW,Air,HRDT,HIV test,"Trinity Biotech, Plc","HIV 1/2, Uni-Gold HIV Kit, 20 Tests","HIV 1/2, Uni-Gold HIV Kit",Uni-Gold,N/A,Test kit,"Trinity Biotech, Plc",36710,20,94,3008,32,1.6,3.72,32,1136.31,TRUE,5/3/13,5/3/13,,3/14/13
104-CI-T30,FPQ-5207,SCMS-75360,ASN-7633,Côte d'Ivoire,PMO - US,Direct Drop,EXW,Air,HRDT,HIV test,"CHEMBIO DIAGNOSTIC SYSTEMS, INC.","HIV 1/2, Stat-Pak HIV, Kit, 20 Tests","HIV 1/2, Stat-Pak HIV, Kit",Stat-Pak,N/A,Test kit,Chembio Diagnostics Sys. Inc.,36717,20,2483,67041,27,1.35,144.54,706,6150.75,TRUE,8/3/10,8/3/10,,6/7/10
107-RW-T30,FPQ-10752,SCMS-162540,ASN-17494,Rwanda,PMO - US,Direct Drop,EXW,Air,ARV,Adult,HETERO LABS LIMITED,"Tenofovir Disoproxil Fumarate 300mg, tablets, 30 Tabs",Tenofovir Disoproxil Fumarate,Generic,300mg,Tablet,Hetero Unit III Hyderabad IN,36758,30,672,2520,3.75,0.12,3.53,55,1276.53,TRUE,1/30/13,1/30/13,,10/17/12
116-ZA-T30,FPQ-13214,SCMS-215410,ASN-23875,South Africa,PMO - US,Direct Drop,DDP,Truck,ARV,Pediatric,S. BUYS WHOLESALER,"Efavirenz 200mg, capsule, 90 Caps",Efavirenz,Generic,200mg,Capsule,"Aurobindo Unit III, India",36773,90,12,264.95,22.08,0.25,0.27,,,FALSE,1/13/14,1/13/14,,12/2/13
116-ZA-T30,FPQ-13035,SCMS-215370,ASN-24415,South Africa,PMO - US,Direct Drop,DDP,Truck,ARV,Pediatric,S. BUYS WHOLESALER,"Efavirenz 200mg, capsule, 90 Caps",Efavirenz,Generic,200mg,Capsule,"Aurobindo Unit III, India",36784,90,168,3709.29,22.08,0.25,4.59,,,FALSE,2/6/14,2/6/14,,12/2/13
151-NG-T30,FPQ-16553,SCMS-296470,ASN-33750,Nigeria,PMO - US,Direct Drop,EXW,Air,ARV,Pediatric,CIPLA LIMITED,"Abacavir/Lamivudine 60/30mg, dispersible tablets, 60 Tabs",Abacavir/Lamivudine,Generic,60/30mg,Chewable/dispersible tablet - FDC,"Cipla, Patalganga, India",36785,60,6424,32120,5,0.08,37.81,,,TRUE,9/2/15,9/2/15,,8/4/15
102-KE-T30,FPQ-8446,SCMS-124900,ASN-13148,Kenya,PMO - US,Direct Drop,EXW,Air,HRDT,HIV test,"Orgenics, Ltd","HIV 1/2, Determine Complete HIV Kit, 100 Tests","HIV 1/2, Determine Complete HIV Kit",Determine,N/A,Test kit,"Alere Medical Co., Ltd.",36810,100,6959,619351,89,0.89,1021.93,1198,13543.63,TRUE,1/17/12,1/17/12,,10/26/11
106-HT-T30,FPQ-9635,SCMS-148410,ASN-15840,Haiti,PMO - US,Direct Drop,EXW,Air,ARV,Adult,Aurobindo Pharma Limited,"Stavudine 30mg, capsules, 60 Caps",Stavudine,Generic,30mg,Capsule,"Aurobindo Unit III, India",36816,60,90,126,1.4,0.02,0.18,6,941.74,TRUE,8/16/12,8/16/12,,7/12/12
133-NG-T30,FPQ-12812,SCMS-210350,ASN-22885,Nigeria,PMO - US,Direct Drop,EXW,Air,HRDT,HIV test,"Orgenics, Ltd","HIV 1/2, Determine Complete HIV Kit, 100 Tests","HIV 1/2, Determine Complete HIV Kit",Determine,N/A,Test kit,"Alere Medical Co., Ltd.",36842,100,9308,828412,89,0.89,1024.75,3778,59767.71,TRUE,12/23/13,12/12/13,,11/1/13
111-MZ-T30,FPQ-4740,SCMS-62331,ASN-6710,Mozambique,PMO - US,Direct Drop,CIP,Air,ARV,Adult,INTERNATIONAL HEALTHCARE DISTRIBUTORS,"Ritonavir 100mg [Norvir], capsules, cool, 84 Caps",Ritonavir,Norvir,100mg,Capsule,ABBVIE (Abbott) Logis. UK,36868,84,620,6417,10.35,0.12,13.84,,,TRUE,4/22/10,4/22/10,,1/25/10
108-VN-T30,FPQ-10287,SCMS-156260,ASN-17696,Vietnam,PMO - US,Direct Drop,EXW,Air,ARV,Pediatric,MICRO LABS LIMITED,"Efavirenz 200mg, capsule, 90 Caps",Efavirenz,Generic,200mg,Capsule,"Micro labs, Verna, Goa, India",36871,90,702,3102.84,4.42,0.05,4.35,,,FALSE,1/30/13,1/30/13,,8/15/12
116-ZA-T30,FPQ-12522,SCMS-199283,ASN-27980,South Africa,PMO - US,Direct Drop,DDP,Truck,ARV,Adult,S. BUYS WHOLESALER,"Abacavir 300mg, tablets, 60 Tabs",Abacavir,Generic,300mg,Tablet,"Aurobindo Unit III, India",36880,60,45,3471.61,77.15,1.29,4.29,,,FALSE,8/27/14,8/27/14,,8/27/14
116-ZA-T30,FPQ-4770,SCMS-60170,ASN-5933,South Africa,PMO - US,Direct Drop,DDP,Truck,ARV,Adult,S. BUYS WHOLESALER,"Tenofovir Disoproxil Fumarate 300mg [Viread], tablets, 30 Tabs",Tenofovir Disoproxil Fumarate,Viread,300mg,Tablet,"Aspen-OSD, Port Elizabeth, SA",36890,30,500,14105.11,28.21,0.94,30.41,,,FALSE,12/29/09,12/29/09,,12/23/09
116-ZA-T30,FPQ-13035,SCMS-215370,ASN-24415,South Africa,PMO - US,Direct Drop,DDP,Truck,ARV,Adult,S. BUYS WHOLESALER,"Lamivudine 150mg [Epivir], tablets, 60 Tabs",Lamivudine,Epivir,150mg,Tablet,GSK Cape Town Factory (South Africa),36892,60,3519,38242.38,10.87,0.18,47.31,,,FALSE,2/6/14,2/6/14,,12/2/13
102-GY-T30,FPQ-5496,SCMS-71600,ASN-7378,Guyana,PMO - US,Direct Drop,EXW,Air,HRDT,HIV test,"Trinity Biotech, Plc","HIV 1/2, Uni-Gold HIV Kit, 20 Tests","HIV 1/2, Uni-Gold HIV Kit",Uni-Gold,N/A,Test kit,"Trinity Biotech, Plc",36913,20,1470,47040,32,1.6,101.42,500,5255.14,TRUE,7/27/10,7/27/10,,6/21/10
116-ZA-T30,FPQ-12522,SCMS-199289,ASN-28037,South Africa,PMO - US,Direct Drop,DDP,Truck,ARV,Adult,S. BUYS WHOLESALER,"Lopinavir/Ritonavir 200/50mg [Aluvia], tablets, 120 Tabs",Lopinavir/Ritonavir,Aluvia,200/50mg,Tablet,ABBVIE Ludwigshafen Germany,36922,120,87,2241.1,25.76,0.21,2.77,,,FALSE,8/29/14,8/29/14,,8/29/14
102-KE-T30,FPQ-6406,SCMS-88211,ASN-9547,Kenya,PMO - US,Direct Drop,EXW,Air,HRDT,HIV test,"Orgenics, Ltd","HIV 1/2, Determine Complete HIV Kit, 100 Tests","HIV 1/2, Determine Complete HIV Kit",Determine,N/A,Test kit,Inverness Japan,36936,100,8586,764154,89,0.89,1647.52,1479,15519.77,TRUE,2/10/11,2/10/11,,11/22/10
108-VN-T30,FPQ-4265,SCMS-56310,ASN-6252,Vietnam,PMO - US,Direct Drop,EXW,Air,ARV,Adult,MYLAN LABORATORIES LTD (FORMERLY MATRIX LABORATORIES),"Zidovudine 300mg, tablets, 60 Tabs",Zidovudine,Generic,300mg,Tablet,Mylan (formerly Matrix) Nashik,36969,60,1680,12600,7.5,0.12,24.7,389,9674.88,TRUE,3/22/10,3/22/10,,11/3/09
108-VN-T30,FPQ-10286,SCMS-156250,ASN-17673,Vietnam,PMO - US,Direct Drop,EXW,Air,ARV,Pediatric,MICRO LABS LIMITED,"Efavirenz 50mg, capsule, 30 Caps",Efavirenz,Generic,50mg,Capsule,"Micro labs, Verna, Goa, India",36978,30,1240,2504.8,2.02,0.07,3.51,71,990.04,TRUE,2/4/13,2/4/13,,8/15/12
108-VN-T30,FPQ-10287,SCMS-156140,ASN-17077,Vietnam,PMO - US,Direct Drop,EXW,Air,ARV,Pediatric,Aurobindo Pharma Limited,"Lamivudine 10mg/ml, oral solution w/syringe, Bottle, 240 ml",Lamivudine,Generic,10mg/ml,Oral solution,"Aurobindo Unit III, India",37031,240,370,684.5,1.85,0.01,0.96,2998,4531.29,TRUE,12/10/12,12/10/12,,8/14/12
113-ZW-T30,FPQ-13939,SCMS-240570,ASN-27584,Zimbabwe,PMO - US,Direct Drop,EXW,Air Charter,ARV,Adult,HETERO LABS LIMITED,"Lamivudine/Tenofovir Disoproxil Fumarate 300/300mg, tablets, 30 Tabs",Lamivudine/Tenofovir Disoproxil Fumarate,Generic,300/300mg,Tablet - FDC,Hetero Unit III Hyderabad IN,37037,30,42336,195592.31,4.62,0.15,201.07,4601,28788.73,TRUE,9/17/14,9/17/14,,5/27/14
116-ZA-T30,FPQ-3596,SCMS-50360,ASN-5454,South Africa,PMO - US,Direct Drop,DDP,Truck,ARV,Adult,S. BUYS WHOLESALER,"Nevirapine 200mg [Viramune], tablets, 60 Tabs",Nevirapine,Viramune,200mg,Tablet,"Boehringer Ing., Koropi, GR",37040,60,5000,101541.09,20.31,0.34,199.02,,,TRUE,10/27/09,10/27/09,,9/22/09
116-ZA-T30,FPQ-12522,SCMS-199283,ASN-27979,South Africa,PMO - US,Direct Drop,DDP,Truck,ARV,Adult,S. BUYS WHOLESALER,"Didanosine 250mg, delayed-release capsules, 30 Caps",Didanosine,Generic,250mg,Delayed-release capsules,"Aurobindo Unit III, India",37052,30,7,119.16,17.02,0.57,0.15,,,FALSE,8/27/14,8/27/14,,8/27/14
116-ZA-T30,FPQ-14942,SCMS-259074,ASN-31070,South Africa,PMO - US,Direct Drop,DDP,Truck,ARV,Adult,PHARMACY DIRECT,"Tenofovir Disoproxil Fumarate 300mg, tablets, 30 Tabs",Tenofovir Disoproxil Fumarate,Generic,300mg,Tablet,Mylan (formerly Matrix) Nashik,37068,30,138,1906.7,13.82,0.46,1.96,,,FALSE,3/9/15,3/9/15,,3/9/15
110-ZM-T30,FPQ-16528,SCMS-294910,ASN-33650,Zambia,PMO - US,Direct Drop,EXW,Air,ARV,Adult,HETERO LABS LIMITED,"Efavirenz 600mg, tablets, 30 Tabs",Efavirenz,Generic,600mg,Tablet,"Hetero, Jadcherla, unit 5, IN",37076,30,56352,183144,3.25,0.11,215.56,,,TRUE,8/18/15,8/18/15,,7/28/15
116-ZA-T30,FPQ-14942,SCMS-259076,ASN-32524,South Africa,PMO - US,Direct Drop,DDP,Truck,ARV,Adult,PHARMACY DIRECT,"Tenofovir Disoproxil Fumarate 300mg, tablets, 30 Tabs",Tenofovir Disoproxil Fumarate,Generic,300mg,Tablet,Mylan (formerly Matrix) Nashik,37087,30,24,331.6,13.82,0.46,0.34,,,FALSE,6/2/15,6/2/15,,6/2/15
122-HT-T30,FPQ-8635,SCMS-132170,ASN-14729,Haiti,PMO - US,Direct Drop,EXW,Air,ANTM,Malaria,THE MEDICAL EXPORT GROUP BV,"Chloroquine 150mg base (as phosphate), tablets, 1000 Tabs",Chloroquine base (as phosphate),Generic,150mg,Tablet,"Micro Labs, Hosur, India",37089,1000,11000,100540,9.14,0.01,140.96,5051,37744.27,TRUE,5/10/12,5/10/12,,1/5/12
111-MZ-T30,FPQ-7054,SCMS-98420,ASN-10816,Mozambique,PMO - US,Direct Drop,FCA,Air,ARV,Adult,Hoffmann-La Roche ltd Basel,"Saquinavir 200mg [Invirase], capsules, 270 Caps",Saquinavir,Invirase,200mg,Capsule,Roche Basel,37140,270,448,46377.58,103.52,0.38,76.52,,,FALSE,5/24/11,5/24/11,,2/8/11
114-UG-T30,FPQ-4320,SCMS-58160,ASN-5935,Uganda,PMO - US,Direct Drop,EXW,Air,ARV,Pediatric,EMCURE PHARMACEUTICALS LTD,"Atazanavir 150mg, capsules, 60 Caps",Atazanavir,Generic,150mg,Capsule,"Emcure Plot No.P-2, I.T-B.T. Park, Phase II, MIDC, Hinjwadi, Pune, India",37152,60,240,6261.6,26.09,0.43,12.27,25,915.09,TRUE,2/2/10,2/2/10,,11/25/09
111-MZ-T30,FPQ-7807,SCMS-111300,ASN-12116,Mozambique,PMO - US,Direct Drop,EXW,Air,HRDT,HIV test,"Orgenics, Ltd","HIV 1/2, Determine Complete HIV Kit, 100 Tests","HIV 1/2, Determine Complete HIV Kit",Determine,N/A,Test kit,Inverness Japan,37157,100,120,9600,80,0.8,15.84,55,3267.66,TRUE,10/26/11,10/26/11,,6/13/11
161-ZA-T30,FPQ-7175,SCMS-103460,ASN-10839,South Africa,PMO - US,Direct Drop,DDP,Ocean,ARV,Adult,Aurobindo Pharma Limited,"Zidovudine 300mg, tablets, 60 Tabs",Zidovudine,Generic,300mg,Tablet,"Aurobindo Unit III, India",37177,60,66793,487588.9,7.3,0.12,804.52,3458,3787.72,TRUE,9/2/11,9/2/11,,3/24/11
102-SD-T30,FPQ-6991,SCMS-100301,ASN-10451,Sudan,PMO - US,Direct Drop,EXW,Air,HRDT,HIV test - Ancillary,"Standard Diagnostics, Inc.","HIV 1/2, Bioline 3.0 Diluent, 25 Tests, Bottle x 5 ml","HIV 1/2, Bioline 3.0 Diluent, 25 Tests",Bioline,N/A,Test kit - Ancillary,"Standard Diagnostics, Korea",37251,1,13,11.7,0.9,0.9,0.02,1,137.5,TRUE,4/29/11,4/29/11,,3/2/11
106-HT-T30,FPQ-12590,SCMS-210460,ASN-25570,Haiti,PMO - US,Direct Drop,EXW,Air,ARV,Pediatric,Aurobindo Pharma Limited,"Abacavir 20mg/ml, oral solution w/syringe, Bottle, 240 ml",Abacavir,Generic,20mg/ml,Oral solution,"Aurobindo Unit III, India",37277,240,450,3073.5,6.83,0.03,3.8,180,1773.7,TRUE,6/3/14,6/3/14,,10/24/13
103-UG-T30,FPQ-10289,SCMS-153580,ASN-16006,Uganda,PMO - US,Direct Drop,EXW,Air,ARV,Adult,MYLAN LABORATORIES LTD (FORMERLY MATRIX LABORATORIES),"Efavirenz/Lamivudine/Tenofovir Disoproxil Fumarate 600/300/300mg, tablets, 30 Tabs",Efavirenz/Lamivudine/Tenofovir Disoproxil Fumarate,Generic,600/300/300mg,Tablet - FDC,Mylan (formerly Matrix) Nashik,37324,30,205042,2458453.5,11.99,0.4,3446.75,24556,146850.66,TRUE,8/29/12,8/29/12,,7/31/12
116-ZA-T30,FPQ-12523,SCMS-199310,ASN-29450,South Africa,PMO - US,Direct Drop,DDP,Truck,ARV,Adult,S. BUYS WHOLESALER,"Saquinavir 200mg [Invirase], capsules, 270 Caps",Saquinavir,Invirase,200mg,Capsule,Roche Madrid,37334,270,30,2542.45,84.75,0.31,3.15,,,FALSE,11/19/14,11/19/14,,8/13/13
116-ZA-T30,FPQ-12522,SCMS-199289,ASN-28034,South Africa,PMO - US,Direct Drop,DDP,Truck,ARV,Adult,S. BUYS WHOLESALER,"Didanosine 250mg, delayed-release capsules, 30 Caps",Didanosine,Generic,250mg,Delayed-release capsules,"Aurobindo Unit III, India",37362,30,8,134.55,16.82,0.56,0.17,,,FALSE,8/29/14,8/29/14,,8/29/14
106-HT-T30,FPQ-12682,SCMS-209700,ASN-24413,Haiti,PMO - US,Direct Drop,EXW,Air,ARV,Pediatric,CIPLA LIMITED,"Abacavir 60mg, dispersible tablets, 60 Tabs",Abacavir,Generic,60mg,Chewable/dispersible tablet,"Cipla, Patalganga, India",37379,60,741,3705,5,0.08,4.58,66,1572.92,TRUE,3/25/14,3/25/14,,10/8/13
116-ZA-T30,FPQ-13035,SCMS-215370,ASN-24415,South Africa,PMO - US,Direct Drop,DDP,Truck,ARV,Adult,S. BUYS WHOLESALER,"Abacavir 300mg, tablets, 60 Tabs",Abacavir,Generic,300mg,Tablet,"Aurobindo Unit III, India",37410,60,97,6627.47,68.32,1.14,8.2,,,FALSE,2/6/14,2/6/14,,12/2/13
116-ZA-T30,FPQ-14942,SCMS-259082,ASN-30448,South Africa,PMO - US,Direct Drop,DDP,Truck,ARV,Pediatric,PHARMACY DIRECT,"Lopinavir/Ritonavir 80/20mg/ml [Kaletra], oral solution, cool, Bottle 5 x 60 ml",Lopinavir/Ritonavir,Kaletra,80/20mg/ml,Oral solution,ABBVIE (Abbott) Logis. UK,37416,300,2,31.89,15.94,0.05,0.03,,,TRUE,1/29/15,1/29/15,,1/29/15
110-ZM-T30,FPQ-6263,SCMS-87270,ASN-8664,Zambia,PMO - US,Direct Drop,EXW,Air,HRDT,HIV test,"Standard Diagnostics, Inc.","HIV 1/2, Bioline 3.0 Kit, Lancets, Capillary pipets, Alcohol swabs included, 25 Tests","HIV 1/2, Bioline 3.0 Kit, Lancets, Capillary pipets, Alcohol swabs included",Bioline,N/A,Test kit,"Standard Diagnostics, Korea",37417,25,120,2400,20,0.8,5.17,40,771.88,TRUE,12/14/10,12/14/10,,10/7/10
116-ZA-T30,FPQ-14942,SCMS-259075,ASN-32122,South Africa,PMO - US,Direct Drop,DDP,Truck,ARV,Pediatric,PHARMACY DIRECT,"Abacavir 20mg/ml, oral solution, Bottle, 240 ml",Abacavir,Generic,20mg/ml,Oral solution,"Aurobindo Unit III, India",37452,240,14,247.96,17.71,0.07,0.25,,,FALSE,5/12/15,5/12/15,,5/11/15
101-CD-T30,FPQ-16001,SCMS-280210,ASN-31750,"Congo, DRC",PMO - US,Direct Drop,EXW,Air,HRDT,HIV test,"Trinity Biotech, Plc","HIV 1/2, Uni-Gold HIV Kit, 20 Tests","HIV 1/2, Uni-Gold HIV Kit",Uni-Gold,N/A,Test kit,"Trinity Biotech, Plc",37470,20,34,1088,32,1.6,1.28,,,FALSE,7/2/15,7/2/15,,3/16/15
108-VN-T30,FPQ-10287,SCMS-156281,ASN-17806,Vietnam,PMO - US,Direct Drop,EXW,Air,ARV,Pediatric,MYLAN LABORATORIES LTD (FORMERLY MATRIX LABORATORIES),"Lamivudine/Zidovudine 30/60mg, tablets, 60 Tabs",Lamivudine/Zidovudine,Generic,30/60mg,Tablet - FDC,Mylan (formerly Matrix) Nashik,37475,60,3434,7726.5,2.25,0.04,10.83,876,2183.92,TRUE,2/2/13,2/2/13,,8/14/12
107-RW-T30,FPQ-5792,SCMS-75790,ASN-7839,Rwanda,PMO - US,Direct Drop,EXW,Air,HRDT,HIV test,"Orgenics, Ltd","HIV 1/2, Determine HIV Kit, without Lancets, 100 Tests","HIV 1/2, Determine HIV Kit, without Lancets",Determine,N/A,Test kit,Inverness Japan,37481,100,5000,388500,77.7,0.78,837.61,1136,49573.62,TRUE,9/9/10,9/9/10,,7/22/10
116-ZA-T30,FPQ-12522,SCMS-199289,ASN-28033,South Africa,PMO - US,Direct Drop,DDP,Truck,ARV,Pediatric,S. BUYS WHOLESALER,"Lopinavir/Ritonavir 100/25mg [Aluvia], tablets, 60 Tabs",Lopinavir/Ritonavir,Generic,100/25mg,Tablet,ABBVIE Ludwigshafen Germany,37487,60,6,38.64,6.44,0.11,0.05,,,FALSE,8/29/14,8/29/14,,8/29/14
116-ZA-T30,FPQ-3560,SCMS-49640,ASN-5441,South Africa,PMO - US,Direct Drop,DDP,Truck,ARV,Adult,S. BUYS WHOLESALER,"Efavirenz 600mg, tablets, 30 Tabs",Efavirenz,Generic,600mg,Tablet,"Cipla, Goa, India",37489,30,2285,40375.94,17.67,0.59,79.14,,,TRUE,9/30/09,9/30/09,,7/21/09
111-MZ-T30,FPQ-13775,SCMS-229680,ASN-25195,Mozambique,PMO - US,Direct Drop,EXW,Air,HRDT,HIV test,"Trinity Biotech, Plc","HIV 1/2, Uni-Gold HIV Kit, 20 Tests","HIV 1/2, Uni-Gold HIV Kit",Uni-Gold,N/A,Test kit,"Trinity Biotech, Plc",37496,20,286,9152,32,1.6,9.41,88,1088.93,TRUE,6/13/14,6/13/14,,2/28/14
108-VN-T30,FPQ-4720,SCMS-62370,ASN-6189,Vietnam,PMO - US,Direct Drop,FCA,Air,ARV,Adult,ABBVIE LOGISTICS (FORMERLY ABBOTT LOGISTICS BV),"Lopinavir/Ritonavir 200/50mg [Aluvia], tablets, 120 Tabs",Lopinavir/Ritonavir,Aluvia,200/50mg,Tablet,ABBVIE Ludwigshafen Germany,37506,120,4165,342363,82.2,0.68,738.13,1010,5417.87,TRUE,3/22/10,3/22/10,,1/11/10
161-ZA-T30,FPQ-6262,SCMS-83770,ASN-9945,South Africa,PMO - US,Direct Drop,DDP,Ocean,ARV,Adult,Aurobindo Pharma Limited,"Lamivudine 150mg, tablets, 60 Tabs",Lamivudine,Generic,150mg,Tablet,"Aurobindo Unit III, India",37519,60,136403,323275.12,2.37,0.04,696.98,,,FALSE,4/26/11,4/26/11,,9/24/10
108-VN-T30,FPQ-10643,SCMS-160990,ASN-17709,Vietnam,PMO - US,Direct Drop,EXW,Air,ARV,Adult,MICRO LABS LIMITED,"Lamivudine 150mg, tablets, 60 Tabs",Lamivudine,Generic,150mg,Tablet,"Micro labs, Verna, Goa, India",37526,60,13570,24968.8,1.84,0.03,35.01,568,1646.5,TRUE,2/4/13,2/4/13,,9/24/12
161-ZA-T30,FPQ-5303,SCMS-68952,ASN-7507,South Africa,PMO - US,Direct Drop,DDP,Air,ARV,Pediatric,Aurobindo Pharma Limited,"Lamivudine 10mg/ml, oral solution w/syringe, Bottle, 240 ml",Lamivudine,Generic,10mg/ml,Oral solution,"Aurobindo Unit III, India",37531,240,3184,9552,3,0.01,20.59,1205,3283.62,TRUE,8/24/10,8/24/10,,3/19/10
104-CI-T30,FPQ-6037,SCMS-80620,ASN-8761,Côte d'Ivoire,PMO - US,Direct Drop,EXW,Air,HRDT,HIV test,"CHEMBIO DIAGNOSTIC SYSTEMS, INC.","HIV 1/2, Stat-Pak HIV, Kit, 20 Tests","HIV 1/2, Stat-Pak HIV, Kit",Stat-Pak,N/A,Test kit,Chembio Diagnostics Sys. Inc.,37578,20,2825,76275,27,1.35,164.45,1038,3360.75,TRUE,11/24/10,11/24/10,,7/30/10
103-ZW-T30,FPQ-13969,SCMS-239170,ASN-26975,Zimbabwe,PMO - US,Direct Drop,EXW,Ocean,ARV,Pediatric,ABBVIE LOGISTICS (FORMERLY ABBOTT LOGISTICS BV),"Lopinavir/Ritonavir 100/25mg [Aluvia], tablets, 60 Tabs",Lopinavir/Ritonavir,Generic,100/25mg,Tablet,ABBVIE Ludwigshafen Germany,37612,60,41840,248529.6,5.94,0.1,255.49,4528,25189.51,TRUE,9/10/14,9/10/14,,5/15/14
101-CD-T30,FPQ-16001,SCMS-280220,ASN-32231,"Congo, DRC",PMO - US,Direct Drop,EXW,Air,HRDT,HIV test,"Orgenics, Ltd","HIV 1/2, Determine Complete HIV Kit, 100 Tests","HIV 1/2, Determine Complete HIV Kit",Determine,N/A,Test kit,"Alere Medical Co., Ltd.",37624,100,776,62080,80,0.8,73.07,,,FALSE,7/23/15,7/23/15,,3/17/15
200-ZW-T30,FPQ-6488,SCMS-90650,ASN-10818,Zimbabwe,PMO - US,Direct Drop,FCA,Air,ARV,Pediatric,ABBVIE LOGISTICS (FORMERLY ABBOTT LOGISTICS BV),"Lopinavir/Ritonavir 80/20mg/ml [Kaletra], oral solution, cool, Bottle 5 x 60 ml",Lopinavir/Ritonavir,Kaletra,80/20mg/ml,Oral solution,ABBVIE (Abbott) Logis. UK,37650,300,1083,39161.28,36.16,0.12,84.43,1257,22837.98,TRUE,7/12/11,7/12/11,,11/10/10
133-NG-T30,FPQ-10765,SCMS-162440,ASN-17529,Nigeria,PMO - US,Direct Drop,EXW,Air,HRDT,HIV test,"Orgenics, Ltd","HIV 1/2, Determine Complete HIV Kit, 100 Tests","HIV 1/2, Determine Complete HIV Kit",Determine,N/A,Test kit,"Alere Medical Co., Ltd.",37664,100,2744,244216,89,0.89,342.39,1186,24927.19,TRUE,1/9/13,1/10/13,,10/16/12
116-ZA-T30,FPQ-12522,SCMS-199289,ASN-28036,South Africa,PMO - US,Direct Drop,DDP,Truck,ARV,Adult,S. BUYS WHOLESALER,"Nevirapine 200mg, tablets, 60 Tabs",Nevirapine,Generic,200mg,Tablet,"Aurobindo Unit III, India",37720,60,121,2368.94,19.58,0.33,2.93,,,FALSE,8/29/14,8/29/14,,8/29/14
101-CD-T30,FPQ-16001,SCMS-280210,ASN-31750,"Congo, DRC",PMO - US,Direct Drop,EXW,Air,HRDT,HIV test,"Trinity Biotech, Plc","HIV 1/2, Uni-Gold HIV Kit, 20 Tests","HIV 1/2, Uni-Gold HIV Kit",Uni-Gold,N/A,Test kit,"Trinity Biotech, Plc",37752,20,65,2080,32,1.6,2.45,,,FALSE,7/2/15,7/2/15,,3/16/15
108-VN-T30,FPQ-11417,SCMS-174410,ASN-18761,Vietnam,PMO - US,Direct Drop,EXW,Air,ARV,Adult,HETERO LABS LIMITED,"Nevirapine 200mg, tablets, 60 Tabs",Nevirapine,Generic,200mg,Tablet,Hetero Unit III Hyderabad IN,37753,60,23003,50836.63,2.21,0.04,62.88,1483,11346.48,TRUE,6/5/13,6/5/13,,1/22/13
116-ZA-T30,FPQ-3596,SCMS-50372,ASN-6124,South Africa,PMO - US,Direct Drop,DDP,Truck,ARV,Adult,S. BUYS WHOLESALER,"Stavudine 30mg, capsules, 60 Caps",Stavudine,Generic,30mg,Capsule,"Aurobindo Unit III, India",37775,60,8000,36968.24,4.62,0.08,72.46,,,TRUE,1/27/10,1/27/10,,9/22/09
116-ZA-T30,FPQ-13973,SCMS-238556,ASN-31854,South Africa,PMO - US,Direct Drop,DDP,Truck,ARV,Adult,PHARMACY DIRECT,"Tenofovir Disoproxil Fumarate 300mg, tablets, 30 Tabs",Tenofovir Disoproxil Fumarate,Generic,300mg,Tablet,Mylan (formerly Matrix) Nashik,37820,30,60,1147.25,19.12,0.64,1.18,,,FALSE,4/28/15,4/28/15,,4/28/15
108-VN-T30,FPQ-12539,SCMS-199710,ASN-23182,Vietnam,PMO - US,Direct Drop,FCA,Air,ARV,Adult,ABBVIE LOGISTICS (FORMERLY ABBOTT LOGISTICS BV),"Lopinavir/Ritonavir 200/50mg [Aluvia], tablets, 120 Tabs",Lopinavir/Ritonavir,Aluvia,200/50mg,Tablet,ABBVIE Ludwigshafen Germany,37829,120,7067,429814.94,60.82,0.51,531.68,,,FALSE,1/8/14,1/8/14,,7/30/13
107-RW-T30,FPQ-12518,SCMS-198220,ASN-21423,Rwanda,PMO - US,Direct Drop,EXW,Air,HRDT,HIV test,"SHANGHAI KEHUA BIOENGINEERING CO.,LTD.  (KHB)","HIV 1/2, SKB Colloidal Gold, Diagnostic Kit, Antibody, 50 Tests","HIV 1/2, Colloidal Gold, Diagnostic Kit, Antibody",Colloidal Gold,N/A,Test kit,"KHB Test Kit Facility, Shanghai China",37835,1,28000,686000,24.5,24.5,848.58,18667,289653.2,TRUE,9/20/13,9/20/13,,8/9/13
108-VN-T30,FPQ-7898,SCMS-113621,ASN-14065,Vietnam,PMO - US,Direct Drop,EXW,Air,ARV,Adult,STRIDES ARCOLAB LIMITED,"Efavirenz 600mg, tablets, 30 Tabs",Efavirenz,Generic,600mg,Tablet,"Strides, Bangalore, India.",37868,30,21146,86698.6,4.1,0.14,143.05,1301,5664.49,TRUE,4/13/12,4/13/12,,7/8/11
108-VN-T30,FPQ-12539,SCMS-199740,ASN-22827,Vietnam,PMO - US,Direct Drop,EXW,Air,ARV,Adult,CIPLA LIMITED,"Lamivudine/Nevirapine/Zidovudine 150/200/300mg, tablets, 60 Tabs",Lamivudine/Nevirapine/Zidovudine,Generic,150/300/200mg,Tablet - FDC,"Cipla, Goa, India",37872,60,10762,87172.2,8.1,0.13,107.83,1485,2702.63,TRUE,12/12/13,12/12/13,,7/25/13
161-ZA-T30,FPQ-5303,SCMS-68720,ASN-7593,South Africa,PMO - US,Direct Drop,DDP,Air,ARV,Adult,CIPLA LIMITED,"Tenofovir Disoproxil Fumarate 300mg, tablets, 30 Tabs",Tenofovir Disoproxil Fumarate,Generic,300mg,Tablet,"Cipla, Goa, India",37887,30,63785,498798.7,7.82,0.26,1075.41,4141,5404.34,TRUE,7/19/10,10/13/10,,3/19/10
109-TZ-T30,FPQ-13945,SCMS-235360,ASN-26124,Tanzania,PMO - US,Direct Drop,EXW,Air,HRDT,HIV test,"Trinity Biotech, Plc","HIV 1/2, Uni-Gold HIV Kit, 20 Tests","HIV 1/2, Uni-Gold HIV Kit",Uni-Gold,N/A,Test kit,"Trinity Biotech, Plc",37924,20,369,11808,32,1.6,12.14,113,1661.01,TRUE,7/15/14,7/15/14,,5/6/14
161-ZA-T30,FPQ-5303,SCMS-68910,ASN-7468,South Africa,PMO - US,Direct Drop,DDP,Air,ARV,Adult,Aurobindo Pharma Limited,"Efavirenz 600mg, tablets, 30 Tabs",Efavirenz,Generic,600mg,Tablet,"Aurobindo Unit III, India",37925,30,25190,117637.3,4.67,0.16,253.63,2131,5886.9,TRUE,8/24/10,8/4/10,,3/19/10
103-ZW-T30,FPQ-9905,SCMS-148300,ASN-17258,Zimbabwe,PMO - US,Direct Drop,FCA,Air,ARV,Pediatric,ABBVIE LOGISTICS (FORMERLY ABBOTT LOGISTICS BV),"Lopinavir/Ritonavir 80/20mg/ml [Kaletra], oral solution, cool, Bottle 5 x 60 ml",Lopinavir/Ritonavir,Kaletra,80/20mg/ml,Oral solution,ABBVIE (Abbott) Logis. UK,37960,300,1500,46230,30.82,0.1,64.81,1374,21730.49,TRUE,12/13/12,12/13/12,,7/18/12
108-VN-T30,FPQ-6818,SCMS-98050,ASN-11023,Vietnam,PMO - US,Direct Drop,EXW,Air,ARV,Adult,MYLAN LABORATORIES LTD (FORMERLY MATRIX LABORATORIES),"Nevirapine 200mg, tablets, 60 Tabs",Nevirapine,Generic,200mg,Tablet,Mylan (formerly Matrix) Nashik,37963,60,1556,4045.6,2.6,0.04,6.68,2113,10784.69,TRUE,6/22/11,6/22/11,,2/15/11
103-ZW-T30,FPQ-9905,SCMS-148290,ASN-16417,Zimbabwe,PMO - US,Direct Drop,FCA,Air,ARV,Pediatric,ABBVIE LOGISTICS (FORMERLY ABBOTT LOGISTICS BV),"Lopinavir/Ritonavir 80/20mg/ml [Kaletra], oral solution, cool, Bottle 5 x 60 ml",Lopinavir/Ritonavir,Kaletra,80/20mg/ml,Oral solution,ABBVIE (Abbott) Logis. UK,37979,300,1500,46230,30.82,0.1,64.81,1374,15593.13,TRUE,11/8/12,11/8/12,,7/18/12
161-ZA-T30,FPQ-5648,SCMS-75990,ASN-8794,South Africa,PMO - US,Direct Drop,DDP,Ocean,ARV,Adult,Aurobindo Pharma Limited,"Tenofovir Disoproxil Fumarate 300mg, tablets, 30 Tabs",Tenofovir Disoproxil Fumarate,Generic,300mg,Tablet,"Aurobindo Unit III, India",37987,30,3619,25007.29,6.91,0.23,53.92,338,6147.09,TRUE,1/12/11,1/12/11,,6/17/10
103-ML-T30,FPQ-15006,SCMS-260760,ASN-30806,Mali,PMO - US,Direct Drop,EXW,Air,HRDT,HIV test,"Orgenics, Ltd","HIV 1/2, Determine Complete HIV Kit, 100 Tests","HIV 1/2, Determine Complete HIV Kit",Determine,N/A,Test kit,"Alere Medical Co., Ltd.",37994,100,434,34720,80,0.8,35.69,169,4498.98,TRUE,4/4/15,4/4/15,,11/19/14
104-CI-T30,FPQ-6998,SCMS-97570,ASN-9882,Côte d'Ivoire,PMO - US,Direct Drop,FCA,Air,ARV,Adult,ABBVIE LOGISTICS (FORMERLY ABBOTT LOGISTICS BV),"Lopinavir/Ritonavir 200/50mg [Aluvia], tablets, 120 Tabs",Lopinavir/Ritonavir,Aluvia,200/50mg,Tablet,ABBVIE Ludwigshafen Germany,37997,120,20280,733324.8,36.16,0.3,1209.99,5089,31318.31,TRUE,3/15/11,3/15/11,,1/21/11
116-ZA-T30,FPQ-14942,SCMS-259077,ASN-33477,South Africa,PMO - US,Direct Drop,DDP,Truck,ARV,Adult,PHARMACY DIRECT,"Abacavir 300mg, tablets, 60 Tabs",Abacavir,Generic,300mg,Tablet,"Aurobindo Unit III, India",38021,60,33,1645.14,49.85,0.83,1.69,,,FALSE,7/24/15,7/24/15,,10/9/14
106-HT-T30,FPQ-14895,SCMS-258590,ASN-29615,Haiti,PMO - US,Direct Drop,EXW,Air,ARV,Pediatric,Aurobindo Pharma Limited,"Nevirapine 50mg, dispersible tablets (tablets for oral suspension), 30 Tabs",Nevirapine,Generic,50mg,Chewable/dispersible tablet,"Aurobindo Unit III, India",38045,30,2118,2647.5,1.25,0.04,2.72,134,1987.82,TRUE,1/5/15,1/5/15,,11/14/14
116-ZA-T30,FPQ-13973,SCMS-238551,ASN-26882,South Africa,PMO - US,Direct Drop,DDP,Truck,ARV,Adult,PHARMACY DIRECT,"Didanosine 250mg, delayed-release capsules, 30 Caps",Didanosine,Generic,250mg,Delayed-release capsules,"Aurobindo Unit III, India",38095,30,5,76.23,15.25,0.51,0.08,,,FALSE,6/25/14,6/25/14,,6/25/14
106-HT-T30,FPQ-14083,SCMS-240160,ASN-27525,Haiti,PMO - US,Direct Drop,EXW,Ocean,ARV,Adult,HETERO LABS LIMITED,"Lamivudine/Tenofovir Disoproxil Fumarate 300/300mg, tablets, 30 Tabs",Lamivudine/Tenofovir Disoproxil Fumarate,Generic,300/300mg,Tablet - FDC,Hetero Unit III Hyderabad IN,38099,30,33936,156784.31,4.62,0.15,161.17,14925,22100.46,TRUE,10/30/14,10/30/14,,6/2/14
114-UG-T30,FPQ-15674,SCMS-277510,ASN-32498,Uganda,PMO - US,Direct Drop,EXW,Air,ARV,Adult,MYLAN LABORATORIES LTD (FORMERLY MATRIX LABORATORIES),"Atazanavir/Ritonavir 300/100mg, tablets, 30 Tabs",Atazanavir/Ritonavir,Generic,300/100mg,Tablet,Mylan (formerly Matrix) Nashik,38111,30,12370,241215,19.5,0.65,283.91,1652,7172.9,TRUE,6/20/15,6/20/15,,2/23/15
107-RW-T30,FPQ-10092,SCMS-149420,ASN-15288,Rwanda,PMO - US,Direct Drop,EXW,Air,ARV,Adult,Aurobindo Pharma Limited,"Nevirapine 200mg, tablets, 60 Tabs",Nevirapine,Generic,200mg,Tablet,"Aurobindo Unit III, India",38120,60,22500,52875,2.35,0.04,74.13,2145,17858.68,TRUE,6/29/12,6/29/12,,6/12/12
111-MZ-T30,FPQ-8527,SCMS-130160,ASN-13822,Mozambique,PMO - US,Direct Drop,EXW,Air,HRDT,HIV test,"Orgenics, Ltd","HIV 1/2, Determine Complete HIV Kit, 100 Tests","HIV 1/2, Determine Complete HIV Kit",Determine,N/A,Test kit,"Alere Medical Co., Ltd.",38157,100,1133,90640,80,0.8,149.56,539,10925.46,TRUE,5/2/12,5/2/12,,12/29/11
104-CI-T30,FPQ-12622,SCMS-201211,ASN-23979,Côte d'Ivoire,PMO - US,Direct Drop,EXW,Air,HRDT,HIV test,"Standard Diagnostics, Inc.","HIV 1/2, Bioline 3.0 Kit, Lancets, Capillary pipets, Alcohol swabs included, 25 Tests","HIV 1/2, Bioline 3.0 Kit, Lancets, Capillary pipets, Alcohol swabs included",Bioline,N/A,Test kit,"Standard Diagnostics, Korea",38183,25,2400,49200,20.5,0.82,60.86,831,9254.06,TRUE,1/31/14,1/31/14,,8/15/13
133-NG-T30,FPQ-10765,SCMS-162440,ASN-17526,Nigeria,PMO - US,Direct Drop,EXW,Air,HRDT,HIV test,"Orgenics, Ltd","HIV 1/2, Determine Complete HIV Kit, 100 Tests","HIV 1/2, Determine Complete HIV Kit",Determine,N/A,Test kit,"Alere Medical Co., Ltd.",38192,100,2744,244216,89,0.89,342.39,1186,24927.19,TRUE,1/9/13,1/8/13,,10/16/12
113-ZW-T30,FPQ-7521,SCMS-108010,ASN-15475,Zimbabwe,PMO - US,Direct Drop,EXW,Air,HRDT,HIV test,"Orgenics, Ltd","HIV 1/2, Determine Complete HIV Kit, 100 Tests","HIV 1/2, Determine Complete HIV Kit",Determine,N/A,Test kit,Inverness Japan,38237,100,4309,344720,80,0.8,568.79,2124,40520.83,TRUE,7/23/12,7/23/12,,5/5/11
116-ZA-T30,FPQ-13973,SCMS-238555,ASN-29257,South Africa,PMO - US,Direct Drop,DDP,Truck,ARV,Adult,PHARMACY DIRECT,"Didanosine 400mg, delayed-release capsules, 30 Caps",Didanosine,Generic,400mg,Delayed-release capsules,"Aurobindo Unit III, India",38243,30,7,137.73,19.68,0.66,0.14,,,FALSE,11/5/14,11/5/14,,11/4/14
105-GY-T30,FPQ-12057,SCMS-189030,ASN-20003,Guyana,PMO - US,Direct Drop,EXW,Air,ARV,Pediatric,Aurobindo Pharma Limited,"Zidovudine 100mg, capsules, 100 Caps",Zidovudine,Generic,100mg,Capsule,"Aurobindo Unit III, India",38247,100,118,542.8,4.6,0.05,0.67,16,693.16,TRUE,7/1/13,7/1/13,,5/23/13
108-VN-T30,FPQ-6818,SCMS-97852,ASN-11311,Vietnam,PMO - US,Direct Drop,EXW,Air,ARV,Adult,MYLAN LABORATORIES LTD (FORMERLY MATRIX LABORATORIES),"Tenofovir Disoproxil Fumarate 300mg, tablets, 30 Tabs",Tenofovir Disoproxil Fumarate,Generic,300mg,Tablet,Mylan (formerly Matrix) Nashik,38253,30,8388,54522,6.5,0.22,89.96,544,9141.18,TRUE,7/27/11,7/27/11,,2/15/11
101-CD-T30,FPQ-12073,SCMS-186710,ASN-20472,"Congo, DRC",PMO - US,Direct Drop,EXW,Air,HRDT,HIV test,"Orgenics, Ltd","HIV 1/2, Determine Complete HIV Kit, 100 Tests","HIV 1/2, Determine Complete HIV Kit",Determine,N/A,Test kit,"Alere Medical Co., Ltd.",38266,100,2917,233360,80,0.8,288.67,1361,24410.67,TRUE,9/20/13,9/20/13,,5/8/13
161-ZA-T30,FPQ-7175,SCMS-104100,ASN-13302,South Africa,PMO - US,Direct Drop,DDP,Ocean,ARV,Adult,CIPLA LIMITED,"Nevirapine 200mg, tablets, 60 Tabs",Nevirapine,Generic,200mg,Tablet,"Cipla, Goa, India",38273,60,96770,263214.4,2.72,0.05,434.3,10536,4957.81,TRUE,1/12/12,1/27/12,,3/28/11
116-ZA-T30,FPQ-13035,SCMS-215370,ASN-24415,South Africa,PMO - US,Direct Drop,DDP,Truck,ARV,Pediatric,S. BUYS WHOLESALER,"Lamivudine 10mg/ml, oral solution w/syringe, Bottle, 240 ml",Lamivudine,Generic,10mg/ml,Oral solution,"Aurobindo Unit III, India",38293,240,78,522.23,6.7,0.03,0.65,,,FALSE,2/6/14,2/6/14,,12/2/13
106-HT-T30,FPQ-12590,SCMS-210480,ASN-23855,Haiti,PMO - US,Direct Drop,EXW,Ocean,ARV,Adult,CIPLA LIMITED,"Lamivudine/Tenofovir Disoproxil Fumarate 300/300mg, tablets, 30 Tabs",Lamivudine/Tenofovir Disoproxil Fumarate,Generic,300/300mg,Tablet - FDC,"Cipla, Kurkumbh, India",38294,30,4176,19209.6,4.6,0.15,23.76,426,2251.94,TRUE,5/9/14,5/9/14,,10/24/13
108-VN-T30,FPQ-10811,SCMS-164580,ASN-18662,Vietnam,PMO - US,Direct Drop,EXW,Air,ARV,Adult,HETERO LABS LIMITED,"Zidovudine 300mg, tablets, 60 Tabs",Zidovudine,Generic,300mg,Tablet,Hetero Unit III Hyderabad IN,38299,60,418,2403.5,5.75,0.1,2.97,1089,2006.63,TRUE,4/3/13,4/3/13,,11/7/12
106-HT-T30,FPQ-16241,SCMS-289480,ASN-32512,Haiti,PMO - US,Direct Drop,EXW,Air,ARV,Pediatric,Aurobindo Pharma Limited,"Nevirapine 50mg, dispersible tablets (tablets for oral suspension), 30 Tabs",Nevirapine,Generic,50mg,Chewable/dispersible tablet,"Aurobindo Unit III, India",38308,30,2303,2878.75,1.25,0.04,3.39,143,2251.42,TRUE,7/2/15,7/2/15,,5/29/15
114-UG-T30,FPQ-4373,SCMS-58230,ASN-6154,Uganda,PMO - US,Direct Drop,FCA,Air,ARV,Adult,ABBVIE LOGISTICS (FORMERLY ABBOTT LOGISTICS BV),"Ritonavir 100mg [Norvir], capsules, cool, 4 x 84 Caps",Ritonavir,Norvir,100mg,Capsule,ABBVIE (Abbott) Logis. UK,38312,336,21,805.56,38.36,0.11,1.58,58,776.62,TRUE,3/10/10,3/10/10,,12/2/09
114-UG-T30,FPQ-10788,SCMS-162720,ASN-18773,Uganda,PMO - US,Direct Drop,CIP,Air,ARV,Adult,MERCK SHARP & DOHME IDEA GMBH (FORMALLY MERCK SHARP & DOHME B.V.),"Raltegravir 400mg [Isentress], tablets, 60 Tabs",Raltegravir,Isentress,400mg,Tablet,"MSD, Haarlem, NL",38318,60,786,43623,55.5,0.92,53.96,79,2158.88,TRUE,4/11/13,4/11/13,,10/25/12
161-ZA-T30,FPQ-5303,SCMS-68950,ASN-7080,South Africa,PMO - US,Direct Drop,DDP,Air,ARV,Adult,Aurobindo Pharma Limited,"Nevirapine 200mg, tablets, 60 Tabs",Nevirapine,Generic,200mg,Tablet,"Aurobindo Unit III, India",38368,60,38400,112128,2.92,0.05,241.75,4528,6369.79,TRUE,6/9/10,7/7/10,,3/19/10
901-CM-T30,FPQ-12837,SCMS-204300,ASN-21700,Cameroon,PMO - US,Direct Drop,EXW,Air,ARV,Adult,Aurobindo Pharma Limited,"Nevirapine 200mg, tablets, 60 Tabs",Nevirapine,Generic,200mg,Tablet,"Aurobindo Unit III, India",38396,60,38976,87696,2.25,0.04,108.48,4117,35943.58,TRUE,10/18/13,10/18/13,,8/23/13
109-TZ-T30,FPQ-6936,SCMS-100640,ASN-10166,Tanzania,PMO - US,Direct Drop,EXW,Air,HRDT,HIV test,"Trinity Biotech, Plc","HIV 1/2, Uni-Gold HIV Kit, 20 Tests","HIV 1/2, Uni-Gold HIV Kit",Uni-Gold,N/A,Test kit,"Trinity Biotech, Plc",38409,20,625,20000,32,1.6,33,200,2918.12,TRUE,4/26/11,4/26/11,,2/25/11
133-NG-T30,FPQ-14305,SCMS-240830,ASN-27471,Nigeria,PMO - US,Direct Drop,EXW,Air,HRDT,HIV test,"Orgenics, Ltd","HIV 1/2, Determine Complete HIV Kit, 100 Tests","HIV 1/2, Determine Complete HIV Kit",Determine,N/A,Test kit,"Alere Medical Co., Ltd.",38417,100,5884,523676,89,0.89,538.34,3435,34730.62,TRUE,8/19/14,8/27/14,,6/2/14
116-ZA-T30,FPQ-14942,SCMS-259075,ASN-32122,South Africa,PMO - US,Direct Drop,DDP,Truck,ARV,Adult,PHARMACY DIRECT,"Lamivudine 150mg, tablets, 60 Tabs",Lamivudine,Generic,150mg,Tablet,"Aurobindo Unit III, India",38418,60,56,369.98,6.61,0.11,0.38,,,FALSE,5/12/15,5/12/15,,5/11/15
105-DO-T30,FPQ-13790,SCMS-231360,ASN-25470,Dominican Republic,PMO - US,Direct Drop,EXW,Air,HRDT,HIV test,"Orgenics, Ltd","HIV 1/2, Determine Complete HIV Kit, 100 Tests","HIV 1/2, Determine Complete HIV Kit",Determine,N/A,Test kit,"Alere Medical Co., Ltd.",38431,100,2400,230400,96,0.96,236.85,978,10159.15,TRUE,4/24/14,4/24/14,,3/20/14
108-VN-T30,FPQ-11418,SCMS-176230,ASN-19651,Vietnam,PMO - US,Direct Drop,EXW,Air,ARV,Adult,MICRO LABS LIMITED,"Efavirenz 600mg, tablets, 30 Tabs",Efavirenz,Generic,600mg,Tablet,"Micro labs, Verna, Goa, India",38480,30,7882,25458.86,3.23,0.11,31.49,472,6969.97,TRUE,6/21/13,6/21/13,,2/5/13
102-SD-T30,FPQ-8261,SCMS-120473,ASN-13349,Sudan,PMO - US,Direct Drop,EXW,Air,HRDT,HIV test,"Trinity Biotech, Plc","HIV 1/2, Uni-Gold HIV Kit, 20 Tests","HIV 1/2, Uni-Gold HIV Kit",Uni-Gold,N/A,Test kit,"Trinity Biotech, Plc",38504,20,10,320,32,1.6,0.53,4,593.8,TRUE,2/7/12,2/7/12,,9/7/11
116-ZA-T30,FPQ-11828,SCMS-183950,ASN-19166,South Africa,South Africa Field Office,Direct Drop,DDP,Truck,ARV,Adult,S. BUYS WHOLESALER,"Zidovudine 300mg [Retrovir], tablets, 60 Tabs",Zidovudine,Retrovir,300mg,Tablet,GSK Aranda,38507,60,13,242.73,18.67,0.31,0.3,,,FALSE,4/16/13,4/16/13,,
106-HT-T30,FPQ-16241,SCMS-288890,ASN-32682,Haiti,PMO - US,Direct Drop,EXW,Ocean,ARV,Adult,HETERO LABS LIMITED,"Lamivudine/Nevirapine/Zidovudine 150/200/300mg, tablets, 60 Tabs",Lamivudine/Nevirapine/Zidovudine,Generic,150/300/200mg,Tablet - FDC,"Hetero, Jadcherla, unit 5, IN",38510,60,55536,449841.6,8.1,0.13,529.46,,,TRUE,8/13/15,8/13/15,,5/27/15
108-VN-T30,FPQ-10811,SCMS-164560,ASN-18406,Vietnam,PMO - US,Direct Drop,EXW,Air,ARV,Adult,MYLAN LABORATORIES LTD (FORMERLY MATRIX LABORATORIES),"Efavirenz/Lamivudine/Tenofovir Disoproxil Fumarate 600/300/300mg, tablets, 30 Tabs",Efavirenz/Lamivudine/Tenofovir Disoproxil Fumarate,Generic,600/300/300mg,Tablet - FDC,Mylan (formerly Matrix) Nashik,38538,30,16611,190860.39,11.49,0.38,236.09,,,FALSE,3/13/13,3/13/13,,11/7/12
900-SS-T30,FPQ-10504,SCMS-157880,ASN-16852,South Sudan,PMO - US,Direct Drop,EXW,Air,HRDT,HIV test,"Orgenics, Ltd","HIV 1/2, Determine Complete HIV Kit, 100 Tests","HIV 1/2, Determine Complete HIV Kit",Determine,N/A,Test kit,"Alere Medical Co., Ltd.",38567,100,624,55536,89,0.89,77.86,,,FALSE,12/13/12,12/13/12,,8/21/12
108-VN-T30,FPQ-15823,SCMS-277330,ASN-33152,Vietnam,PMO - US,Direct Drop,FCA,Air,ARV,Adult,ABBVIE LOGISTICS (FORMERLY ABBOTT LOGISTICS BV),"Ritonavir 100mg [Norvir], film coated tablets, 30 Tabs",Ritonavir,Norvir,100mg,Tablet,ABBVIE Ludwigshafen Germany,38571,30,100,2326,23.26,0.78,2.74,,,TRUE,8/13/15,8/13/15,,3/4/15
116-ZA-T30,FPQ-5535,SCMS-71490,ASN-7428,South Africa,PMO - US,Direct Drop,DDP,Truck,ARV,Adult,S. BUYS WHOLESALER,"Ritonavir 100mg [Norvir], capsules, cool, 84 Caps",Ritonavir,Norvir,100mg,Capsule,ABBVIE (Abbott) Logis. UK,38573,84,30,330.11,11,0.13,0.71,,,FALSE,6/11/10,6/11/10,,4/21/10
107-RW-T30,FPQ-4954,SCMS-64480,ASN-7476,Rwanda,PMO - US,Direct Drop,CIP,Air,ARV,Adult,Aurobindo Pharma Limited,"Didanosine 250mg, delayed-release capsules, 30 Caps",Didanosine,Generic,250mg,Delayed-release capsules,"Aurobindo Unit III, India",38590,30,599,7966.7,13.3,0.44,17.18,41,717,TRUE,7/13/10,7/13/10,,2/9/10
110-ZM-T30,FPQ-4691,SCMS-60711,ASN-6612,Zambia,PMO - US,Direct Drop,EXW,Air,HRDT,HIV test,"Orgenics, Ltd","HIV 1/2, Determine Complete HIV Kit, 100 Tests","HIV 1/2, Determine Complete HIV Kit",Determine,N/A,Test kit,Inverness Japan,38596,100,2807,202104,72,0.72,435.74,1360,20067.34,TRUE,5/3/10,5/3/10,,12/22/09
116-ZA-T30,FPQ-12522,SCMS-199289,ASN-28036,South Africa,PMO - US,Direct Drop,DDP,Truck,ARV,Adult,S. BUYS WHOLESALER,"Abacavir 300mg, tablets, 60 Tabs",Abacavir,Generic,300mg,Tablet,"Aurobindo Unit III, India",38600,60,118,8980.79,76.11,1.27,11.11,,,FALSE,8/29/14,8/29/14,,8/29/14
901-NA-T30,FPQ-14689,SCMS-253440,ASN-29095,Namibia,PMO - US,Direct Drop,EXW,Air,ARV,Adult,HETERO LABS LIMITED,"Lamivudine/Nevirapine/Zidovudine 150/200/300mg, tablets, 60 Tabs",Lamivudine/Nevirapine/Zidovudine,Generic,150/300/200mg,Tablet - FDC,"Hetero, Jadcherla, unit 5, IN",38611,60,33696,279339.84,8.29,0.14,287.16,4262,27262.44,TRUE,11/19/14,11/19/14,,8/29/14
105-SS-T30,FPQ-14470,SCMS-245230,ASN-27241,South Sudan,PMO - US,Direct Drop,EXW,Air,HRDT,HIV test,"Trinity Biotech, Plc","HIV 1/2, Uni-Gold HIV Kit, 20 Tests","HIV 1/2, Uni-Gold HIV Kit",Uni-Gold,N/A,Test kit,"Trinity Biotech, Plc",38613,20,35,1120,32,1.6,1.15,,,FALSE,9/29/14,9/29/14,,7/1/14
106-HT-T30,FPQ-14895,SCMS-261120,ASN-30809,Haiti,PMO - US,Direct Drop,EXW,Air,ARV,Adult,MYLAN LABORATORIES LTD (FORMERLY MATRIX LABORATORIES),"Lamivudine/Nevirapine/Zidovudine 150/200/300mg, tablets, 60 Tabs",Lamivudine/Nevirapine/Zidovudine,Generic,150/300/200mg,Tablet - FDC,Mylan (formerly Matrix) Nashik,38619,60,24992,202435.2,8.1,0.13,208.1,3458,19839.26,TRUE,3/27/15,3/27/15,,11/14/14
106-HT-T30,FPQ-14083,SCMS-240130,ASN-28761,Haiti,PMO - US,Direct Drop,EXW,Ocean,ARV,Adult,MICRO LABS LIMITED,"Lamivudine 150mg, tablets, 60 Tabs",Lamivudine,Generic,150mg,Tablet,"Micro labs, Verna, Goa, India",38632,60,960,1651.2,1.72,0.03,1.7,8385,12336.45,TRUE,1/9/15,1/9/15,,6/2/14
102-MW-T30,FPQ-9568,SCMS-144180,ASN-15302,Malawi,PMO - US,Direct Drop,EXW,Air,HRDT,HIV test,"Orgenics, Ltd","HIV 1/2, Determine Complete HIV Kit, 100 Tests","HIV 1/2, Determine Complete HIV Kit",Determine,N/A,Test kit,"Alere Medical Co., Ltd.",38662,100,246,19680,80,0.8,27.59,114,3278.11,TRUE,7/4/12,7/4/12,,4/23/12
161-ZA-T30,FPQ-7400,SCMS-104200,ASN-11475,South Africa,PMO - US,Direct Drop,DDP,Ocean,ARV,Pediatric,GLAXOSMITHKLINE EXPORT LIMITED,"Abacavir 20mg/ml [Ziagen], oral solution, Bottle, 240 ml",Abacavir,Ziagen,20mg/ml,Oral solution,GSK Mississauga (Canada),38759,240,20000,185600,9.28,0.04,306.24,7683,7073.56,TRUE,9/24/11,9/24/11,,3/30/11
151-NG-T30,FPQ-7339,SCMS-104040,ASN-10453,Nigeria,PMO - US,Direct Drop,EXW,Air,ARV,Pediatric,Aurobindo Pharma Limited,"Nevirapine 10mg/ml, oral suspension w/syringe, Bottle, 240 ml",Nevirapine,Generic,10mg/ml,Oral suspension,"Aurobindo Unit III, India",38762,240,4000,7800,1.95,0.01,12.87,1573,9316.91,TRUE,4/18/11,4/18/11,,3/25/11
113-ZW-T30,FPQ-7521,SCMS-108000,ASN-12242,Zimbabwe,PMO - US,Direct Drop,EXW,Air,HRDT,HIV test,"Orgenics, Ltd","HIV 1/2, Determine Complete HIV Kit, 100 Tests","HIV 1/2, Determine Complete HIV Kit",Determine,N/A,Test kit,Inverness Japan,38793,100,2856,228480,80,0.8,376.99,1102,26846.59,TRUE,10/19/11,10/19/11,,5/5/11
111-MZ-T30,FPQ-10880,SCMS-164000,ASN-18369,Mozambique,PMO - US,Direct Drop,EXW,Air,HRDT,HIV test,"Orgenics, Ltd","HIV 1/2, Determine Complete HIV Kit, 100 Tests","HIV 1/2, Determine Complete HIV Kit",Determine,N/A,Test kit,"Alere Medical Co., Ltd.",38796,100,2938,235040,80,0.8,290.74,1329,13394.09,TRUE,3/20/13,3/20/13,,11/6/12
102-GY-T30,FPQ-5497,SCMS-71640,ASN-6866,Guyana,PMO - US,Direct Drop,EXW,Air,HRDT,HIV test,"CHEMBIO DIAGNOSTIC SYSTEMS, INC.","HIV 1/2, Stat-Pak HIV, Kit, 20 Tests","HIV 1/2, Stat-Pak HIV, Kit",Stat-Pak,N/A,Test kit,Chembio Diagnostics Sys. Inc.,38827,20,5,135,27,1.35,0.29,1,283.21,TRUE,5/28/10,5/28/10,,4/26/10
106-HT-T30,FPQ-7438,SCMS-106610,ASN-10879,Haiti,PMO - US,Direct Drop,EXW,Air,HRDT,HIV test,"SHANGHAI KEHUA BIOENGINEERING CO.,LTD.  (KHB)","HIV 1/2, SKB Colloidal Gold, Diagnostic Kit, Antibody, 50 Tests","HIV 1/2, Colloidal Gold, Diagnostic Kit, Antibody",Colloidal Gold,N/A,Test kit,"KHB Test Kit Facility, Shanghai China",38831,1,260,5980,23,23,9.87,197,2708.04,TRUE,6/6/11,6/6/11,,4/20/11
103-CM-T30,FPQ-16474,SCMS-291910,ASN-33569,Cameroon,PMO - US,Direct Drop,EXW,Air,HRDT,HIV test,"Orgenics, Ltd","HIV 1/2, Determine Complete HIV Kit, 100 Tests","HIV 1/2, Determine Complete HIV Kit",Determine,N/A,Test kit,"Alere Medical Co., Ltd.",38843,100,120,9600,80,0.8,11.3,,,TRUE,8/11/15,8/11/15,,6/25/15
133-NG-T30,FPQ-10765,SCMS-162440,ASN-17523,Nigeria,PMO - US,Direct Drop,EXW,Air,HRDT,HIV test,"Orgenics, Ltd","HIV 1/2, Determine Complete HIV Kit, 100 Tests","HIV 1/2, Determine Complete HIV Kit",Determine,N/A,Test kit,"Alere Medical Co., Ltd.",38913,100,792,70488,89,0.89,98.82,350,8363.61,TRUE,1/9/13,1/9/13,,10/16/12
116-ZA-T30,FPQ-5381,SCMS-69590,ASN-6724,South Africa,PMO - US,Direct Drop,DDP,Truck,ARV,Adult,S. BUYS WHOLESALER,"Emtricitabine/Tenofovir Disoproxil Fumarate 200/300mg [Truvada], tablets, 30 Tabs",Emtricitabine/Tenofovir Disoproxil Fumarate,Truvada,300/200mg,Tablet - FDC,"Aspen-OSD, Port Elizabeth, SA",38914,30,240,11495.46,47.9,1.6,24.78,,,TRUE,4/1/10,4/1/10,,3/25/10
161-ZA-T30,FPQ-6262,SCMS-83880,ASN-10012,South Africa,PMO - US,Direct Drop,DDP,Air,ARV,Pediatric,ASPEN PHARMACARE,"Abacavir 20mg/ml [Ziagen], oral solution, Bottle, 240 ml",Abacavir,Ziagen,20mg/ml,Oral solution,GSK Mississauga (Canada),38949,240,40000,400800,10.02,0.04,864.12,,11770.87,TRUE,3/7/11,3/7/11,,9/21/10
116-ZA-T30,FPQ-14942,SCMS-259079,ASN-33852,South Africa,PMO - US,Direct Drop,DDP,Truck,ARV,Adult,PHARMACY DIRECT,"Didanosine 400mg, delayed-release capsules, 30 Caps",Didanosine,Generic,400mg,Delayed-release capsules,"Aurobindo Unit III, India",38951,30,9,137.45,15.27,0.51,0.14,,,FALSE,8/24/15,8/24/15,,10/9/14
133-NG-T30,FPQ-16302,SCMS-287610,ASN-32234,Nigeria,PMO - US,Direct Drop,EXW,Air,HRDT,HIV test,"Trinity Biotech, Plc","HIV 1/2, Uni-Gold HIV Kit, 20 Tests","HIV 1/2, Uni-Gold HIV Kit",Uni-Gold,N/A,Test kit,"Trinity Biotech, Plc",38955,20,12485,399520,32,1.6,470.24,3655,25636.67,TRUE,6/12/15,6/12/15,,5/12/15
105-SS-T30,FPQ-15569,SCMS-272160,ASN-31338,South Sudan,PMO - US,Direct Drop,EXW,Air,HRDT,HIV test - Ancillary,"Orgenics, Ltd","Chase Buffer, Determine, 100 Tests, 2.5ml x 1 Vial","Chase Buffer, Determine, 100 Tests, 2.5ml x 1 Vial",Determine,N/A,Test kit - Ancillary,"Alere Medical Co., Ltd.",38992,1,100,500,5,5,0.59,,,TRUE,6/3/15,6/3/15,,2/20/15
133-NG-T30,FPQ-7088,SCMS-100510,ASN-10729,Nigeria,PMO - US,Direct Drop,EXW,Air,HRDT,HIV test,"CHEMBIO DIAGNOSTIC SYSTEMS, INC.","HIV 1/2, Stat-Pak HIV, Kit, 20 Tests","HIV 1/2, Stat-Pak HIV, Kit",Stat-Pak,N/A,Test kit,Chembio Diagnostics Sys. Inc.,39014,20,1052,30508,29,1.45,50.34,334,2335.9,TRUE,5/25/11,5/25/11,,3/2/11
116-ZA-T30,FPQ-12522,SCMS-199289,ASN-28037,South Africa,PMO - US,Direct Drop,DDP,Truck,ARV,Pediatric,S. BUYS WHOLESALER,"Lamivudine 10mg/ml, oral solution w/syringe, Bottle, 240 ml",Lamivudine,Generic,10mg/ml,Oral solution,"Aurobindo Unit III, India",39017,240,31,244.58,7.89,0.03,0.3,,,FALSE,8/29/14,8/29/14,,8/29/14
104-CI-T30,FPQ-4698,SCMS-64941,ASN-9384,Côte d'Ivoire,PMO - US,Direct Drop,CIP,Air,ARV,Adult,MERCK SHARP & DOHME IDEA GMBH (FORMALLY MERCK SHARP & DOHME B.V.),"Indinavir 400mg [Crixivan], capsules, 180 Caps",Indinavir,Crixivan,400mg,Capsule,"MSD, Haarlem, NL",39025,180,1015,50750,50,0.28,109.42,257,1167.97,TRUE,1/28/11,1/28/11,,2/12/10
161-ZA-T30,FPQ-6262,SCMS-83770,ASN-10574,South Africa,PMO - US,Direct Drop,DDP,Ocean,ARV,Adult,Aurobindo Pharma Limited,"Efavirenz 600mg, tablets, 30 Tabs",Efavirenz,Generic,600mg,Tablet,"Aurobindo Unit III, India",39029,30,20060,90871.8,4.53,0.15,195.92,1726,35753.93,TRUE,4/26/11,6/8/11,,9/24/10
161-ZA-T30,FPQ-6262,SCMS-83790,ASN-9176,South Africa,PMO - US,Direct Drop,DDP,Ocean,ARV,Pediatric,Aurobindo Pharma Limited,"Efavirenz 200mg, capsule, 90 Caps",Efavirenz,Generic,200mg,Capsule,"Aurobindo Unit III, India",39045,90,19271,192324.58,9.98,0.11,414.65,2555,2347.77,TRUE,2/1/11,2/1/11,,9/24/10
102-SS-T30,FPQ-9038,SCMS-137190,ASN-14092,South Sudan,PMO - US,Direct Drop,EXW,Air,HRDT,HIV test - Ancillary,"Orgenics, Ltd","Capillary Tubes, for Determine, EDTA, 50uL,100 Pcs","HIV, Capillary Tubes, for Determine, EDTA, 50uL,100 Pcs",Determine,N/A,Test kit - Ancillary,"Alere Medical Co., Ltd.",39053,100,339,2712,8,0.08,3.8,175,4803.06,TRUE,4/18/12,4/18/12,,2/15/12
116-ZA-T30,FPQ-13973,SCMS-238553,ASN-28021,South Africa,PMO - US,Direct Drop,DDP,Truck,ARV,Adult,PHARMACY DIRECT,"Nevirapine 200mg, tablets, 60 Tabs",Nevirapine,Generic,200mg,Tablet,"Aurobindo Unit III, India",39065,60,27,479.17,17.75,0.3,0.49,,,FALSE,8/28/14,8/28/14,,8/28/14
117-ET-T30,FPQ-9209,SCMS-134720,ASN-14235,Ethiopia,PMO - US,Direct Drop,EXW,Air,HRDT,HIV test,"CHEMBIO DIAGNOSTIC SYSTEMS, INC.","HIV 1/2, Stat-Pak HIV, Kit, 20 Tests","HIV 1/2, Stat-Pak HIV, Kit",Stat-Pak,N/A,Test kit,Chembio Diagnostics Sys. Inc.,39075,20,135,3915,29,1.45,5.49,47,379.65,TRUE,3/27/12,3/27/12,,1/23/12
151-NG-T30,FPQ-12803,SCMS-206330,ASN-23373,Nigeria,PMO - US,Direct Drop,FCA,Air,ARV,Pediatric,ABBVIE LOGISTICS (FORMERLY ABBOTT LOGISTICS BV),"Lopinavir/Ritonavir 100/25mg [Aluvia], tablets, 60 Tabs",Lopinavir/Ritonavir,Generic,100/25mg,Tablet,ABBVIE Ludwigshafen Germany,39088,60,5513,32747.22,5.94,0.1,40.51,640,6185.25,TRUE,12/30/13,12/30/13,,9/17/13
116-ZA-T30,FPQ-12522,SCMS-199288,ASN-27196,South Africa,PMO - US,Direct Drop,DDP,Truck,ARV,Pediatric,S. BUYS WHOLESALER,"Lopinavir/Ritonavir 80/20mg/ml [Kaletra], oral solution, cool, Bottle 5 x 60 ml",Lopinavir/Ritonavir,Kaletra,80/20mg/ml,Oral solution,ABBVIE (Abbott) Logis. UK,39105,300,5,117.26,23.45,0.08,0.15,,,TRUE,7/10/14,7/10/14,,7/10/14
109-TZ-T30,FPQ-11919,SCMS-205480,ASN-22109,Tanzania,PMO - US,Direct Drop,EXW,Air,HRDT,HIV test,"Orgenics, Ltd","HIV 1/2, Determine Complete HIV Kit, 100 Tests","HIV 1/2, Determine Complete HIV Kit",Determine,N/A,Test kit,"Alere Medical Co., Ltd.",39133,100,3,240,80,0.8,0.3,2,925.04,TRUE,12/2/13,12/2/13,,9/11/13
108-VN-T30,FPQ-4720,SCMS-62470,ASN-6341,Vietnam,PMO - US,Direct Drop,EXW,Air,ARV,Adult,MYLAN LABORATORIES LTD (FORMERLY MATRIX LABORATORIES),"Zidovudine 300mg, tablets, 60 Tabs",Zidovudine,Generic,300mg,Tablet,Mylan (formerly Matrix) Nashik,39156,60,168,1260,7.5,0.12,2.72,,,FALSE,4/1/10,4/1/10,,1/12/10
161-ZA-T30,FPQ-7175,SCMS-103440,ASN-11439,South Africa,PMO - US,Direct Drop,DDP,Ocean,ARV,Adult,Aurobindo Pharma Limited,"Efavirenz 600mg, tablets, 30 Tabs",Efavirenz,Generic,600mg,Tablet,"Aurobindo Unit III, India",39182,30,191011,861459.6,4.51,0.15,1421.41,16234,14439.17,TRUE,10/4/11,10/4/11,,3/24/11
104-CI-T30,FPQ-7325,SCMS-106600,ASN-11740,Côte d'Ivoire,PMO - US,Direct Drop,EXW,Air,HRDT,HIV test,"Orgenics, Ltd","HIV 1/2, Determine Complete HIV Kit, 100 Tests","HIV 1/2, Determine Complete HIV Kit",Determine,N/A,Test kit,Inverness Japan,39184,100,2821,225680,80,0.8,372.37,1346,34282.33,TRUE,9/8/11,9/8/11,,5/5/11
107-RW-T30,FPQ-3859,SCMS-49100,ASN-6888,Rwanda,PMO - US,Direct Drop,CIP,Air,ARV,Adult,EMCURE PHARMACEUTICALS LTD,"Efavirenz 600mg, tablets, 30 Tabs",Efavirenz,Generic,600mg,Tablet,"Emcure Plot No.P-2, I.T-B.T. Park, Phase II, MIDC, Hinjwadi, Pune, India",39208,30,31,185.69,5.99,0.2,0.36,4,889.55,TRUE,5/29/10,5/29/10,,7/15/09
103-KE-T30,FPQ-10018,SCMS-149610,ASN-15669,Kenya,PMO - US,Direct Drop,EXW,Air,HRDT,HIV test,"Orgenics, Ltd","HIV 1/2, Determine Complete HIV Kit, 100 Tests","HIV 1/2, Determine Complete HIV Kit",Determine,N/A,Test kit,"Alere Medical Co., Ltd.",39223,100,4440,395160,89,0.89,554.01,1445,10719.64,TRUE,7/9/12,7/28/12,,6/14/12
116-ZA-T30,FPQ-14942,SCMS-259074,ASN-31070,South Africa,PMO - US,Direct Drop,DDP,Truck,ARV,Adult,PHARMACY DIRECT,"Abacavir 300mg, tablets, 60 Tabs",Abacavir,Generic,300mg,Tablet,"Aurobindo Unit III, India",39226,60,5,249.26,49.85,0.83,0.26,,,FALSE,3/9/15,3/9/15,,3/9/15
102-KE-T30,FPQ-4591,SCMS-58382,ASN-7489,Kenya,PMO - US,Direct Drop,EXW,Air,HRDT,HIV test,"Orgenics, Ltd","HIV 1/2, Determine Complete HIV Kit, 100 Tests","HIV 1/2, Determine Complete HIV Kit",Determine,N/A,Test kit,Inverness Japan,39242,100,3,240,80,0.8,0.52,1411,13150.21,TRUE,7/29/10,7/29/10,,5/27/10
108-VN-T30,FPQ-6384,SCMS-87780,ASN-9408,Vietnam,PMO - US,Direct Drop,EXW,Air,ARV,Adult,HETERO LABS LIMITED,"Nevirapine 200mg, tablets, 60 Tabs",Nevirapine,Generic,200mg,Tablet,Hetero Unit III Hyderabad IN,39263,60,9023,21925.89,2.43,0.04,47.27,5359,18473.57,TRUE,2/16/11,2/16/11,,10/18/10
114-UG-T30,FPQ-14407,SCMS-244440,ASN-27804,Uganda,PMO - US,Direct Drop,FCA,Air,ARV,Pediatric,ABBVIE LOGISTICS (FORMERLY ABBOTT LOGISTICS BV),"Lopinavir/Ritonavir 80/20mg/ml [Kaletra], oral solution, cool, Bottle 5 x 60 ml",Lopinavir/Ritonavir,Kaletra,80/20mg/ml,Oral solution,ABBVIE (Abbott) Logis. UK,39291,300,75,2311.5,30.82,0.1,2.38,120,1487.76,TRUE,9/23/14,9/23/14,,6/23/14
161-ZA-T30,FPQ-7175,SCMS-104090,ASN-12990,South Africa,PMO - US,Direct Drop,DDP,Ocean,ARV,Adult,CIPLA LIMITED,"Nevirapine 200mg, tablets, 60 Tabs",Nevirapine,Generic,200mg,Tablet,"Cipla, Goa, India",39343,60,82075,223244,2.72,0.05,368.35,8969,7175.27,TRUE,1/31/12,1/31/12,,3/28/11
161-ZA-T30,FPQ-6262,SCMS-84220,ASN-9172,South Africa,PMO - US,Direct Drop,DDP,Ocean,ARV,Adult,CIPLA LIMITED,"Tenofovir Disoproxil Fumarate 300mg, tablets, 30 Tabs",Tenofovir Disoproxil Fumarate,Generic,300mg,Tablet,"Cipla, Goa, India",39353,30,116000,815480,7.03,0.23,1758.17,7965,13688.03,TRUE,2/9/11,2/9/11,,9/28/10
108-VN-T30,FPQ-15692,SCMS-274390,ASN-32267,Vietnam,PMO - US,Direct Drop,EXW,Air,ARV,Adult,HETERO LABS LIMITED,"Efavirenz/Lamivudine/Tenofovir Disoproxil Fumarate 600/300/300mg, tablets, 30 Tabs",Efavirenz/Lamivudine/Tenofovir Disoproxil Fumarate,Generic,600/300/300mg,Tablet - FDC,Hetero Unit III Hyderabad IN,39391,30,17760,177600,10,0.33,209.04,2523,4784.19,TRUE,7/10/15,7/7/15,,2/17/15
127-KE-T30,FPQ-8155,SCMS-119190,ASN-12468,Kenya,PMO - US,Direct Drop,EXW,Air,HRDT,HIV test,"Orgenics, Ltd","HIV 1/2, Determine Complete HIV Kit, 100 Tests","HIV 1/2, Determine Complete HIV Kit",Determine,N/A,Test kit,"Alere Medical Co., Ltd.",39393,100,6105,543345,89,0.89,896.52,1051,11208.38,TRUE,11/4/11,11/4/11,,8/28/11
104-CI-T30,FPQ-4698,SCMS-64940,ASN-8199,Côte d'Ivoire,PMO - US,Direct Drop,CIP,Air,ARV,Adult,MERCK SHARP & DOHME IDEA GMBH (FORMALLY MERCK SHARP & DOHME B.V.),"Indinavir 400mg [Crixivan], capsules, 180 Caps",Indinavir,Crixivan,400mg,Capsule,"MSD, Haarlem, NL",39427,180,1000,50000,50,0.28,107.8,254,881.33,TRUE,9/21/10,9/21/10,,2/12/10
110-ZM-T30,FPQ-9074,SCMS-134320,ASN-15274,Zambia,PMO - US,Direct Drop,EXW,Air,ARV,Pediatric,CIPLA LIMITED,"Lamivudine/Nevirapine/Stavudine 60/100/12mg, dispersible tablets, 60 Tabs",Lamivudine/Nevirapine/Stavudine,Generic,60/100/12mg,Chewable/dispersible tablet - FDC,"Cipla, Goa, India",39441,60,70000,301000,4.3,0.07,422,5999,25383.34,TRUE,6/26/12,6/26/12,,1/27/12
116-ZA-T30,FPQ-15950,SCMS-277983,ASN-33453,South Africa,PMO - US,Direct Drop,DDP,Truck,ARV,Pediatric,PHARMACY DIRECT,"Ritonavir 80mg/ml [Norvir], oral solution, cool, Bottle, 90 ml",Ritonavir,Norvir,80mg/ml,Oral solution,ABBVIE (Abbott) France,39452,90,12,59.62,4.97,0.06,0.07,,,TRUE,7/23/15,7/23/15,,2/24/15
101-CD-T30,FPQ-16001,SCMS-280210,ASN-31750,"Congo, DRC",PMO - US,Direct Drop,EXW,Air,HRDT,HIV test,"Trinity Biotech, Plc","HIV 1/2, Uni-Gold HIV Kit, 20 Tests","HIV 1/2, Uni-Gold HIV Kit",Uni-Gold,N/A,Test kit,"Trinity Biotech, Plc",39453,20,73,2336,32,1.6,2.75,,,FALSE,7/2/15,7/2/15,,3/16/15
105-GY-T30,FPQ-14694,SCMS-252360,ASN-28009,Guyana,PMO - US,Direct Drop,EXW,Air,HRDT,HIV test,"Trinity Biotech, Plc","HIV 1/2, Uni-Gold HIV Kit, 20 Tests","HIV 1/2, Uni-Gold HIV Kit",Uni-Gold,N/A,Test kit,"Trinity Biotech, Plc",39489,20,2653,84896,32,1.6,87.27,,,TRUE,9/17/14,9/17/14,,8/13/14
104-CI-T30,FPQ-6975,SCMS-98300,ASN-10837,Côte d'Ivoire,PMO - US,Direct Drop,FCA,Air,ARV,Adult,Hoffmann-La Roche ltd Basel,"Saquinavir 500mg [Invirase], tablets, 120 Tabs",Saquinavir,Invirase,500mg,Tablet,Roche Madrid,39495,120,1464,154437.73,105.49,0.88,254.82,255,4204.67,TRUE,6/10/11,6/10/11,,1/28/11
116-ZA-T30,FPQ-12522,SCMS-199280,ASN-24433,South Africa,PMO - US,Direct Drop,DDP,Truck,ARV,Adult,S. BUYS WHOLESALER,"Didanosine 400mg, delayed-release capsules, 30 Caps",Didanosine,Generic,400mg,Delayed-release capsules,"Aurobindo Unit III, India",39509,30,10,217.06,21.71,0.72,0.27,,,FALSE,2/7/14,2/7/14,,8/13/13
104-CI-T30,FPQ-5209,SCMS-75380,ASN-7632,Côte d'Ivoire,PMO - US,Direct Drop,EXW,Air,HRDT,HIV test,"Orgenics, Ltd","HIV 1/2, Determine HIV Kit, without Lancets, 100 Tests","HIV 1/2, Determine HIV Kit, without Lancets",Determine,N/A,Test kit,Inverness Japan,39547,100,3000,233100,77.7,0.78,502.56,679,11163.49,TRUE,8/3/10,8/3/10,,6/7/10
153-NA-T30,FPQ-8072,SCMS-117200,ASN-12163,Namibia,PMO - US,Direct Drop,EXW,Air,HRDT,HIV test,"Trinity Biotech, Plc","HIV 1/2, Uni-Gold HIV Kit, 20 Tests","HIV 1/2, Uni-Gold HIV Kit",Uni-Gold,N/A,Test kit,"Trinity Biotech, Plc",39556,20,750,24000,32,1.6,39.6,248,6654.24,TRUE,10/5/11,10/5/11,,8/3/11
116-ZA-T30,FPQ-4359,SCMS-54980,ASN-5373,South Africa,PMO - US,Direct Drop,DDP,Truck,ARV,Adult,S. BUYS WHOLESALER,"Efavirenz 600mg, tablets, 30 Tabs",Efavirenz,Generic,600mg,Tablet,"Cipla, Goa, India",39575,30,600,11761.67,19.6,0.65,23.05,,,FALSE,10/19/09,10/19/09,,10/15/09
106-HT-T30,FPQ-13797,SCMS-233970,ASN-27795,Haiti,PMO - US,Direct Drop,EXW,Air,ARV,Adult,CIPLA LIMITED,"Lamivudine/Tenofovir Disoproxil Fumarate 300/300mg, tablets, 30 Tabs",Lamivudine/Tenofovir Disoproxil Fumarate,Generic,300/300mg,Tablet - FDC,"Cipla, Kurkumbh, India",39589,30,8806,40419.54,4.59,0.15,41.55,979,6161.47,TRUE,10/14/14,10/14/14,,4/30/14
111-MZ-T30,FPQ-4739,SCMS-62690,ASN-5953,Mozambique,PMO - US,Direct Drop,EXW,Air,HRDT,HIV test,"Trinity Biotech, Plc","HIV 1/2, Uni-Gold HIV Kit, 20 Tests","HIV 1/2, Uni-Gold HIV Kit",Uni-Gold,N/A,Test kit,"Trinity Biotech, Plc",39606,20,2360,75520,32,1.6,162.82,1636,21087.7,TRUE,2/23/10,2/23/10,,1/8/10
103-ML-T30,FPQ-15006,SCMS-260770,ASN-31163,Mali,PMO - US,Direct Drop,EXW,Air,HRDT,HIV test,"Orgenics, Ltd","HIV 1/2, ImmunoComb TriSpot Ag - Ab Kit, 36 Tests","HIV 1/2, ImmunoComb TriSpot Ag - Ab Kit",ImmunoComb,N/A,Test kit,"Alere Medical Co., Ltd.",39615,36,65,8125,125,3.47,8.35,24,1059.59,TRUE,5/13/15,5/13/15,,11/19/14
105-GH-T30,FPQ-13809,SCMS-234030,ASN-26373,Ghana,PMO - US,Direct Drop,EXW,Air,ARV,Pediatric,Aurobindo Pharma Limited,"Lamivudine 10mg/ml, oral solution, Bottle, 240 ml",Lamivudine,Generic,10mg/ml,Oral solution,"Aurobindo Unit III, India",39631,240,6047,8647.21,1.43,0.01,8.89,2323,7326.63,TRUE,6/12/14,6/12/14,,5/9/14
108-VN-T30,FPQ-7565,SCMS-107610,ASN-11722,Vietnam,PMO - US,Direct Drop,EXW,Air,ARV,Adult,Aurobindo Pharma Limited,"Lamivudine/Nevirapine/Zidovudine 150/200/300mg, tablets, 60 Tabs",Lamivudine/Nevirapine/Zidovudine,Generic,150/300/200mg,Tablet - FDC,"Aurobindo Unit III, India",39647,60,20000,219000,10.95,0.18,361.35,2675,9656.19,TRUE,9/5/11,9/5/11,,5/4/11
116-ZA-T30,FPQ-14942,SCMS-259079,ASN-33854,South Africa,PMO - US,Direct Drop,DDP,Truck,ARV,Adult,PHARMACY DIRECT,"Darunavir 600mg [Prezista], tablets, 60 Tabs",Darunavir,Prezista,600mg,Tablet,"Janssen-Cilag, Latina, IT",39658,60,3,151.99,50.66,0.84,0.16,,,FALSE,8/24/15,8/24/15,,10/9/14
102-BI-T30,FPQ-10907,SCMS-167290,ASN-17563,Burundi,PMO - US,Direct Drop,EXW,Air,HRDT,HIV test,"Orgenics, Ltd","HIV 1/2, Determine Complete HIV Kit, 100 Tests","HIV 1/2, Determine Complete HIV Kit",Determine,N/A,Test kit,"Alere Medical Co., Ltd.",39659,100,1472,117760,80,0.8,145.67,638,16189.94,TRUE,1/4/13,1/4/13,,11/21/12
107-RW-T30,FPQ-14705,SCMS-253160,ASN-27917,Rwanda,PMO - US,Direct Drop,EXW,Ocean,ARV,Adult,Aurobindo Pharma Limited,"Lamivudine/Tenofovir Disoproxil Fumarate 300/300mg, tablets, 30 Tabs",Lamivudine/Tenofovir Disoproxil Fumarate,Generic,300/300mg,Tablet - FDC,"Aurobindo Unit VII, IN",39661,30,104000,483600,4.65,0.16,497.14,9684,7898.15,TRUE,11/12/14,11/12/14,,8/19/14
104-CI-T30,FPQ-3967,SCMS-52650,ASN-5060,Côte d'Ivoire,PMO - US,Direct Drop,FCA,Air,ARV,Adult,ABBVIE LOGISTICS (FORMERLY ABBOTT LOGISTICS BV),"Ritonavir 100mg [Norvir], capsules, cool, 4 x 84 Caps",Ritonavir,Norvir,100mg,Capsule,ABBVIE (Abbott) Logis. UK,39708,336,300,11508,38.36,0.11,22.56,546,4901.51,TRUE,10/23/09,10/23/09,,9/11/09
161-ZA-T30,FPQ-6262,SCMS-83790,ASN-9195,South Africa,PMO - US,Direct Drop,DDP,Ocean,ARV,Pediatric,Aurobindo Pharma Limited,"Efavirenz 50mg, capsule, 30 Caps",Efavirenz,Generic,50mg,Capsule,"Aurobindo Unit III, India",39724,30,32080,76671.2,2.39,0.08,165.3,2666,21695.97,TRUE,12/31/10,2/1/11,,9/24/10
102-SD-T30,FPQ-8264,SCMS-121852,ASN-13538,Sudan,PMO - US,Direct Drop,EXW,Air,HRDT,HIV test - Ancillary,"Orgenics, Ltd","Capillary Tubes, for Determine, EDTA, 50uL,100 Pcs","HIV, Capillary Tubes, for Determine, EDTA, 50uL,100 Pcs",Determine,N/A,Test kit - Ancillary,"Alere Medical Co., Ltd.",39769,100,2,16,8,0.08,0.03,2,980.7,TRUE,2/20/12,2/20/12,,9/14/11
113-ZW-T30,FPQ-13032,SCMS-210170,ASN-22818,Zimbabwe,PMO - US,Direct Drop,EXW,Air,HRDT,HIV test - Ancillary,"Orgenics, Ltd","Chase Buffer, Determine, 100 Tests, 2.5ml x 1 Vial","Chase Buffer, Determine, 100 Tests, 2.5ml x 1 Vial",Determine,N/A,Test kit - Ancillary,"Alere Medical Co., Ltd.",39794,1,2000,10000,5,5,12.37,864,14314.83,TRUE,12/9/13,12/9/13,,10/18/13
114-UG-T30,FPQ-12477,SCMS-198710,ASN-21405,Uganda,PMO - US,Direct Drop,EXW,Air,ARV,Adult,MYLAN LABORATORIES LTD (FORMERLY MATRIX LABORATORIES),"Lamivudine/Nevirapine/Zidovudine 150/200/300mg, tablets, 60 Tabs",Lamivudine/Nevirapine/Zidovudine,Generic,150/300/200mg,Tablet - FDC,Mylan (formerly Matrix) Nashik,39799,60,50000,405000,8.1,0.13,500.98,6918,22886.81,TRUE,8/29/13,8/29/13,,7/31/13
116-ZA-T30,FPQ-15269,SCMS-267020,ASN-29764,South Africa,PMO - US,Direct Drop,DDP,Truck,ARV,Adult,S. BUYS WHOLESALER,"Lamivudine/Zidovudine 150/300mg, tablets, 60 Tabs",Lamivudine/Zidovudine,Generic,150/300mg,Tablet - FDC,"Cipla, Goa, India",39823,60,225,5964.4,26.51,0.44,7.02,,,FALSE,12/10/14,12/10/14,,12/10/14
108-VN-T30,FPQ-13524,SCMS-226260,ASN-26927,Vietnam,PMO - US,Direct Drop,EXW,Air,ARV,Adult,HETERO LABS LIMITED,"Efavirenz/Lamivudine/Tenofovir Disoproxil Fumarate 600/300/300mg, tablets, 30 Tabs",Efavirenz/Lamivudine/Tenofovir Disoproxil Fumarate,Generic,600/300/300mg,Tablet - FDC,Hetero Unit III Hyderabad IN,39833,30,720,7560,10.5,0.35,7.77,,,FALSE,8/13/14,8/13/14,,3/10/14
101-CD-T30,FPQ-11081,SCMS-169010,ASN-17635,"Congo, DRC",PMO - US,Direct Drop,EXW,Air,ANTM,Malaria,ACTION MEDEOR E.V.,"Sulfadoxine/Pyrimethamine 500/25mg, tablets, 1000 Tabs",Sulfadoxine/Pyrimethamine,Generic,500/25mg,Tablet - FDC,"Micro Labs, Hosur, India",39850,1000,415,10026.4,24.16,0.02,12.4,329,1731.89,TRUE,4/30/13,4/30/13,,12/7/12
108-VN-T30,FPQ-13524,SCMS-226231,ASN-27131,Vietnam,PMO - US,Direct Drop,FCA,Air,ARV,Adult,ABBVIE LOGISTICS (FORMERLY ABBOTT LOGISTICS BV),"Lopinavir/Ritonavir 200/50mg [Aluvia], tablets, 120 Tabs",Lopinavir/Ritonavir,Aluvia,200/50mg,Tablet,ABBVIE Ludwigshafen Germany,39873,120,5200,316264,60.82,0.51,325.12,1272,3824.06,TRUE,8/16/14,8/16/14,,5/27/14
107-RW-T30,FPQ-15065,SCMS-263330,ASN-30481,Rwanda,PMO - US,Direct Drop,EXW,Air,HRDT,HIV test,"SHANGHAI KEHUA BIOENGINEERING CO.,LTD.  (KHB)","HIV 1/2, SKB Colloidal Gold, Diagnostic Kit, Antibody, 50 Tests","HIV 1/2, Colloidal Gold, Diagnostic Kit, Antibody",Colloidal Gold,N/A,Test kit,"KHB Test Kit Facility, Shanghai China",39895,1,4014,98343,24.5,24.5,101.1,2676,35281.73,TRUE,2/18/15,2/18/15,,12/18/14
107-RW-T30,FPQ-6413,SCMS-87190,ASN-9870,Rwanda,PMO - US,Direct Drop,EXW,Air,HRDT,HIV test,"Standard Diagnostics, Inc.","HIV 1/2, Bioline 3.0 Kit, (no accessories), 30 Tests","HIV 1/2, Bioline 3.0 Kit (no accessories)",Bioline,N/A,Test kit,"Standard Diagnostics, Korea",39920,30,1600,38400,24,0.8,82.79,571,5161.55,TRUE,4/14/11,4/14/11,,10/6/10
108-VN-T30,FPQ-15040,SCMS-263630,ASN-31646,Vietnam,PMO - US,Direct Drop,EXW,Air,ARV,Adult,MYLAN LABORATORIES LTD (FORMERLY MATRIX LABORATORIES),"Lamivudine/Zidovudine 150/300mg, tablets, 60 Tabs",Lamivudine/Zidovudine,Generic,150/300mg,Tablet - FDC,Mylan (formerly Matrix) Nashik,39933,60,16800,109032,6.49,0.11,112.08,1456,2984,TRUE,6/1/15,6/1/15,,12/8/14
119-NA-T30,FPQ-4398,SCMS-54910,ASN-5952,Namibia,PMO - US,Direct Drop,EXW,Air,HRDT,HIV test,"Trinity Biotech, Plc","HIV 1/2, Uni-Gold HIV Kit, 20 Tests","HIV 1/2, Uni-Gold HIV Kit",Uni-Gold,N/A,Test kit,"Trinity Biotech, Plc",39966,20,1400,44800,32,1.6,96.59,500,5061.46,TRUE,2/12/10,2/12/10,,10/13/09
104-CI-T30,FPQ-12714,SCMS-205000,ASN-21883,Côte d'Ivoire,PMO - US,Direct Drop,EXW,Air,ARV,Pediatric,Aurobindo Pharma Limited,"Zidovudine 100mg, capsules, 100 Caps",Zidovudine,Generic,100mg,Capsule,"Aurobindo Unit III, India",39967,100,670,3015,4.5,0.04,3.73,76,1921.02,TRUE,10/7/13,10/7/13,,9/2/13
108-VN-T30,FPQ-10286,SCMS-155700,ASN-17019,Vietnam,PMO - US,Direct Drop,FCA,Air,ARV,Pediatric,ABBVIE LOGISTICS (FORMERLY ABBOTT LOGISTICS BV),"Lopinavir/Ritonavir 100/25mg [Aluvia], tablets, 60 Tabs",Lopinavir/Ritonavir,Generic,100/25mg,Tablet,ABBVIE Ludwigshafen Germany,39971,60,104,1581.84,15.21,0.25,2.22,18,612.07,TRUE,12/11/12,12/11/12,,8/14/12
114-UG-T30,FPQ-15303,SCMS-264940,ASN-31156,Uganda,PMO - US,Direct Drop,EXW,Air,ARV,Pediatric,Aurobindo Pharma Limited,"Lopinavir/Ritonavir 100/25mg, tablets, 60 Tabs",Lopinavir/Ritonavir,Generic,100/25mg,Tablet,"Aurobindo Unit III, India",40033,60,4250,34170,8.04,0.13,40.22,424,1488.99,TRUE,4/8/15,4/8/15,,11/25/14
116-ZA-T30,FPQ-12523,SCMS-199310,ASN-29450,South Africa,PMO - US,Direct Drop,DDP,Truck,ARV,Adult,S. BUYS WHOLESALER,"Etravirine 100mg [Intelence], tablets, 120 Tabs",Etravirine,Intelence,100mg,Tablet,"Janssen-Cilag, Latina, IT",40044,120,39,1523.85,39.07,0.33,1.89,,,FALSE,11/19/14,11/19/14,,8/13/13
116-ZA-T30,FPQ-14942,SCMS-259076,ASN-32524,South Africa,PMO - US,Direct Drop,DDP,Truck,ARV,Adult,PHARMACY DIRECT,"Abacavir 300mg, tablets, 60 Tabs",Abacavir,Generic,300mg,Tablet,"Aurobindo Unit III, India",40070,60,31,1545.41,49.85,0.83,1.59,,,FALSE,6/2/15,6/2/15,,6/2/15
116-ZA-T30,FPQ-12522,SCMS-199283,ASN-27980,South Africa,PMO - US,Direct Drop,DDP,Truck,ARV,Adult,S. BUYS WHOLESALER,"Lamivudine/Zidovudine 150/300mg, tablets, 60 Tabs",Lamivudine/Zidovudine,Generic,150/300mg,Tablet - FDC,Hetero Unit III Hyderabad IN,40100,60,19,626.77,32.99,0.55,0.78,,,FALSE,8/27/14,8/27/14,,8/27/14
116-ZA-T30,FPQ-14942,SCMS-259076,ASN-32524,South Africa,PMO - US,Direct Drop,DDP,Truck,ARV,Pediatric,PHARMACY DIRECT,"Efavirenz 200mg, capsule, 90 Caps",Efavirenz,Generic,200mg,Capsule,"Aurobindo Unit III, India",40136,90,8,136.35,17.04,0.19,0.14,,,FALSE,6/2/15,6/2/15,,6/2/15
116-ZA-T30,FPQ-14942,SCMS-259071,ASN-29597,South Africa,PMO - US,Direct Drop,DDP,Truck,ARV,Pediatric,PHARMACY DIRECT,"Abacavir 20mg/ml, oral solution, Bottle, 240 ml",Abacavir,Generic,20mg/ml,Oral solution,"Aurobindo Unit III, India",40152,240,8,141.69,17.71,0.07,0.15,,,FALSE,11/28/14,11/28/14,,11/28/14
105-SS-T30,FPQ-15569,SCMS-272140,ASN-31129,South Sudan,PMO - US,Direct Drop,EXW,Air,HRDT,HIV test,"Trinity Biotech, Plc","HIV 1/2, Uni-Gold HIV Kit, 20 Tests","HIV 1/2, Uni-Gold HIV Kit",Uni-Gold,N/A,Test kit,"Trinity Biotech, Plc",40205,20,35,1120,32,1.6,1.32,191,2796.58,TRUE,5/8/15,5/8/15,,2/20/15
104-CI-T30,FPQ-6897,SCMS-101001,ASN-11637,Côte d'Ivoire,PMO - US,Direct Drop,FCA,Air,ARV,Adult,ABBVIE LOGISTICS (FORMERLY ABBOTT LOGISTICS BV),"Lopinavir/Ritonavir 200/50mg [Aluvia], tablets, 120 Tabs",Lopinavir/Ritonavir,Aluvia,200/50mg,Tablet,ABBVIE Ludwigshafen Germany,40209,120,16695,562621.5,33.7,0.28,928.33,4113,30130.82,TRUE,8/18/11,8/18/11,,4/1/11
107-RW-T30,FPQ-13851,SCMS-239030,ASN-28850,Rwanda,PMO - US,Direct Drop,EXW,Ocean,ARV,Adult,MYLAN LABORATORIES LTD (FORMERLY MATRIX LABORATORIES),"Atazanavir/Ritonavir 300/100mg, tablets, 30 Tabs",Atazanavir/Ritonavir,Generic,300/100mg,Tablet,Mylan (formerly Matrix) Nashik,40214,30,28869,577380,20,0.67,593.55,3865,5678.36,TRUE,12/19/14,12/19/14,,5/16/14
108-VN-T30,FPQ-13034,SCMS-210040,ASN-24697,Vietnam,PMO - US,Direct Drop,FCA,Air,ARV,Adult,ABBVIE LOGISTICS (FORMERLY ABBOTT LOGISTICS BV),"Ritonavir 100mg [Norvir], film coated tablets, 30 Tabs",Ritonavir,Norvir,100mg,Tablet,ABBVIE Ludwigshafen Germany,40255,30,400,9304,23.26,0.78,11.51,,,TRUE,4/7/14,4/7/14,,10/10/13
114-UG-T30,FPQ-11098,SCMS-171660,ASN-17804,Uganda,PMO - US,Direct Drop,EXW,Air,HRDT,HIV test,"Trinity Biotech, Plc","HIV 1/2, Uni-Gold HIV Kit, 20 Tests","HIV 1/2, Uni-Gold HIV Kit",Uni-Gold,N/A,Test kit,"Trinity Biotech, Plc",40274,20,875,28000,32,1.6,34.64,292,4462.61,TRUE,2/4/13,2/4/13,,1/2/13
107-RW-T30,FPQ-13157,SCMS-215450,ASN-23606,Rwanda,PMO - US,Direct Drop,FCA,Air,ARV,Pediatric,ABBVIE LOGISTICS (FORMERLY ABBOTT LOGISTICS BV),"Lopinavir/Ritonavir 100/25mg [Aluvia], tablets, 60 Tabs",Lopinavir/Ritonavir,Generic,100/25mg,Tablet,ABBVIE Ludwigshafen Germany,40286,60,500,2970,5.94,0.1,3.05,65,985.26,TRUE,1/22/14,1/22/14,,12/2/13
122-HT-T30,FPQ-8635,SCMS-132180,ASN-13412,Haiti,PMO - US,Direct Drop,EXW,Air,ANTM,Malaria,AMSTELFARMA B.V.,"Sulfadoxine/Pyrimethamine 500/25mg, tablets, 1000 Tabs",Sulfadoxine/Pyrimethamine,Generic,500/25mg,Tablet - FDC,"Micro Labs, Hosur, India",40351,1000,10,316.5,31.65,0.03,0.44,,,FALSE,1/18/12,1/18/12,,12/30/11
161-ZA-T30,FPQ-5648,SCMS-75660,ASN-8693,South Africa,PMO - US,Direct Drop,DDP,Ocean,ARV,Adult,Aurobindo Pharma Limited,"Efavirenz 600mg, tablets, 30 Tabs",Efavirenz,Generic,600mg,Tablet,"Aurobindo Unit III, India",40364,30,52516,236847.16,4.51,0.15,510.64,,,TRUE,10/12/10,12/15/10,,6/17/10
106-HT-T30,FPQ-15038,SCMS-262840,ASN-31821,Haiti,PMO - US,Direct Drop,EXW,Ocean,ARV,Pediatric,MYLAN LABORATORIES LTD (FORMERLY MATRIX LABORATORIES),"Lamivudine/Zidovudine 30/60mg, tablets, 60 Tabs",Lamivudine/Zidovudine,Generic,30/60mg,Tablet - FDC,Mylan (formerly Matrix) Nashik,40365,60,6000,11940,1.99,0.03,12.27,,,TRUE,7/3/15,7/3/15,,12/24/14
109-TZ-T30,FPQ-6925,SCMS-97130,ASN-9833,Tanzania,PMO - US,Direct Drop,EXW,Air,HRDT,HIV test,"Trinity Biotech, Plc","HIV 1/2, Uni-Gold HIV Kit, 20 Tests","HIV 1/2, Uni-Gold HIV Kit",Uni-Gold,N/A,Test kit,"Trinity Biotech, Plc",40373,20,30,960,32,1.6,1.58,10,910.73,TRUE,3/29/11,3/29/11,,2/2/11
116-ZA-T30,FPQ-13973,SCMS-238550,ASN-30792,South Africa,PMO - US,Direct Drop,DDP,Truck,ARV,Pediatric,PHARMACY DIRECT,"Abacavir 20mg/ml, oral solution, Bottle, 240 ml",Abacavir,Generic,20mg/ml,Oral solution,"Aurobindo Unit III, India",40379,240,3,73.53,24.51,0.1,0.08,,,FALSE,2/19/15,2/19/15,,5/8/14
108-VN-T30,FPQ-15292,SCMS-268410,ASN-30672,Vietnam,PMO - US,Direct Drop,FCA,Air,ARV,Adult,ABBVIE LOGISTICS (FORMERLY ABBOTT LOGISTICS BV),"Ritonavir 100mg [Norvir], film coated tablets, 30 Tabs",Ritonavir,Norvir,100mg,Tablet,ABBVIE Ludwigshafen Germany,40443,30,128,2977.28,23.26,0.78,3.5,1232,2769.45,TRUE,3/19/15,3/19/15,,12/18/14
109-TZ-T30,FPQ-14049,SCMS-239390,ASN-26381,Tanzania,PMO - US,Direct Drop,FCA,Air,ARV,Pediatric,ABBVIE LOGISTICS (FORMERLY ABBOTT LOGISTICS BV),"Lopinavir/Ritonavir 80/20mg/ml [Kaletra], oral solution, cool, Bottle 5 x 60 ml",Lopinavir/Ritonavir,Kaletra,80/20mg/ml,Oral solution,ABBVIE (Abbott) Logis. UK,40479,300,304,9369.28,30.82,0.1,9.63,278,5656.74,TRUE,9/30/14,9/30/14,,5/16/14
102-KE-T30,FPQ-6406,SCMS-88211,ASN-9546,Kenya,PMO - US,Direct Drop,EXW,Air,HRDT,HIV test,"Orgenics, Ltd","HIV 1/2, Determine Complete HIV Kit, 100 Tests","HIV 1/2, Determine Complete HIV Kit",Determine,N/A,Test kit,Inverness Japan,40484,100,8563,762107,89,0.89,1643.1,1474,15687.32,TRUE,2/10/11,2/10/11,,11/22/10
105-SS-T30,FPQ-14470,SCMS-245230,ASN-27241,South Sudan,PMO - US,Direct Drop,EXW,Air,HRDT,HIV test,"Trinity Biotech, Plc","HIV 1/2, Uni-Gold HIV Kit, 20 Tests","HIV 1/2, Uni-Gold HIV Kit",Uni-Gold,N/A,Test kit,"Trinity Biotech, Plc",40490,20,450,14400,32,1.6,14.8,,,FALSE,9/29/14,9/29/14,,7/1/14
116-ZA-T30,FPQ-13973,SCMS-238552,ASN-27610,South Africa,PMO - US,Direct Drop,DDP,Truck,ARV,Adult,PHARMACY DIRECT,"Darunavir 300mg [Prezista], tablets, 120 Tabs",Darunavir,Prezista,300mg,Tablet,"Janssen-Cilag, Latina, IT",40496,120,18,1254.77,69.71,0.58,1.29,,,TRUE,8/5/14,8/5/14,,8/5/14
104-CI-T30,FPQ-4381,SCMS-57380,ASN-6453,Côte d'Ivoire,PMO - US,Direct Drop,CIP,Air,ARV,Pediatric,MERCK SHARP & DOHME IDEA GMBH (FORMALLY MERCK SHARP & DOHME B.V.),"Efavirenz 30mg/ml [Stocrin/Sustiva], oral solution, Bottle, 180 ml",Efavirenz,Stocrin/Sustiva,30mg/ml,Oral solution,"MSD, Haarlem, NL",40498,180,3559,60360.64,16.96,0.09,118.31,1061,2454.99,TRUE,4/16/10,4/16/10,,11/17/09
109-TZ-T30,FPQ-5174,SCMS-66910,ASN-6721,Tanzania,PMO - US,Direct Drop,FCA,Air,ARV,Adult,ABBVIE LOGISTICS (FORMERLY ABBOTT LOGISTICS BV),"Lopinavir/Ritonavir 200/50mg [Aluvia], tablets, 120 Tabs",Lopinavir/Ritonavir,Aluvia,200/50mg,Tablet,ABBVIE Ludwigshafen Germany,40555,120,2855,103236.8,36.16,0.3,222.58,,,TRUE,6/11/10,6/4/10,,3/12/10
800-CM-T30,FPQ-12571,SCMS-198570,ASN-21309,Cameroon,PMO - US,Direct Drop,EXW,Air,HRDT,HIV test,"Orgenics, Ltd","HIV 1/2, Determine Complete HIV Kit, 100 Tests","HIV 1/2, Determine Complete HIV Kit",Determine,N/A,Test kit,"Alere Medical Co., Ltd.",40580,100,5000,400000,80,0.8,494.8,2268,37942.89,TRUE,8/27/13,8/27/13,,7/22/13
116-ZA-T30,FPQ-7176,SCMS-104370,ASN-11395,South Africa,PMO - US,Direct Drop,DDP,Ocean,ARV,Adult,Aurobindo Pharma Limited,"Zidovudine 300mg, tablets, 60 Tabs",Zidovudine,Generic,300mg,Tablet,"Aurobindo Unit III, India",40584,60,7548,55100.4,7.3,0.12,90.92,391,659.58,TRUE,8/15/11,9/15/11,,4/1/11
116-ZA-T30,FPQ-12522,SCMS-199289,ASN-28034,South Africa,PMO - US,Direct Drop,DDP,Truck,ARV,Adult,S. BUYS WHOLESALER,"Emtricitabine/Tenofovir Disoproxil Fumarate 200/300mg, tablets, 30 Tabs",Emtricitabine/Tenofovir Disoproxil Fumarate,Generic,200/300mg,Tablet - FDC,"Aurobindo Unit III, India",40598,30,334,11131.8,33.33,1.11,13.77,,,FALSE,8/29/14,8/29/14,,8/29/14
114-UG-T30,FPQ-4320,SCMS-58170,ASN-5732,Uganda,PMO - US,Direct Drop,EXW,Air,ARV,Adult,ASPEN PHARMACARE,"Darunavir 300mg [Prezista], tablets, 120 Tabs",Darunavir,Prezista,300mg,Tablet,"Aspen-OSD, Port Elizabeth, SA",40608,120,120,10800,90,0.75,21.17,18,1190.02,TRUE,1/19/10,1/19/10,,11/24/09
111-MZ-T30,FPQ-8116,SCMS-118370,ASN-12476,Mozambique,PMO - US,Direct Drop,EXW,Air,HRDT,HIV test,"Orgenics, Ltd","HIV 1/2, Determine HIV Kit, without Lancets, 100 Tests","HIV 1/2, Determine HIV Kit, without Lancets",Determine,N/A,Test kit,Inverness Japan,40620,100,2591,201320.7,77.7,0.78,332.18,994,12838.85,TRUE,11/22/11,12/5/11,,8/30/11
161-ZA-T30,FPQ-7175,SCMS-103950,ASN-11462,South Africa,PMO - US,Direct Drop,DDP,Ocean,ARV,Adult,STRIDES ARCOLAB LIMITED,"Nevirapine 200mg, tablets, 60 Tabs",Nevirapine,Generic,200mg,Tablet,"Strides, Bangalore, India.",40627,60,150000,430500,2.87,0.05,710.32,9282,15222.94,TRUE,9/16/11,9/16/11,,3/28/11
117-ET-T30,FPQ-4867,SCMS-63000,ASN-5909,Ethiopia,PMO - US,Direct Drop,EXW,Air,HRDT,HIV test,"CHEMBIO DIAGNOSTIC SYSTEMS, INC.","HIV 1/2, Stat-Pak HIV, Kit, 20 Tests","HIV 1/2, Stat-Pak HIV, Kit",Stat-Pak,N/A,Test kit,Chembio Diagnostics Sys. Inc.,40657,20,140,3780,27,1.35,8.15,38,447.73,TRUE,1/29/10,1/29/10,,1/12/10
117-ET-T30,FPQ-9954,SCMS-148510,ASN-16201,Ethiopia,PMO - US,Direct Drop,EXW,Air,HRDT,HIV test,"SHANGHAI KEHUA BIOENGINEERING CO.,LTD.  (KHB)","HIV 1/2, SKB Colloidal Gold, Diagnostic Kit, Antibody, 50 Tests","HIV 1/2, Colloidal Gold, Diagnostic Kit, Antibody",Colloidal Gold,N/A,Test kit,"KHB Test Kit Facility, Shanghai China",40665,1,25004,612598,24.5,24.5,858.86,17367,161962.31,TRUE,9/4/12,9/4/12,,7/25/12
104-CI-T30,FPQ-12806,SCMS-206570,ASN-24432,Côte d'Ivoire,PMO - US,Direct Drop,EXW,Air,ARV,Pediatric,Aurobindo Pharma Limited,"Nevirapine 50mg, dispersible tablets (tablets for oral suspension), 30 Tabs",Nevirapine,Generic,50mg,Chewable/dispersible tablet,"Aurobindo Unit III, India",40680,30,7000,8750,1.25,0.04,10.82,480,5325.3,TRUE,2/27/14,2/27/14,,9/17/13
105-SS-T30,FPQ-15569,SCMS-272160,ASN-31321,South Sudan,PMO - US,Direct Drop,EXW,Air,HRDT,HIV test - Ancillary,"Orgenics, Ltd","Chase Buffer, Determine, 100 Tests, 2.5ml x 1 Vial","Chase Buffer, Determine, 100 Tests, 2.5ml x 1 Vial",Determine,N/A,Test kit - Ancillary,"Alere Medical Co., Ltd.",40702,1,45,225,5,5,0.26,,,FALSE,6/3/15,6/3/15,,2/20/15
900-UG-T30,FPQ-10089,SCMS-149400,ASN-15430,Uganda,PMO - US,Direct Drop,EXW,Air,ARV,Adult,Aurobindo Pharma Limited,"Lopinavir/Ritonavir 200/50mg, tablets, 120 Tabs",Lopinavir/Ritonavir,Generic,200/50mg,Tablet,"Aurobindo Unit III, India",40762,120,10679,272314.5,25.5,0.21,381.78,2709,11409.29,TRUE,7/18/12,7/23/12,,6/12/12
111-MZ-T30,FPQ-13093,SCMS-211561,ASN-25196,Mozambique,PMO - US,Direct Drop,EXW,Air,HRDT,HIV test,"Orgenics, Ltd","HIV 1/2, Determine Complete HIV Kit, 100 Tests","HIV 1/2, Determine Complete HIV Kit",Determine,N/A,Test kit,"Alere Medical Co., Ltd.",40779,100,8898,711840,80,0.8,731.77,3611,24079.79,TRUE,5/2/14,5/2/14,,11/13/13
116-ZA-T30,FPQ-12522,SCMS-199283,ASN-27976,South Africa,PMO - US,Direct Drop,DDP,Truck,ARV,Adult,S. BUYS WHOLESALER,"Lopinavir/Ritonavir 200/50mg [Aluvia], tablets, 120 Tabs",Lopinavir/Ritonavir,Aluvia,200/50mg,Tablet,ABBVIE Ludwigshafen Germany,40790,120,62,1597.1,25.76,0.21,1.98,,,FALSE,8/27/14,8/27/14,,8/27/14
108-VN-T30,FPQ-7898,SCMS-113620,ASN-13100,Vietnam,PMO - US,Direct Drop,EXW,Air,ARV,Adult,STRIDES ARCOLAB LIMITED,"Lamivudine 150mg, tablets, 60 Tabs",Lamivudine,Generic,150mg,Tablet,"Strides, Bangalore, India.",40791,60,23355,54884.25,2.35,0.04,90.56,1073,5221.88,TRUE,12/22/11,12/22/11,,7/8/11
161-ZA-T30,FPQ-7400,SCMS-104180,ASN-12268,South Africa,PMO - US,Direct Drop,DDP,Ocean,ARV,Pediatric,GLAXOSMITHKLINE EXPORT LIMITED,"Abacavir 20mg/ml [Ziagen], oral solution, Bottle, 240 ml",Abacavir,Ziagen,20mg/ml,Oral solution,GSK Mississauga (Canada),40798,240,20000,185600,9.28,0.04,306.24,7293,6560.34,TRUE,11/18/11,11/18/11,,3/30/11
107-RW-T30,FPQ-3859,SCMS-49110,ASN-6538,Rwanda,PMO - US,Direct Drop,CIP,Air,ARV,Adult,EMCURE PHARMACEUTICALS LTD,"Efavirenz 600mg, tablets, 30 Tabs",Efavirenz,Generic,600mg,Tablet,"Emcure Plot No.P-2, I.T-B.T. Park, Phase II, MIDC, Hinjwadi, Pune, India",40812,30,54684,327557.16,5.99,0.2,642.01,3889,31784.09,TRUE,4/29/10,4/29/10,,7/15/09
901-CM-T30,FPQ-12528,SCMS-196500,ASN-22068,Cameroon,PMO - US,Direct Drop,EXW,Air,ARV,Adult,CIPLA LIMITED,"Lamivudine/Tenofovir Disoproxil Fumarate 300/300mg, tablets, 30 Tabs",Lamivudine/Tenofovir Disoproxil Fumarate,Generic,300/300mg,Tablet - FDC,"Cipla, Kurkumbh, India",40821,30,12600,57960,4.6,0.15,71.7,1278,15106.61,TRUE,11/9/13,10/30/13,,6/28/13
161-ZA-T30,FPQ-7175,SCMS-103380,ASN-12992,South Africa,PMO - US,Direct Drop,DDP,Ocean,ARV,Adult,Aurobindo Pharma Limited,"Zidovudine 300mg, tablets, 60 Tabs",Zidovudine,Generic,300mg,Tablet,"Aurobindo Unit III, India",40836,60,6384,46603.2,7.3,0.12,76.9,331,5766.83,TRUE,1/4/12,1/4/12,,3/24/11
101-CD-T30,FPQ-14654,SCMS-253260,ASN-28279,"Congo, DRC",PMO - US,Direct Drop,EXW,Air,HRDT,HIV test,"Trinity Biotech, Plc","HIV 1/2, Uni-Gold HIV Kit, 20 Tests","HIV 1/2, Uni-Gold HIV Kit",Uni-Gold,N/A,Test kit,"Trinity Biotech, Plc",40840,20,89,2848,32,1.6,2.93,,,FALSE,11/4/14,11/4/14,,8/27/14
116-ZA-T30,FPQ-12522,SCMS-199283,ASN-27976,South Africa,PMO - US,Direct Drop,DDP,Truck,ARV,Adult,S. BUYS WHOLESALER,"Tenofovir Disoproxil Fumarate 300mg, tablets, 30 Tabs",Tenofovir Disoproxil Fumarate,Generic,300mg,Tablet,"Aurobindo Unit III, India",40841,30,273,6169.93,22.6,0.75,7.63,,,FALSE,8/27/14,8/27/14,,8/27/14
901-CM-T30,FPQ-12837,SCMS-204330,ASN-21572,Cameroon,PMO - US,Direct Drop,EXW,Air,ARV,Adult,MYLAN LABORATORIES LTD (FORMERLY MATRIX LABORATORIES),"Zidovudine 300mg, tablets, 60 Tabs",Zidovudine,Generic,300mg,Tablet,Mylan (formerly Matrix) Nashik,40851,60,5000,32500,6.5,0.11,40.2,294,4339.64,TRUE,9/26/13,9/26/13,,8/23/13
116-ZA-T30,FPQ-11828,SCMS-183970,ASN-19157,South Africa,South Africa Field Office,Direct Drop,DDP,Truck,ARV,Pediatric,S. BUYS WHOLESALER,"Lopinavir/Ritonavir 80/20mg/ml [Kaletra], oral solution, cool, Bottle 5 x 60 ml",Lopinavir/Ritonavir,Kaletra,80/20mg/ml,Oral solution,ABBVIE (Abbott) Logis. UK,40868,300,48,1199.64,24.99,0.08,1.48,,,TRUE,4/12/13,4/12/13,,
110-ZM-T30,FPQ-11390,SCMS-173920,ASN-19077,Zambia,PMO - US,Direct Drop,EXW,Air,HRDT,HIV test,"Orgenics, Ltd","HIV 1/2, Determine Complete HIV Kit, 100 Tests","HIV 1/2, Determine Complete HIV Kit",Determine,N/A,Test kit,"Alere Medical Co., Ltd.",40894,100,2950,236000,80,0.8,291.93,1222,22041.41,TRUE,6/5/13,6/6/13,,1/23/13
161-ZA-T30,FPQ-6708,SCMS-93540,ASN-10567,South Africa,PMO - US,Direct Drop,DDP,Ocean,ARV,Adult,Aurobindo Pharma Limited,"Tenofovir Disoproxil Fumarate 300mg, tablets, 30 Tabs",Tenofovir Disoproxil Fumarate,Generic,300mg,Tablet,"Aurobindo Unit III, India",40901,30,108677,722702.06,6.65,0.22,1192.46,10144,8809.08,TRUE,5/31/11,6/13/11,,12/14/10
161-ZA-T30,FPQ-6262,SCMS-83770,ASN-10212,South Africa,PMO - US,Direct Drop,DDP,Ocean,ARV,Adult,Aurobindo Pharma Limited,"Efavirenz 600mg, tablets, 30 Tabs",Efavirenz,Generic,600mg,Tablet,"Aurobindo Unit III, India",40923,30,125247,567368.94,4.53,0.15,1223.25,,,TRUE,4/26/11,5/26/11,,9/24/10
116-ZA-T30,FPQ-3560,SCMS-49661,ASN-5051,South Africa,PMO - US,Direct Drop,DDP,Truck,ARV,Adult,S. BUYS WHOLESALER,"Ritonavir 100mg [Norvir], capsules, cool, 84 Caps",Ritonavir,Norvir,100mg,Capsule,ABBVIE (Abbott) Logis. UK,40933,84,123,1348.43,10.96,0.13,2.64,,,TRUE,8/27/09,8/27/09,,7/21/09
108-VN-T30,FPQ-12051,SCMS-188570,ASN-21378,Vietnam,PMO - US,Direct Drop,FCA,Air,ARV,Adult,ABBVIE LOGISTICS (FORMERLY ABBOTT LOGISTICS BV),"Ritonavir 100mg [Norvir], film coated tablets, 30 Tabs",Ritonavir,Norvir,100mg,Tablet,ABBVIE Ludwigshafen Germany,40934,30,71,1651.46,23.26,0.78,2.04,15,493.42,TRUE,9/16/13,9/16/13,,8/19/13
108-VN-T30,FPQ-15692,SCMS-274350,ASN-32776,Vietnam,PMO - US,Direct Drop,EXW,Air,ARV,Adult,MYLAN LABORATORIES LTD (FORMERLY MATRIX LABORATORIES),"Lamivudine/Zidovudine 150/300mg, tablets, 60 Tabs",Lamivudine/Zidovudine,Generic,150/300mg,Tablet - FDC,Mylan (formerly Matrix) Nashik,40935,60,13000,84370,6.49,0.11,99.3,,,TRUE,7/27/15,7/27/15,,2/17/15
108-VN-T30,FPQ-10286,SCMS-156310,ASN-17176,Vietnam,PMO - US,Direct Drop,EXW,Air,ARV,Adult,HETERO LABS LIMITED,"Abacavir 300mg, tablets, 60 Tabs",Abacavir,Generic,300mg,Tablet,Hetero Unit III Hyderabad IN,40936,60,385,4966.5,12.9,0.22,6.96,,,FALSE,12/14/12,12/14/12,,8/15/12
106-HT-T30,FPQ-4389,SCMS-58040,ASN-7322,Haiti,PMO - US,Direct Drop,CIP,Air,ARV,Pediatric,MERCK SHARP & DOHME IDEA GMBH (FORMALLY MERCK SHARP & DOHME B.V.),"Efavirenz 30mg/ml [Stocrin/Sustiva], oral solution, Bottle, 180 ml",Efavirenz,Stocrin/Sustiva,30mg/ml,Oral solution,"MSD, Haarlem, NL",40942,180,180,3052.8,16.96,0.09,6.58,,,TRUE,6/29/10,6/29/10,,11/24/09
105-GY-T30,FPQ-14048,SCMS-235780,ASN-28234,Guyana,PMO - US,Direct Drop,FCA,Air,ARV,Pediatric,ABBVIE LOGISTICS (FORMERLY ABBOTT LOGISTICS BV),"Lopinavir/Ritonavir 80/20mg/ml [Kaletra], oral solution, cool, Bottle 5 x 60 ml",Lopinavir/Ritonavir,Kaletra,80/20mg/ml,Oral solution,ABBVIE (Abbott) Logis. UK,40950,300,12,729.84,60.82,0.2,0.75,39,790.71,TRUE,11/5/14,11/5/14,,8/26/14
133-NG-T30,FPQ-14995,SCMS-260700,ASN-29934,Nigeria,PMO - US,Direct Drop,EXW,Air,HRDT,HIV test,"Orgenics, Ltd","HIV 1/2, Determine Complete HIV Kit, 100 Tests","HIV 1/2, Determine Complete HIV Kit",Determine,N/A,Test kit,"Alere Medical Co., Ltd.",40963,100,6170,549130,89,0.89,564.51,2498,30648.28,TRUE,1/19/15,1/16/15,,10/29/14
116-ZA-T30,FPQ-12522,SCMS-199289,ASN-28037,South Africa,PMO - US,Direct Drop,DDP,Truck,ARV,Pediatric,S. BUYS WHOLESALER,"Abacavir 20mg/ml, oral solution w/syringe, Bottle, 240 ml",Abacavir,Generic,20mg/ml,Oral solution,"Aurobindo Unit III, India",41011,240,143,3866.47,27.04,0.11,4.78,,,FALSE,8/29/14,8/29/14,,8/29/14
161-ZA-T30,FPQ-6262,SCMS-83790,ASN-9199,South Africa,PMO - US,Direct Drop,DDP,Ocean,ARV,Adult,Aurobindo Pharma Limited,"Lamivudine 150mg, tablets, 60 Tabs",Lamivudine,Generic,150mg,Tablet,"Aurobindo Unit III, India",41022,60,236129,559625.75,2.37,0.04,1206.55,11917,17266.6,TRUE,1/31/11,1/31/11,,9/24/10
116-ZA-T30,FPQ-13973,SCMS-238554,ASN-28627,South Africa,PMO - US,Direct Drop,DDP,Truck,ARV,Adult,PHARMACY DIRECT,"Efavirenz 600mg, tablets, 30 Tabs",Efavirenz,Generic,600mg,Tablet,"Aurobindo Unit III, India",41032,30,51,795.4,15.6,0.52,0.82,,,FALSE,10/3/14,10/3/14,,10/3/14
108-VN-T30,FPQ-9001,SCMS-131650,ASN-14875,Vietnam,PMO - US,Direct Drop,EXW,Air,ARV,Pediatric,Aurobindo Pharma Limited,"Zidovudine 10mg/ml, oral solution w/syringe, Bottle, 240 ml",Zidovudine,Generic,10mg/ml,Oral solution,"Aurobindo Unit III, India",41042,240,500,1050,2.1,0.01,1.47,,,FALSE,6/5/12,6/5/12,,1/18/12
107-RW-T30,FPQ-3859,SCMS-49080,ASN-5589,Rwanda,PMO - US,Direct Drop,CIP,Air,ARV,Adult,HETERO LABS LIMITED,"Nevirapine 200mg, tablets, 60 Tabs",Nevirapine,Generic,200mg,Tablet,Hetero Unit III Hyderabad IN,41045,60,34500,106605,3.09,0.05,208.95,2044,10883.65,TRUE,12/15/09,12/15/09,,7/16/09
116-ZA-T30,FPQ-13214,SCMS-215410,ASN-23875,South Africa,PMO - US,Direct Drop,DDP,Truck,ARV,Pediatric,S. BUYS WHOLESALER,"Lopinavir/Ritonavir 100/25mg [Aluvia], tablets, 60 Tabs",Lopinavir/Ritonavir,Generic,100/25mg,Tablet,ABBVIE Ludwigshafen Germany,41056,60,8,46.26,5.78,0.1,0.05,,,FALSE,1/13/14,1/13/14,,12/2/13
101-CD-T30,FPQ-12093,SCMS-189050,ASN-21267,"Congo, DRC",PMO - US,Direct Drop,FCA,Air,ARV,Pediatric,ABBVIE LOGISTICS (FORMERLY ABBOTT LOGISTICS BV),"Lopinavir/Ritonavir 100/25mg [Aluvia], tablets, 60 Tabs",Lopinavir/Ritonavir,Generic,100/25mg,Tablet,ABBVIE Ludwigshafen Germany,41062,60,304,1805.76,5.94,0.1,2.23,43,453.31,TRUE,1/15/14,1/15/14,,5/23/13
104-CI-T30,FPQ-9756,SCMS-147690,ASN-17354,Côte d'Ivoire,PMO - US,Direct Drop,EXW,Air,ARV,Pediatric,Aurobindo Pharma Limited,"Abacavir/Lamivudine 60/30mg, tablets, 60 Tabs",Abacavir/Lamivudine,Generic,60/30mg,Tablet - FDC,"Aurobindo Unit III, India",41092,60,7228,33248.8,4.6,0.08,46.61,338,3845.67,TRUE,12/31/12,12/31/12,,6/6/12
101-CD-T30,FPQ-11103,SCMS-170580,ASN-18712,"Congo, DRC",PMO - US,Direct Drop,EXW,Air,ARV,Pediatric,Aurobindo Pharma Limited,"Nevirapine 50mg, dispersible tablets (tablets for oral suspension), 30 Tabs",Nevirapine,Generic,50mg,Chewable/dispersible tablet,"Aurobindo Unit III, India",41096,30,492,615,1.25,0.04,0.76,27,938.06,TRUE,7/11/13,7/19/13,,1/3/13
161-ZA-T30,FPQ-5303,SCMS-68740,ASN-8174,South Africa,PMO - US,Direct Drop,DDP,Air,ARV,Adult,CIPLA LIMITED,"Tenofovir Disoproxil Fumarate 300mg, tablets, 30 Tabs",Tenofovir Disoproxil Fumarate,Generic,300mg,Tablet,"Cipla, Goa, India",41099,30,83238,650921.2,7.82,0.26,1403.39,5663,5298.02,TRUE,9/1/10,10/11/10,,3/19/10
116-ZA-T30,FPQ-12523,SCMS-199316,ASN-27044,South Africa,PMO - US,Direct Drop,DDP,Truck,ARV,Adult,S. BUYS WHOLESALER,"Ritonavir 100mg [Norvir], capsules, cool, 84 Caps",Ritonavir,Norvir,100mg,Capsule,ABBVIE (Abbott) Logis. UK,41132,84,3,19.05,6.35,0.08,0.02,,,TRUE,7/4/14,7/4/14,,7/4/14
113-ZW-T30,FPQ-3998,SCMS-49710,ASN-4729,Zimbabwe,PMO - US,Direct Drop,EXW,Air,HRDT,HIV test,"Standard Diagnostics, Inc.","HIV 1/2, Bioline 3.0 Kit, Lancets, Capillary pipets, Alcohol swabs included, 25 Tests","HIV 1/2, Bioline 3.0 Kit, Lancets, Capillary pipets, Alcohol swabs included",Bioline,N/A,Test kit,"Standard Diagnostics, Korea",41146,25,2000,40000,20,0.8,78.4,624,4756.06,TRUE,9/1/09,9/1/09,,7/21/09
133-NG-T30,FPQ-7553,SCMS-108710,ASN-11147,Nigeria,PMO - US,Direct Drop,EXW,Air,HRDT,HIV test,"CHEMBIO DIAGNOSTIC SYSTEMS, INC.","HIV 1/2, Stat-Pak HIV, Kit, 20 Tests","HIV 1/2, Stat-Pak HIV, Kit",Stat-Pak,N/A,Test kit,Chembio Diagnostics Sys. Inc.,41162,20,1286,37294,29,1.45,61.54,482,2386.35,TRUE,6/28/11,6/28/11,,5/18/11
161-ZA-T30,FPQ-5648,SCMS-75510,ASN-8495,South Africa,PMO - US,Direct Drop,DDP,Air,ARV,Adult,Aurobindo Pharma Limited,"Tenofovir Disoproxil Fumarate 300mg, tablets, 30 Tabs",Tenofovir Disoproxil Fumarate,Generic,300mg,Tablet,"Aurobindo Unit III, India",41184,30,59681,412395.72,6.91,0.23,889.13,5200,5953.37,TRUE,11/25/10,12/8/10,,6/17/10
116-ZA-T30,FPQ-3596,SCMS-50362,ASN-5862,South Africa,PMO - US,Direct Drop,DDP,Truck,ARV,Adult,S. BUYS WHOLESALER,"Lamivudine 150mg, tablets, 60 Tabs",Lamivudine,Generic,150mg,Tablet,"Aurobindo Unit III, India",41201,60,46,470.75,10.23,0.17,0.92,,,TRUE,12/8/09,12/8/09,,9/22/09
109-TZ-T30,FPQ-12540,SCMS-198800,ASN-21501,Tanzania,PMO - US,Direct Drop,EXW,Air,ARV,Adult,MYLAN LABORATORIES LTD (FORMERLY MATRIX LABORATORIES),"Efavirenz/Emtricitabine/Tenofovir Disoproxil Fumarate 600/200/300mg, tablets, 30 Tabs",Efavirenz/Emtricitabine/Tenofovir Disoproxil Fumarate,Generic,600/200/300mg,Tablet - FDC,Mylan (formerly Matrix) Nashik,41214,30,216755,2653081.2,12.24,0.41,3281.86,28678,118541.26,TRUE,10/4/13,10/4/13,,7/16/13
102-KE-T30,FPQ-8446,SCMS-124900,ASN-13150,Kenya,PMO - US,Direct Drop,EXW,Air,HRDT,HIV test,"Orgenics, Ltd","HIV 1/2, Determine Complete HIV Kit, 100 Tests","HIV 1/2, Determine Complete HIV Kit",Determine,N/A,Test kit,"Alere Medical Co., Ltd.",41222,100,6100,542900,89,0.89,895.78,3497,40917.19,TRUE,1/17/12,1/17/12,,10/26/11
106-HT-T30,FPQ-14083,SCMS-240170,ASN-27004,Haiti,PMO - US,Direct Drop,EXW,Air,ARV,Adult,HETERO LABS LIMITED,"Nevirapine 200mg, tablets, 60 Tabs",Nevirapine,Generic,200mg,Tablet,Hetero Unit III Hyderabad IN,41232,60,10050,21909,2.18,0.04,22.52,659,5586.53,TRUE,8/25/14,8/25/14,,6/2/14
101-AF-T30,FPQ-15746,SCMS-275090,ASN-30861,Afghanistan,PMO - US,Direct Drop,EXW,Air,ANTM,Malaria,IMRES B.V.,"Quinine 600mg/2ml (as dihydrochloride), injection, 2ml x 100 Ampules",Quinine (as dihydrochloride),Generic,600mg/2ml,Injection,"Gland Pharma, Hyderabad, IN",41238,100,32,800,25,0.25,0.94,68,555.49,TRUE,7/12/15,7/12/15,,2/9/15
108-VN-T30,FPQ-15040,SCMS-263650,ASN-30553,Vietnam,PMO - US,Direct Drop,EXW,Air,ARV,Adult,MYLAN LABORATORIES LTD (FORMERLY MATRIX LABORATORIES),"Efavirenz/Lamivudine/Tenofovir Disoproxil Fumarate 600/300/300mg, tablets, 30 Tabs",Efavirenz/Lamivudine/Tenofovir Disoproxil Fumarate,Generic,600/300/300mg,Tablet - FDC,Mylan (formerly Matrix) Nashik,41260,30,21384,217047.6,10.15,0.34,223.12,2406,4219.32,TRUE,3/23/15,3/23/15,,12/8/14
116-ZA-T30,FPQ-14942,SCMS-259079,ASN-33854,South Africa,PMO - US,Direct Drop,DDP,Truck,ARV,Pediatric,PHARMACY DIRECT,"Atazanavir 150mg [Reyataz], capsules, 60 Caps",Atazanavir,Reyataz,150mg,Capsule,"BMS Evansville, US",41279,60,3,47.7,15.9,0.26,0.05,,,FALSE,8/24/15,8/24/15,,10/9/14
114-UG-T30,FPQ-12273,SCMS-198551,ASN-21866,Uganda,PMO - US,Direct Drop,EXW,Air,HRDT,HIV test,BIO-RAD LABORATORIES (FRANCE),"HIV, Multispot HIV-1/HIV-2 Rapid Test Kit, 50 Tests","HIV, Multispot HIV-1/HIV-2 Rapid Test Kit",Multispot,N/A,Test kit,Bio-Rad Laboratories,41282,50,31,38750,1250,25,47.93,43,1324.43,TRUE,11/7/13,11/7/13,,8/5/13
116-ZA-T30,FPQ-7176,SCMS-104430,ASN-11056,South Africa,PMO - US,Direct Drop,DDP,Ocean,ARV,Adult,STRIDES ARCOLAB LIMITED,"Lamivudine 150mg, tablets, 60 Tabs",Lamivudine,Generic,150mg,Tablet,"Strides, Bangalore, India.",41288,60,75000,182250,2.43,0.04,300.71,3347,7414.66,TRUE,9/2/11,9/2/11,,4/1/11
111-MZ-T30,FPQ-15276,SCMS-263010,ASN-31456,Mozambique,PMO - US,Direct Drop,FCA,Air,ARV,Adult,ABBVIE LOGISTICS (FORMERLY ABBOTT LOGISTICS BV),"Ritonavir 100mg [Norvir], film coated tablets, 60 Tabs",Ritonavir,Norvir,100mg,Tablet,ABBVIE Ludwigshafen Germany,41298,60,120,822,6.85,0.11,0.97,,,TRUE,5/6/15,5/6/15,,11/7/14
116-ZA-T30,FPQ-14942,SCMS-259073,ASN-30673,South Africa,PMO - US,Direct Drop,DDP,Truck,ARV,Adult,PHARMACY DIRECT,"Etravirine 100mg [Intelence], tablets, 120 Tabs",Etravirine,Intelence,100mg,Tablet,"Janssen-Cilag, Latina, IT",41301,120,2,51.19,25.6,0.21,0.05,,,TRUE,2/12/15,2/12/15,,2/12/15
106-HT-T30,FPQ-14895,SCMS-258630,ASN-30066,Haiti,PMO - US,Direct Drop,EXW,Air,ARV,Adult,MYLAN LABORATORIES LTD (FORMERLY MATRIX LABORATORIES),"Efavirenz/Lamivudine/Tenofovir Disoproxil Fumarate 600/300/300mg, tablets, 30 Tabs",Efavirenz/Lamivudine/Tenofovir Disoproxil Fumarate,Generic,600/300/300mg,Tablet - FDC,Mylan (formerly Matrix) Nashik,41302,30,75000,768000,10.24,0.34,789.5,9057,55886.43,TRUE,3/11/15,3/11/15,,11/14/14
103-ZW-T30,FPQ-15220,SCMS-261580,ASN-31449,Zimbabwe,PMO - US,Direct Drop,FCA,Air,ARV,Pediatric,ABBVIE LOGISTICS (FORMERLY ABBOTT LOGISTICS BV),"Lopinavir/Ritonavir 100/25mg [Aluvia], tablets, 60 Tabs",Lopinavir/Ritonavir,Generic,100/25mg,Tablet,ABBVIE Ludwigshafen Germany,41304,60,19922,118336.68,5.94,0.1,139.28,3991,34670.93,TRUE,4/22/15,4/22/15,,10/30/14
106-HT-T30,FPQ-4389,SCMS-58050,ASN-7024,Haiti,PMO - US,Direct Drop,FCA,Air,ARV,Pediatric,ABBVIE LOGISTICS (FORMERLY ABBOTT LOGISTICS BV),"Lopinavir/Ritonavir 80/20mg/ml [Kaletra], oral solution, cool, Bottle 5 x 60 ml",Lopinavir/Ritonavir,Kaletra,80/20mg/ml,Oral solution,ABBVIE (Abbott) Logis. UK,41368,300,50,1808,36.16,0.12,3.9,100,3806.01,TRUE,6/29/10,6/29/10,,11/23/09
106-HT-T30,FPQ-11442,SCMS-177180,ASN-18919,Haiti,PMO - US,Direct Drop,EXW,Ocean,ARV,Adult,Aurobindo Pharma Limited,"Lamivudine 150mg, tablets, 60 Tabs",Lamivudine,Generic,150mg,Tablet,"Aurobindo Unit III, India",41381,60,2430,5224.5,2.15,0.04,6.46,,,FALSE,8/7/13,8/7/13,,3/11/13
106-HT-T30,FPQ-14895,SCMS-261050,ASN-30327,Haiti,PMO - US,Direct Drop,EXW,Air,ARV,Adult,HETERO LABS LIMITED,"Tenofovir Disoproxil Fumarate 300mg, tablets, 30 Tabs",Tenofovir Disoproxil Fumarate,Generic,300mg,Tablet,Hetero Unit III Hyderabad IN,41399,30,384,1363.2,3.55,0.12,1.4,42,2391.08,TRUE,2/24/15,2/24/15,,11/14/14
116-ZA-T30,FPQ-12522,SCMS-199283,ASN-27976,South Africa,PMO - US,Direct Drop,DDP,Truck,ARV,Adult,S. BUYS WHOLESALER,"Efavirenz 600mg, tablets, 30 Tabs",Efavirenz,Generic,600mg,Tablet,Hetero Unit III Hyderabad IN,41414,30,257,4298.6,16.73,0.56,5.32,,,FALSE,8/27/14,8/27/14,,8/27/14
116-ZA-T30,FPQ-3596,SCMS-50370,ASN-5461,South Africa,PMO - US,Direct Drop,DDP,Truck,ARV,Pediatric,S. BUYS WHOLESALER,"Stavudine 1mg/ml, powder for oral solution, 200 ml",Stavudine,Generic,1mg/ml,Oral solution,"Aurobindo Unit III, India",41418,200,4500,12317.21,2.74,0.01,24.14,,,TRUE,10/28/09,10/28/09,,9/22/09
106-HT-T30,FPQ-14895,SCMS-261700,ASN-30811,Haiti,PMO - US,Direct Drop,EXW,Air,ARV,Adult,HETERO LABS LIMITED,"Zidovudine 300mg, tablets, 60 Tabs",Zidovudine,Generic,300mg,Tablet,Hetero Unit III Hyderabad IN,41431,60,990,5445,5.5,0.09,5.6,69,694.54,TRUE,3/26/15,3/26/15,,11/14/14
108-VN-T30,FPQ-6818,SCMS-97850,ASN-11024,Vietnam,PMO - US,Direct Drop,EXW,Air,ARV,Adult,MYLAN LABORATORIES LTD (FORMERLY MATRIX LABORATORIES),"Lamivudine/Zidovudine 150/300mg, tablets, 60 Tabs",Lamivudine/Zidovudine,Generic,150/300mg,Tablet - FDC,Mylan (formerly Matrix) Nashik,41444,60,5070,41827.5,8.25,0.14,69.02,,,FALSE,6/22/11,6/22/11,,2/15/11
108-VN-T30,FPQ-9577,SCMS-145530,ASN-16123,Vietnam,PMO - US,Direct Drop,EXW,Air,ARV,Adult,MYLAN LABORATORIES LTD (FORMERLY MATRIX LABORATORIES),"Abacavir 300mg, tablets, 60 Tabs",Abacavir,Generic,300mg,Tablet,Mylan (formerly Matrix) Nashik,41474,60,169,2154.75,12.75,0.21,3.02,,,FALSE,10/9/12,10/9/12,,6/12/12
116-ZA-T30,FPQ-5381,SCMS-69590,ASN-6724,South Africa,PMO - US,Direct Drop,DDP,Truck,ARV,Adult,S. BUYS WHOLESALER,"Stavudine 30mg, capsules, 60 Caps",Stavudine,Generic,30mg,Capsule,"Aurobindo Unit III, India",41500,60,1200,5558.6,4.63,0.08,11.98,,,FALSE,4/1/10,4/1/10,,3/25/10
108-VN-T30,FPQ-9576,SCMS-145290,ASN-15777,Vietnam,PMO - US,Direct Drop,EXW,Air,ARV,Pediatric,Aurobindo Pharma Limited,"Zidovudine 10mg/ml, oral solution w/syringe, Bottle, 240 ml",Zidovudine,Generic,10mg/ml,Oral solution,"Aurobindo Unit III, India",41568,240,150,315,2.1,0.01,0.44,58,755.03,TRUE,8/23/12,8/23/12,,6/8/12
103-ZW-T30,FPQ-9905,SCMS-148310,ASN-17808,Zimbabwe,PMO - US,Direct Drop,FCA,Air,ARV,Pediatric,ABBVIE LOGISTICS (FORMERLY ABBOTT LOGISTICS BV),"Lopinavir/Ritonavir 80/20mg/ml [Kaletra], oral solution, cool, Bottle 5 x 60 ml",Lopinavir/Ritonavir,Kaletra,80/20mg/ml,Oral solution,ABBVIE (Abbott) Logis. UK,41578,300,1500,46230,30.82,0.1,64.81,1374,15509.16,TRUE,2/9/13,2/9/13,,7/18/12
110-ZM-T30,FPQ-10531,SCMS-158520,ASN-16908,Zambia,PMO - US,Direct Drop,EXW,Air,HRDT,HIV test,"Orgenics, Ltd","HIV 1/2, Determine Complete HIV Kit, 100 Tests","HIV 1/2, Determine Complete HIV Kit",Determine,N/A,Test kit,"Alere Medical Co., Ltd.",41584,100,3000,240000,80,0.8,336.48,1428,25760.94,TRUE,10/31/12,11/7/12,,9/5/12
116-ZA-T30,FPQ-14942,SCMS-295800,ASN-33865,South Africa,PMO - US,Direct Drop,DDP,Truck,ARV,Adult,PHARMACY DIRECT,"Efavirenz 600mg, tablets, 30 Tabs",Efavirenz,Generic,600mg,Tablet,"Aurobindo Unit III, India",41603,30,39,471.65,12.09,0.4,0.48,,,FALSE,8/24/15,8/24/15,,8/24/15
161-ZA-T30,FPQ-6262,SCMS-83730,ASN-9947,South Africa,PMO - US,Direct Drop,DDP,Ocean,ARV,Adult,Aurobindo Pharma Limited,"Efavirenz 600mg, tablets, 30 Tabs",Efavirenz,Generic,600mg,Tablet,"Aurobindo Unit III, India",41623,30,100591,455677.22,4.53,0.15,982.44,8635,11203.79,TRUE,4/26/11,4/26/11,,9/24/10
105-SS-T30,FPQ-15569,SCMS-272150,ASN-31765,South Sudan,PMO - US,Direct Drop,EXW,Air,HRDT,HIV test,"Trinity Biotech, Plc","HIV 1/2, Uni-Gold HIV Kit, 20 Tests","HIV 1/2, Uni-Gold HIV Kit",Uni-Gold,N/A,Test kit,"Trinity Biotech, Plc",41640,20,450,14400,32,1.6,16.95,164,1871.07,TRUE,7/25/15,7/25/15,,2/20/15
106-HT-T30,FPQ-13494,SCMS-225414,ASN-30328,Haiti,PMO - US,Direct Drop,EXW,Air,HRDT,HIV test,"Orgenics, Ltd","HIV 1/2, Determine Complete HIV Kit, 100 Tests","HIV 1/2, Determine Complete HIV Kit",Determine,N/A,Test kit,"Alere Medical Co., Ltd.",41694,100,4500,450000,100,1,462.6,1825,15408.29,TRUE,2/26/15,2/26/15,,2/19/14
108-VN-T30,FPQ-10266,SCMS-153060,ASN-16145,Vietnam,PMO - US,Direct Drop,EXW,Air,ARV,Adult,HETERO LABS LIMITED,"Nevirapine 200mg, tablets, 60 Tabs",Nevirapine,Generic,200mg,Tablet,Hetero Unit III Hyderabad IN,41697,60,6414,14944.62,2.33,0.04,20.95,425,1032.12,TRUE,10/9/12,10/9/12,,7/12/12
114-UG-T30,FPQ-13696,SCMS-231520,ASN-25625,Uganda,PMO - US,Direct Drop,FCA,Air,ARV,Pediatric,ABBVIE LOGISTICS (FORMERLY ABBOTT LOGISTICS BV),"Lopinavir/Ritonavir 100/25mg [Aluvia], tablets, 60 Tabs",Lopinavir/Ritonavir,Generic,100/25mg,Tablet,ABBVIE Ludwigshafen Germany,41723,60,1000,5940,5.94,0.1,6.11,116,1105.6,TRUE,4/25/14,4/25/14,,3/21/14
161-ZA-T30,FPQ-6708,SCMS-93530,ASN-9845,South Africa,PMO - US,Direct Drop,DDP,Ocean,ARV,Adult,Aurobindo Pharma Limited,"Tenofovir Disoproxil Fumarate 300mg, tablets, 30 Tabs",Tenofovir Disoproxil Fumarate,Generic,300mg,Tablet,"Aurobindo Unit III, India",41780,30,120000,798000,6.65,0.22,1316.7,11201,13084.26,TRUE,4/7/11,4/7/11,,12/14/10
116-ZA-T30,FPQ-11828,SCMS-183950,ASN-19166,South Africa,South Africa Field Office,Direct Drop,DDP,Truck,ARV,Adult,S. BUYS WHOLESALER,"Lamivudine/Zidovudine 150/300mg [Combivir], tablets, 60 Tabs",Lamivudine/Zidovudine,Combivir,150/300mg,Tablet - FDC,"GSK, U1, Poznan, Poland",41784,60,7,117.6,16.8,0.28,0.15,,,FALSE,4/16/13,4/16/13,,
105-GH-T30,FPQ-13809,SCMS-234060,ASN-25862,Ghana,PMO - US,Direct Drop,EXW,Air,ARV,Adult,CIPLA LIMITED,"Efavirenz/Emtricitabine/Tenofovir Disoproxil Fumarate 600/200/300mg, tablets, 30 Tabs",Efavirenz/Emtricitabine/Tenofovir Disoproxil Fumarate,Generic,600/200/300mg,Tablet - FDC,"Cipla, Goa, India",41791,30,24917,284053.8,11.4,0.38,292.01,3227,20654.13,TRUE,6/17/14,6/17/14,,4/15/14
161-ZA-T30,FPQ-6262,SCMS-83790,ASN-9195,South Africa,PMO - US,Direct Drop,DDP,Ocean,ARV,Adult,Aurobindo Pharma Limited,"Lamivudine 150mg, tablets, 60 Tabs",Lamivudine,Generic,150mg,Tablet,"Aurobindo Unit III, India",41798,60,17013,40320.81,2.37,0.04,86.93,,,FALSE,1/31/11,2/1/11,,9/24/10
900-UG-T30,FPQ-10089,SCMS-149410,ASN-15468,Uganda,PMO - US,Direct Drop,EXW,Air,ARV,Adult,HETERO LABS LIMITED,"Nevirapine 200mg, tablets, 60 Tabs",Nevirapine,Generic,200mg,Tablet,Hetero Unit III Hyderabad IN,41838,60,61290,143418.6,2.34,0.04,201.07,3528,16938.13,TRUE,7/27/12,7/27/12,,6/12/12
116-ZA-T30,FPQ-13035,SCMS-215370,ASN-24415,South Africa,PMO - US,Direct Drop,DDP,Truck,ARV,Adult,S. BUYS WHOLESALER,"Abacavir 300mg, tablets, 60 Tabs",Abacavir,Generic,300mg,Tablet,"Cipla, Patalganga, India",41841,60,53,3422.75,64.58,1.08,4.23,,,FALSE,2/6/14,2/6/14,,12/2/13
116-ZA-T30,FPQ-14942,SCMS-259073,ASN-30671,South Africa,PMO - US,Direct Drop,DDP,Truck,ARV,Pediatric,PHARMACY DIRECT,"Lamivudine 10mg/ml, oral solution, Bottle, 240 ml",Lamivudine,Generic,10mg/ml,Oral solution,"Aurobindo Unit III, India",41852,240,7,36.18,5.17,0.02,0.04,,,FALSE,2/12/15,2/12/15,,2/12/15
116-ZA-T30,FPQ-13214,SCMS-215410,ASN-23875,South Africa,PMO - US,Direct Drop,DDP,Truck,ARV,Adult,S. BUYS WHOLESALER,"Didanosine 400mg, delayed-release capsules, 30 Caps",Didanosine,Generic,400mg,Delayed-release capsules,"Aurobindo Unit III, India",41875,30,26,506.63,19.49,0.65,0.52,,,FALSE,1/13/14,1/13/14,,12/2/13
127-KE-T30,FPQ-7684,SCMS-109250,ASN-11401,Kenya,PMO - US,Direct Drop,EXW,Air,HRDT,HIV test,"Orgenics, Ltd","HIV 1/2, Determine Complete HIV Kit, 100 Tests","HIV 1/2, Determine Complete HIV Kit",Determine,N/A,Test kit,Inverness Japan,41878,100,7263,646407,89,0.89,1066.57,2069,14307.97,TRUE,8/9/11,8/9/11,,5/19/11
108-VN-T30,FPQ-12051,SCMS-188710,ASN-21667,Vietnam,PMO - US,Direct Drop,EXW,Air,ARV,Adult,HETERO LABS LIMITED,"Zidovudine 300mg, tablets, 60 Tabs",Zidovudine,Generic,300mg,Tablet,Hetero Unit III Hyderabad IN,41892,60,497,2857.75,5.75,0.1,3.54,117,658.27,TRUE,9/28/13,9/28/13,,5/15/13
108-VN-T30,FPQ-12539,SCMS-199850,ASN-23208,Vietnam,PMO - US,Direct Drop,EXW,Air,ARV,Adult,HETERO LABS LIMITED,"Tenofovir Disoproxil Fumarate 300mg, tablets, 30 Tabs",Tenofovir Disoproxil Fumarate,Generic,300mg,Tablet,Hetero Unit III Hyderabad IN,41902,30,13307,47239.85,3.55,0.12,58.44,1018,1681.58,TRUE,1/7/14,1/7/14,,7/25/13
114-UG-T30,FPQ-15303,SCMS-264930,ASN-31155,Uganda,PMO - US,Direct Drop,EXW,Air,ARV,Pediatric,Aurobindo Pharma Limited,"Lopinavir/Ritonavir 100/25mg, tablets, 60 Tabs",Lopinavir/Ritonavir,Generic,100/25mg,Tablet,"Aurobindo Unit III, India",41905,60,2335,18773.4,8.04,0.13,22.1,237,1488.99,TRUE,4/8/15,4/8/15,,11/25/14
102-BI-T30,FPQ-13443,SCMS-223470,ASN-24712,Burundi,PMO - US,Direct Drop,EXW,Air,HRDT,HIV test,"Orgenics, Ltd","HIV 1/2, Determine Complete HIV Kit, 100 Tests","HIV 1/2, Determine Complete HIV Kit",Determine,N/A,Test kit,"Alere Medical Co., Ltd.",41910,100,675,54000,80,0.8,55.51,278,5626.76,TRUE,3/24/14,3/24/14,,2/3/14
161-ZA-T30,FPQ-7175,SCMS-103510,ASN-11888,South Africa,PMO - US,Direct Drop,DDP,Ocean,ARV,Adult,Aurobindo Pharma Limited,"Efavirenz 600mg, tablets, 30 Tabs",Efavirenz,Generic,600mg,Tablet,"Aurobindo Unit III, India",41916,30,48866,220385.66,4.51,0.15,363.64,4154,9951.37,TRUE,10/10/11,10/10/11,,3/24/11
102-BI-T30,FPQ-13443,SCMS-223471,ASN-25595,Burundi,PMO - US,Direct Drop,EXW,Air,HRDT,HIV test,"Orgenics, Ltd","HIV 1/2, Determine Complete HIV Kit, 100 Tests","HIV 1/2, Determine Complete HIV Kit",Determine,N/A,Test kit,"Alere Medical Co., Ltd.",41934,100,1128,90240,80,0.8,92.77,462,12205.04,TRUE,5/9/14,5/9/14,,2/3/14
108-VN-T30,FPQ-15692,SCMS-274370,ASN-32262,Vietnam,PMO - US,Direct Drop,EXW,Air,ARV,Adult,HETERO LABS LIMITED,"Efavirenz/Lamivudine/Tenofovir Disoproxil Fumarate 600/300/300mg, tablets, 30 Tabs",Efavirenz/Lamivudine/Tenofovir Disoproxil Fumarate,Generic,600/300/300mg,Tablet - FDC,Hetero Unit III Hyderabad IN,41943,30,9600,96000,10,0.33,112.99,,,TRUE,7/13/15,7/13/15,,2/17/15
108-VN-T30,FPQ-7427,SCMS-105520,ASN-12083,Vietnam,PMO - US,Direct Drop,EXW,Air,ARV,Adult,HETERO LABS LIMITED,"Stavudine 30mg, capsules, 60 Caps",Stavudine,Generic,30mg,Capsule,Hetero Unit III Hyderabad IN,41953,60,40000,58000,1.45,0.02,95.7,2343,12751.68,TRUE,10/19/11,10/19/11,,4/14/11
116-ZA-T30,FPQ-14942,SCMS-259075,ASN-32137,South Africa,PMO - US,Direct Drop,DDP,Truck,ARV,Adult,PHARMACY DIRECT,"Etravirine 100mg [Intelence], tablets, 120 Tabs",Etravirine,Intelence,100mg,Tablet,"Janssen-Cilag, Latina, IT",41957,120,2,51.19,25.6,0.21,0.05,,,TRUE,5/12/15,5/12/15,,5/11/15
133-NG-T30,FPQ-15504,SCMS-270771,ASN-32757,Nigeria,PMO - US,Direct Drop,EXW,Air,HRDT,HIV test,"Orgenics, Ltd","HIV 1/2, Determine Complete HIV Kit, 100 Tests","HIV 1/2, Determine Complete HIV Kit",Determine,N/A,Test kit,"Alere Medical Co., Ltd.",41992,100,4697,418033,89,0.89,492.02,,,TRUE,6/30/15,7/6/15,,3/13/15
101-KE-T30,FPQ-11883,SCMS-184980,ASN-20969,Kenya,PMO - US,Direct Drop,EXW,Air,HRDT,HIV test,"SHANGHAI KEHUA BIOENGINEERING CO.,LTD.  (KHB)","HIV 1/2, SKB Colloidal Gold, Diagnostic Kit Set, (includes lancet, transfer pipette & alcohol prep pad), 50 Tests","HIV 1/2, Colloidal Gold, Diagnostic Kit Set (includes lancet, transfer pipette & alcohol prep pad)",Colloidal Gold,N/A,Test kit,"KHB Test Kit Facility, Shanghai China",42000,1,20000,600000,30,30,742.2,18580,241407.27,TRUE,8/24/13,8/24/13,,6/10/13
105-SS-T30,FPQ-15569,SCMS-272140,ASN-31129,South Sudan,PMO - US,Direct Drop,EXW,Air,HRDT,HIV test,"Trinity Biotech, Plc","HIV 1/2, Uni-Gold HIV Kit, 20 Tests","HIV 1/2, Uni-Gold HIV Kit",Uni-Gold,N/A,Test kit,"Trinity Biotech, Plc",42030,20,18,576,32,1.6,0.68,,,FALSE,5/8/15,5/8/15,,2/20/15
102-KE-T30,FPQ-4587,SCMS-58380,ASN-5898,Kenya,PMO - US,Direct Drop,EXW,Air,HRDT,HIV test,"Orgenics, Ltd","HIV 1/2, Determine Complete HIV Kit, 100 Tests","HIV 1/2, Determine Complete HIV Kit",Determine,N/A,Test kit,Inverness Japan,42038,100,7888,631040,80,0.8,1360.52,1357,12965.93,TRUE,2/16/10,2/19/10,,12/2/09
116-ZA-T30,FPQ-14942,SCMS-259079,ASN-33851,South Africa,PMO - US,Direct Drop,DDP,Truck,ARV,Adult,PHARMACY DIRECT,"Abacavir 300mg, tablets, 60 Tabs",Abacavir,Generic,300mg,Tablet,"Aurobindo Unit III, India",42061,60,88,4713.55,53.56,0.89,4.85,,,FALSE,8/24/15,8/24/15,,10/9/14
A01-BF-T50,FPQ-15908,SCMS-285180,ASN-32998,Burkina Faso,PMO - US,Direct Drop,EXW,Air,ARV,Adult,HETERO LABS LIMITED,"Lamivudine 300mg, tablets, 30 Tabs",Lamivudine,Generic,300mg,Tablet,Hetero Unit III Hyderabad IN,42073,30,140,280,2,0.07,0.33,,,TRUE,7/11/15,7/11/15,,4/22/15
116-ZA-T30,FPQ-13035,SCMS-215370,ASN-24415,South Africa,PMO - US,Direct Drop,DDP,Truck,ARV,Adult,S. BUYS WHOLESALER,"Stavudine 30mg, capsules, 60 Caps",Stavudine,Generic,30mg,Capsule,"Aurobindo Unit III, India",42094,60,1022,3808.14,3.73,0.06,4.71,,,FALSE,2/6/14,2/6/14,,12/2/13
116-ZA-T30,FPQ-4359,SCMS-54970,ASN-5473,South Africa,PMO - US,Direct Drop,DDP,Truck,ARV,Pediatric,S. BUYS WHOLESALER,"Efavirenz 50mg, capsule, 30 Caps",Efavirenz,Generic,50mg,Capsule,"Aurobindo Unit III, India",42116,30,500,2112.45,4.22,0.14,4.14,,,TRUE,10/27/09,10/27/09,,10/15/09
108-VN-T30,FPQ-6384,SCMS-87730,ASN-9118,Vietnam,PMO - US,Direct Drop,EXW,Air,ARV,Adult,STRIDES ARCOLAB LIMITED,"Lamivudine 150mg, tablets, 60 Tabs",Lamivudine,Generic,150mg,Tablet,"Strides, Bangalore, India.",42125,60,15153,35609.55,2.35,0.04,76.77,3595,12632.99,TRUE,12/22/10,12/22/10,,10/15/10
108-VN-T30,FPQ-10287,SCMS-156281,ASN-17806,Vietnam,PMO - US,Direct Drop,EXW,Air,ARV,Pediatric,MYLAN LABORATORIES LTD (FORMERLY MATRIX LABORATORIES),"Lamivudine/Nevirapine/Zidovudine 30/50/60mg, dispersible tablets, 60 Tabs",Lamivudine/Nevirapine/Zidovudine,Generic,30/50/60mg,Chewable/dispersible tablet - FDC,Mylan (formerly Matrix) Nashik,42138,60,12492,51841.8,4.15,0.07,72.68,,,FALSE,2/2/13,2/2/13,,8/14/12
101-CD-T30,FPQ-14654,SCMS-253260,ASN-28279,"Congo, DRC",PMO - US,Direct Drop,EXW,Air,HRDT,HIV test,"Trinity Biotech, Plc","HIV 1/2, Uni-Gold HIV Kit, 20 Tests","HIV 1/2, Uni-Gold HIV Kit",Uni-Gold,N/A,Test kit,"Trinity Biotech, Plc",42140,20,39,1248,32,1.6,1.28,,,FALSE,11/4/14,11/4/14,,8/27/14
106-HT-T30,FPQ-15038,SCMS-263000,ASN-30566,Haiti,PMO - US,Direct Drop,EXW,Ocean,ARV,Adult,HETERO LABS LIMITED,"Lamivudine/Tenofovir Disoproxil Fumarate 300/300mg, tablets, 30 Tabs",Lamivudine/Tenofovir Disoproxil Fumarate,Generic,300/300mg,Tablet - FDC,Hetero Unit III Hyderabad IN,42156,30,18273,84421.26,4.62,0.15,86.79,2001,7842.4,TRUE,4/20/15,4/20/15,,12/24/14
114-UG-T30,FPQ-13600,SCMS-225710,ASN-27170,Uganda,PMO - US,Direct Drop,CIP,Air,ARV,Adult,MERCK SHARP & DOHME IDEA GMBH (FORMALLY MERCK SHARP & DOHME B.V.),"Raltegravir 400mg [Isentress], tablets, 60 Tabs",Raltegravir,Isentress,400mg,Tablet,"MSD, Haarlem, NL",42159,60,1300,72150,55.5,0.92,74.17,,,TRUE,7/30/14,7/30/14,,2/4/14
116-ZA-T30,FPQ-12522,SCMS-199283,ASN-27980,South Africa,PMO - US,Direct Drop,DDP,Truck,ARV,Adult,S. BUYS WHOLESALER,"Nevirapine 200mg, tablets, 60 Tabs",Nevirapine,Generic,200mg,Tablet,"Aurobindo Unit III, India",42179,60,22,433.8,19.72,0.33,0.54,,,FALSE,8/27/14,8/27/14,,8/27/14
116-ZA-T30,FPQ-13973,SCMS-238550,ASN-30792,South Africa,PMO - US,Direct Drop,DDP,Truck,ARV,Pediatric,PHARMACY DIRECT,"Lamivudine 10mg/ml, oral solution, Bottle, 240 ml",Lamivudine,Generic,10mg/ml,Oral solution,"Aurobindo Unit III, India",42186,240,3,21.46,7.15,0.03,0.02,,,FALSE,2/19/15,2/19/15,,5/8/14
161-ZA-T30,FPQ-5303,SCMS-68950,ASN-7079,South Africa,PMO - US,Direct Drop,DDP,Air,ARV,Adult,Aurobindo Pharma Limited,"Nevirapine 200mg, tablets, 60 Tabs",Nevirapine,Generic,200mg,Tablet,"Aurobindo Unit III, India",42187,60,40751,118992.92,2.92,0.05,256.55,4806,6369.79,TRUE,6/9/10,6/11/10,,3/19/10
108-VN-T30,FPQ-16194,SCMS-285490,ASN-33143,Vietnam,PMO - US,Direct Drop,EXW,Air,ARV,Adult,HETERO LABS LIMITED,"Lamivudine 150mg, tablets, 60 Tabs",Lamivudine,Generic,150mg,Tablet,Hetero Unit III Hyderabad IN,42190,60,5300,9540,1.8,0.03,11.23,,,TRUE,9/7/15,9/7/15,,5/13/15
116-ZA-T30,FPQ-11828,SCMS-183950,ASN-19166,South Africa,South Africa Field Office,Direct Drop,DDP,Truck,ARV,Adult,S. BUYS WHOLESALER,"Tenofovir Disoproxil Fumarate 300mg, tablets, 30 Tabs",Tenofovir Disoproxil Fumarate,Generic,300mg,Tablet,"Cipla, Goa, India",42195,30,6304,129614.89,20.56,0.69,160.33,,,FALSE,4/16/13,4/16/13,,
105-SS-T30,FPQ-15569,SCMS-272170,ASN-32107,South Sudan,PMO - US,Direct Drop,EXW,Air,HRDT,HIV test - Ancillary,"Orgenics, Ltd","Chase Buffer, Determine, 100 Tests, 2.5ml x 1 Vial","Chase Buffer, Determine, 100 Tests, 2.5ml x 1 Vial",Determine,N/A,Test kit - Ancillary,"Alere Medical Co., Ltd.",42215,1,50,250,5,5,0.29,,,FALSE,7/2/15,7/7/15,,2/20/15
108-VN-T30,FPQ-4265,SCMS-57130,ASN-6266,Vietnam,PMO - US,Direct Drop,EXW,Air,ARV,Adult,Aurobindo Pharma Limited,"Abacavir 300mg, tablets, 60 Tabs",Abacavir,Generic,300mg,Tablet,"Aurobindo Unit III, India",42221,60,200,3780,18.9,0.32,7.41,,,FALSE,3/19/10,3/19/10,,11/13/09
116-ZA-T30,FPQ-14942,SCMS-259074,ASN-31070,South Africa,PMO - US,Direct Drop,DDP,Truck,ARV,Adult,PHARMACY DIRECT,"Emtricitabine/Tenofovir Disoproxil Fumarate 200/300mg, tablets, 30 Tabs",Emtricitabine/Tenofovir Disoproxil Fumarate,Generic,200/300mg,Tablet - FDC,"Aurobindo Unit III, India",42243,30,9,196.47,21.83,0.73,0.2,,,FALSE,3/9/15,3/9/15,,3/9/15
161-ZA-T30,FPQ-6708,SCMS-93550,ASN-11432,South Africa,PMO - US,Direct Drop,DDP,Ocean,ARV,Adult,Aurobindo Pharma Limited,"Tenofovir Disoproxil Fumarate 300mg, tablets, 30 Tabs",Tenofovir Disoproxil Fumarate,Generic,300mg,Tablet,"Aurobindo Unit III, India",42274,30,76097,506045.06,6.65,0.22,834.97,7105,6121.41,TRUE,6/13/11,9/15/11,,12/14/10
102-GY-T30,FPQ-4068,SCMS-52271,ASN-4991,Guyana,PMO - US,Direct Drop,EXW,Air,HRDT,HIV test,"Orgenics, Ltd","HIV 1/2, Determine Complete HIV Kit, 100 Tests","HIV 1/2, Determine Complete HIV Kit",Determine,N/A,Test kit,Inverness Japan,42275,100,507,36504,72,0.72,71.55,67,4400.85,TRUE,10/16/09,10/16/09,,8/31/09
108-VN-T30,FPQ-14516,SCMS-251680,ASN-29386,Vietnam,PMO - US,Direct Drop,EXW,Air,ARV,Adult,HETERO LABS LIMITED,"Efavirenz/Lamivudine/Tenofovir Disoproxil Fumarate 600/300/300mg, tablets, 30 Tabs",Efavirenz/Lamivudine/Tenofovir Disoproxil Fumarate,Generic,600/300/300mg,Tablet - FDC,Hetero Unit III Hyderabad IN,42295,30,5280,55440,10.5,0.35,56.99,1570,2690.2,TRUE,12/24/14,12/19/14,,8/11/14
116-ZA-T30,FPQ-14942,SCMS-295800,ASN-33865,South Africa,PMO - US,Direct Drop,DDP,Truck,ARV,Adult,PHARMACY DIRECT,"Emtricitabine/Tenofovir Disoproxil Fumarate 200/300mg, tablets, 30 Tabs",Emtricitabine/Tenofovir Disoproxil Fumarate,Generic,200/300mg,Tablet - FDC,"Aurobindo Unit III, India",42300,30,10,234.38,23.44,0.78,0.24,,,FALSE,8/24/15,8/24/15,,8/24/15
102-SD-T30,FPQ-5293,SCMS-68640,ASN-6657,Sudan,PMO - US,Direct Drop,EXW,Air,HRDT,HIV test,"Standard Diagnostics, Inc.","HIV 1/2, Bioline 3.0 Kit, Lancets, Capillary pipets, Alcohol swabs included, 25 Tests","HIV 1/2, Bioline 3.0 Kit, Lancets, Capillary pipets, Alcohol swabs included",Bioline,N/A,Test kit,"Standard Diagnostics, Korea",42334,25,60,1200,20,0.8,2.59,353,3843.25,TRUE,5/7/10,5/7/10,,3/24/10
104-CI-T30,FPQ-4698,SCMS-62971,ASN-10264,Côte d'Ivoire,PMO - US,Direct Drop,FCA,Air,ARV,Adult,ABBVIE LOGISTICS (FORMERLY ABBOTT LOGISTICS BV),"Ritonavir 100mg [Norvir], film coated tablets, 60 Tabs",Ritonavir,Norvir,100mg,Tablet,ABBVIE Ludwigshafen Germany,42359,60,2706,18536.1,6.85,0.11,39.96,346,9539.6,TRUE,4/12/11,4/12/11,,1/15/10
116-ZA-T30,FPQ-15269,SCMS-267020,ASN-29764,South Africa,PMO - US,Direct Drop,DDP,Truck,ARV,Adult,S. BUYS WHOLESALER,"Zidovudine 300mg, tablets, 60 Tabs",Zidovudine,Generic,300mg,Tablet,"Aurobindo Unit III, India",42361,60,13,287.28,22.1,0.37,0.34,,,FALSE,12/10/14,12/10/14,,12/10/14
113-ZW-T30,FPQ-10041,SCMS-150030,ASN-15987,Zimbabwe,PMO - US,Direct Drop,EXW,Air,HRDT,HIV test - Ancillary,"Orgenics, Ltd","Chase Buffer, Determine, 100 Tests, 2.5ml x 1 Vial","Chase Buffer, Determine, 100 Tests, 2.5ml x 1 Vial",Determine,N/A,Test kit - Ancillary,"Alere Medical Co., Ltd.",42394,1,5060,25300,5,5,35.47,2486,46552.3,TRUE,9/18/12,9/18/12,,7/2/12
161-ZA-T30,FPQ-5303,SCMS-69050,ASN-8740,South Africa,PMO - US,Direct Drop,DDP,Air,ARV,Adult,Aurobindo Pharma Limited,"Zidovudine 300mg, tablets, 60 Tabs",Zidovudine,Generic,300mg,Tablet,"Aurobindo Unit III, India",42465,60,8989,66788.27,7.43,0.12,144,454,3315.24,TRUE,12/15/10,12/8/10,,3/19/10
107-RW-T30,FPQ-4047,SCMS-50830,ASN-7095,Rwanda,PMO - US,Direct Drop,CIP,Air,ARV,Adult,HETERO LABS LIMITED,"Lamivudine 150mg, tablets, 60 Tabs",Lamivudine,Generic,150mg,Tablet,Hetero Unit III Hyderabad IN,42499,60,15030,38927.7,2.59,0.04,76.3,933,3847.96,TRUE,6/13/10,6/13/10,,8/18/09
116-ZA-T30,FPQ-12522,SCMS-199289,ASN-28033,South Africa,PMO - US,Direct Drop,DDP,Truck,ARV,Adult,S. BUYS WHOLESALER,"Emtricitabine/Tenofovir Disoproxil Fumarate 200/300mg, tablets, 30 Tabs",Emtricitabine/Tenofovir Disoproxil Fumarate,Generic,200/300mg,Tablet - FDC,"Aurobindo Unit III, India",42505,30,55,1833.08,33.33,1.11,2.27,,,FALSE,8/29/14,8/29/14,,8/29/14
900-UG-T30,FPQ-10089,SCMS-149412,ASN-15775,Uganda,PMO - US,Direct Drop,EXW,Air,ARV,Adult,HETERO LABS LIMITED,"Lamivudine/Tenofovir Disoproxil Fumarate 300/300mg, tablets, 30 Tabs",Lamivudine/Tenofovir Disoproxil Fumarate,Generic,300/300mg,Tablet - FDC,Hetero Unit III Hyderabad IN,42506,30,66960,320738.4,4.79,0.16,449.68,7549,26095.99,TRUE,8/3/12,8/3/12,,6/12/12
110-PK-T30,FPQ-9899,SCMS-149800,ASN-19032,Pakistan,PMO - US,Direct Drop,EXW,Air,HRDT,HIV test,INVERNESS MEDICAL INNOVATIONS HONG KONG LTD,"HIV 1/2, Determine Complete HIV Kit, 100 Tests","HIV 1/2, Determine Complete HIV Kit",Determine,N/A,Test kit,"Alere Medical Co., Ltd.",42571,100,4484,358720,80,0.8,502.93,1948,21689.39,TRUE,9/9/13,9/9/13,,7/9/12
106-HT-T30,FPQ-11285,SCMS-176130,ASN-18522,Haiti,PMO - US,Direct Drop,FCA,Air,ARV,Pediatric,ABBVIE LOGISTICS (FORMERLY ABBOTT LOGISTICS BV),"Lopinavir/Ritonavir 100/25mg [Aluvia], tablets, 60 Tabs",Lopinavir/Ritonavir,Generic,100/25mg,Tablet,ABBVIE Ludwigshafen Germany,42579,60,936,5559.84,5.94,0.1,6.88,128,1637.86,TRUE,3/20/13,3/20/13,,2/5/13
102-KE-T30,FPQ-4591,SCMS-58381,ASN-7200,Kenya,PMO - US,Direct Drop,EXW,Air,HRDT,HIV test,"Orgenics, Ltd","HIV 1/2, Determine Complete HIV Kit, 100 Tests","HIV 1/2, Determine Complete HIV Kit",Determine,N/A,Test kit,Inverness Japan,42655,100,6636,530880,80,0.8,1144.58,1036,11163.27,TRUE,7/7/10,7/8/10,,12/2/09
161-ZA-T30,FPQ-7175,SCMS-123590,ASN-13167,South Africa,PMO - US,Direct Drop,DDP,Ocean,ARV,Adult,Aurobindo Pharma Limited,"Efavirenz 600mg, tablets, 30 Tabs",Efavirenz,Generic,600mg,Tablet,"Aurobindo Unit III, India",42659,30,35357,150620.81,4.26,0.14,248.52,2806,7292.27,TRUE,1/16/12,1/23/12,,9/30/11
116-ZA-T30,FPQ-14942,SCMS-295800,ASN-33865,South Africa,PMO - US,Direct Drop,DDP,Truck,ARV,Adult,PHARMACY DIRECT,"Abacavir 300mg, tablets, 60 Tabs",Abacavir,Generic,300mg,Tablet,"Aurobindo Unit III, India",42667,60,70,3749.42,53.56,0.89,3.85,,,FALSE,8/24/15,8/24/15,,8/24/15
106-HT-T30,FPQ-13797,SCMS-233910,ASN-26209,Haiti,PMO - US,Direct Drop,EXW,Ocean,ARV,Adult,CIPLA LIMITED,"Efavirenz/Lamivudine/Tenofovir Disoproxil Fumarate 600/300/300mg, tablets, 30 Tabs",Efavirenz/Lamivudine/Tenofovir Disoproxil Fumarate,Generic,600/300/300mg,Tablet - FDC,Cipla Ltd A-42 MIDC Mahar. IN,42752,30,60000,630000,10.5,0.35,647.64,8113,8217.8,TRUE,7/19/14,7/19/14,,4/30/14
104-CI-T30,FPQ-4698,SCMS-62970,ASN-9989,Côte d'Ivoire,PMO - US,Direct Drop,FCA,Air,ARV,Adult,ABBVIE LOGISTICS (FORMERLY ABBOTT LOGISTICS BV),"Ritonavir 100mg [Norvir], film coated tablets, 60 Tabs",Ritonavir,Norvir,100mg,Tablet,ABBVIE Ludwigshafen Germany,42757,60,4014,27495.9,6.85,0.11,59.28,507,4520.66,TRUE,3/9/11,3/9/11,,1/15/10
105-SS-T30,FPQ-15569,SCMS-272160,ASN-31335,South Sudan,PMO - US,Direct Drop,EXW,Air,HRDT,HIV test - Ancillary,"Orgenics, Ltd","Chase Buffer, Determine, 100 Tests, 2.5ml x 1 Vial","Chase Buffer, Determine, 100 Tests, 2.5ml x 1 Vial",Determine,N/A,Test kit - Ancillary,"Alere Medical Co., Ltd.",42778,1,15,75,5,5,0.09,,,TRUE,6/3/15,6/3/15,,2/20/15
161-ZA-T30,FPQ-7175,SCMS-103360,ASN-11201,South Africa,PMO - US,Direct Drop,DDP,Ocean,ARV,Pediatric,Aurobindo Pharma Limited,"Efavirenz 50mg, capsule, 30 Caps",Efavirenz,Generic,50mg,Capsule,"Aurobindo Unit III, India",42780,30,97753,238517.31,2.44,0.08,393.55,5778,14558.87,TRUE,9/2/11,9/2/11,,3/24/11
161-ZA-T30,FPQ-6708,SCMS-93520,ASN-9844,South Africa,PMO - US,Direct Drop,DDP,Ocean,ARV,Adult,Aurobindo Pharma Limited,"Tenofovir Disoproxil Fumarate 300mg, tablets, 30 Tabs",Tenofovir Disoproxil Fumarate,Generic,300mg,Tablet,"Aurobindo Unit III, India",42797,30,130800,869820,6.65,0.22,1435.2,12208,13829.57,TRUE,6/26/11,4/7/11,,12/6/10
108-VN-T30,FPQ-5317,SCMS-69240,ASN-7581,Vietnam,PMO - US,Direct Drop,EXW,Air,ARV,Adult,Aurobindo Pharma Limited,"Didanosine 250mg, delayed-release capsules, 30 Caps",Didanosine,Generic,250mg,Delayed-release capsules,"Aurobindo Unit III, India",42811,30,168,2184,13,0.43,4.71,2046,14405.31,TRUE,8/13/10,8/13/10,,3/25/10
109-TZ-T30,FPQ-8332,SCMS-121380,ASN-13025,Tanzania,PMO - US,Direct Drop,FCA,Air,ARV,Pediatric,ABBVIE LOGISTICS (FORMERLY ABBOTT LOGISTICS BV),"Lopinavir/Ritonavir 100/25mg [Aluvia], tablets, 60 Tabs",Lopinavir/Ritonavir,Generic,100/25mg,Tablet,ABBVIE Ludwigshafen Germany,42848,60,405,3122.55,7.71,0.13,5.15,75,1262.36,TRUE,1/19/12,1/19/12,,9/9/11
102-SD-T30,FPQ-8264,SCMS-121843,ASN-12831,Sudan,PMO - US,Direct Drop,EXW,Air,HRDT,HIV test - Ancillary,"Orgenics, Ltd","Capillary Tubes, for Determine, EDTA, 50uL,100 Pcs","HIV, Capillary Tubes, for Determine, EDTA, 50uL,100 Pcs",Determine,N/A,Test kit - Ancillary,"Alere Medical Co., Ltd.",42851,100,1,8,8,0.08,0.01,2,885.49,TRUE,1/6/12,1/6/12,,9/14/11
107-RW-T30,FPQ-3859,SCMS-48872,ASN-6489,Rwanda,PMO - US,Direct Drop,CIP,Air,ARV,Adult,Aurobindo Pharma Limited,"Abacavir 300mg, tablets, 60 Tabs",Abacavir,Generic,300mg,Tablet,"Aurobindo Unit III, India",42858,60,12730,246070.9,19.33,0.32,482.3,,,FALSE,4/15/10,4/15/10,,7/7/09
108-VN-T30,FPQ-13524,SCMS-226220,ASN-26923,Vietnam,PMO - US,Direct Drop,EXW,Air,ARV,Adult,HETERO LABS LIMITED,"Lamivudine 150mg, tablets, 60 Tabs",Lamivudine,Generic,150mg,Tablet,Hetero Unit III Hyderabad IN,42870,60,6400,11840,1.85,0.03,12.17,,,FALSE,7/29/14,7/29/14,,3/10/14
101-ZA-T30,FPQ-12932,SCMS-206100,ASN-24547,South Africa,PMO - US,Direct Drop,DDP,Truck,ARV,Adult,PHARMACY DIRECT,"Efavirenz 600mg, tablets, 30 Tabs",Efavirenz,Generic,600mg,Tablet,Hetero Unit III Hyderabad IN,42882,30,2500,37672.35,15.07,0.5,46.6,,,TRUE,2/17/14,2/17/14,,9/19/13
112-NG-T30,FPQ-9199,SCMS-140030,ASN-17119,Nigeria,PMO - US,Direct Drop,EXW,Air,ACT,ACT,NOVARTIS PHARMA SERVICES AG,"Artemether/Lumefantrine 20/120mg [Coartem], scored tablets, Blister 30 x 24 Tabs",Artemether/Lumefantrine,Coartem,20/120mg,Tablet - FDC + blister,"Novartis Pharma Suffern, USA",42912,720,2500,105000,42,0.06,147.21,1725,11954.71,TRUE,12/3/12,12/3/12,,5/15/12
108-VN-T30,FPQ-13034,SCMS-210150,ASN-24398,Vietnam,PMO - US,Direct Drop,EXW,Air,ARV,Adult,HETERO LABS LIMITED,"Lamivudine 150mg, tablets, 60 Tabs",Lamivudine,Generic,150mg,Tablet,Hetero Unit III Hyderabad IN,42917,60,9989,18479.65,1.85,0.03,22.86,,,FALSE,4/23/14,4/23/14,,10/10/13
117-ET-T30,FPQ-9210,SCMS-134760,ASN-14231,Ethiopia,PMO - US,Direct Drop,EXW,Air,HRDT,HIV test,"SHANGHAI KEHUA BIOENGINEERING CO.,LTD.  (KHB)","HIV 1/2, SKB Colloidal Gold, Diagnostic Kit, Antibody, 50 Tests","HIV 1/2, Colloidal Gold, Diagnostic Kit, Antibody",Colloidal Gold,N/A,Test kit,"KHB Test Kit Facility, Shanghai China",42980,1,924,22638,24.5,24.5,31.74,656,6488.44,TRUE,4/2/12,4/2/12,,1/23/12
104-CI-T30,FPQ-9756,SCMS-147680,ASN-17003,Côte d'Ivoire,PMO - US,Direct Drop,EXW,Air,ARV,Adult,MYLAN LABORATORIES LTD (FORMERLY MATRIX LABORATORIES),"Atazanavir/Ritonavir 300/100mg, tablets, 30 Tabs",Atazanavir/Ritonavir,Generic,300/100mg,Tablet,Mylan (formerly Matrix) Nashik,42983,30,939,21127.5,22.5,0.75,29.62,117,1766.57,TRUE,11/23/12,11/23/12,,1/6/12
108-VN-T30,FPQ-3896,SCMS-48260,ASN-5132,Vietnam,PMO - US,Direct Drop,EXW,Air,ARV,Adult,Aurobindo Pharma Limited,"Lamivudine/Nevirapine/Zidovudine 150/200/300mg, tablets, 60 Tabs",Lamivudine/Nevirapine/Zidovudine,Generic,150/300/200mg,Tablet - FDC,"Aurobindo Unit III, India",42998,60,6500,72475,11.15,0.19,142.05,,,FALSE,10/23/09,10/23/09,,6/26/09
109-TZ-T30,FPQ-7239,SCMS-102030,ASN-10560,Tanzania,PMO - US,Direct Drop,EXW,Air,HRDT,HIV test,"Standard Diagnostics, Inc.","HIV 1/2, Bioline 3.0 Kit, Lancets, Capillary pipets, Alcohol swabs included, 25 Tests","HIV 1/2, Bioline 3.0 Kit, Lancets, Capillary pipets, Alcohol swabs included",Bioline,N/A,Test kit,"Standard Diagnostics, Korea",43045,25,3399,67980,20,0.8,112.17,1133,8509.57,TRUE,6/6/11,6/6/11,,3/23/11
106-HT-T30,FPQ-9066,SCMS-138550,ASN-15433,Haiti,PMO - US,Direct Drop,CIP,Air,ARV,Pediatric,MERCK SHARP & DOHME IDEA GMBH (FORMALLY MERCK SHARP & DOHME B.V.),"Efavirenz 30mg/ml [Stocrin/Sustiva], oral solution, Bottle, 180 ml",Efavirenz,Stocrin/Sustiva,30mg/ml,Oral solution,"MSD Patheon, Canada",43059,180,6705,113716.8,16.96,0.09,159.43,1979,853.07,TRUE,7/17/12,7/17/12,,2/24/12
133-NG-T30,FPQ-10765,SCMS-162440,ASN-18174,Nigeria,PMO - US,Direct Drop,EXW,Air,HRDT,HIV test,"Orgenics, Ltd","HIV 1/2, Determine Complete HIV Kit, 100 Tests","HIV 1/2, Determine Complete HIV Kit",Determine,N/A,Test kit,"Alere Medical Co., Ltd.",43060,100,1960,174440,89,0.89,244.56,882,,TRUE,1/9/13,2/26/13,,10/16/12
108-VN-T30,FPQ-10644,SCMS-161060,ASN-17400,Vietnam,PMO - US,Direct Drop,EXW,Air,ARV,Adult,Aurobindo Pharma Limited,"Nevirapine 200mg, tablets, 60 Tabs",Nevirapine,Generic,200mg,Tablet,"Aurobindo Unit III, India",43079,60,14055,31623.75,2.25,0.04,44.34,1304,2220.86,TRUE,12/28/12,12/28/12,,9/24/12
800-LS-T30,FPQ-13954,SCMS-233590,ASN-25504,Lesotho,PMO - US,Direct Drop,EXW,Air,HRDT,HIV test,"Orgenics, Ltd","HIV 1/2, Determine Complete HIV Kit, 100 Tests","HIV 1/2, Determine Complete HIV Kit",Determine,N/A,Test kit,"Alere Medical Co., Ltd.",43085,100,2104,168320,80,0.8,173.03,856,11063.78,TRUE,4/25/14,4/25/14,,4/3/14
116-ZA-T30,FPQ-13035,SCMS-215370,ASN-24415,South Africa,PMO - US,Direct Drop,DDP,Truck,ARV,Pediatric,S. BUYS WHOLESALER,"Lamivudine 10mg/ml, oral solution w/syringe, Bottle, 240 ml",Lamivudine,Generic,10mg/ml,Oral solution,"Aurobindo Unit III, India",43116,240,44,311.64,7.08,0.03,0.39,,,FALSE,2/6/14,2/6/14,,12/2/13
102-KE-T30,FPQ-4250,SCMS-55902,ASN-5662,Kenya,PMO - US,Direct Drop,EXW,Air,HRDT,HIV test,"Orgenics, Ltd","HIV 1/2, Determine Complete HIV Kit, 100 Tests","HIV 1/2, Determine Complete HIV Kit",Determine,N/A,Test kit,Inverness Japan,43136,100,3000,240000,80,0.8,470.4,907,9014.8,TRUE,1/18/10,1/18/10,,10/23/09
109-TZ-T30,FPQ-13418,SCMS-219190,ASN-25073,Tanzania,PMO - US,Direct Drop,EXW,Air,ARV,Adult,HETERO LABS LIMITED,"Nevirapine 200mg, tablets, 60 Tabs",Nevirapine,Generic,200mg,Tablet,Hetero Unit III Hyderabad IN,43140,60,96200,209716,2.18,0.04,215.59,6320,33343.63,TRUE,5/19/14,5/19/14,,12/27/13
108-VN-T30,FPQ-10287,SCMS-156140,ASN-17077,Vietnam,PMO - US,Direct Drop,EXW,Air,ARV,Adult,Aurobindo Pharma Limited,"Lamivudine/Nevirapine/Zidovudine 150/200/300mg, tablets, 60 Tabs",Lamivudine/Nevirapine/Zidovudine,Generic,150/300/200mg,Tablet - FDC,"Aurobindo Unit III, India",43210,60,12785,109951,8.6,0.14,154.15,,,FALSE,12/10/12,12/10/12,,8/14/12
104-CI-T30,FPQ-6252,SCMS-85420,ASN-8571,Côte d'Ivoire,PMO - US,Direct Drop,EXW,Air,HRDT,HIV test,"CHEMBIO DIAGNOSTIC SYSTEMS, INC.","HIV 1/2, Stat-Pak HIV, Kit, 20 Tests","HIV 1/2, Stat-Pak HIV, Kit",Stat-Pak,N/A,Test kit,Chembio Diagnostics Sys. Inc.,43229,20,220,5940,27,1.35,12.81,115,7883.32,TRUE,11/24/10,11/24/10,,9/16/10
105-GY-T30,FPQ-8012,SCMS-116140,ASN-12868,Guyana,PMO - US,Direct Drop,FCA,Air,ARV,Adult,ABBVIE LOGISTICS (FORMERLY ABBOTT LOGISTICS BV),"Lopinavir/Ritonavir 200/50mg [Aluvia], tablets, 120 Tabs",Lopinavir/Ritonavir,Aluvia,200/50mg,Tablet,ABBVIE Ludwigshafen Germany,43244,120,2245,184539,82.2,0.68,304.49,598,5178.47,TRUE,11/30/11,11/30/11,,7/27/11
105-SS-T30,FPQ-12623,SCMS-200920,ASN-21751,South Sudan,PMO - US,Direct Drop,EXW,Air,HRDT,HIV test,"Trinity Biotech, Plc","HIV 1/2, Uni-Gold HIV Kit, 20 Tests","HIV 1/2, Uni-Gold HIV Kit",Uni-Gold,N/A,Test kit,"Trinity Biotech, Plc",43250,20,25,800,32,1.6,0.99,,,FALSE,10/18/13,10/18/13,,8/6/13
116-ZA-T30,FPQ-13973,SCMS-238556,ASN-31854,South Africa,PMO - US,Direct Drop,DDP,Truck,ARV,Adult,PHARMACY DIRECT,"Lamivudine 150mg, tablets, 60 Tabs",Lamivudine,Generic,150mg,Tablet,"Aurobindo Unit III, India",43272,60,80,731.44,9.14,0.15,0.75,,,FALSE,4/28/15,4/28/15,,4/28/15
106-HT-T30,FPQ-9635,SCMS-148440,ASN-15571,Haiti,PMO - US,Direct Drop,EXW,Ocean,ARV,Adult,MYLAN LABORATORIES LTD (FORMERLY MATRIX LABORATORIES),"Efavirenz/Lamivudine/Tenofovir Disoproxil Fumarate 600/300/300mg, tablets, 30 Tabs",Efavirenz/Lamivudine/Tenofovir Disoproxil Fumarate,Generic,600/300/300mg,Tablet - FDC,Mylan (formerly Matrix) Nashik,43286,30,33480,435240,13,0.43,610.21,,,FALSE,10/22/12,10/22/12,,6/28/12
101-CD-T30,FPQ-12093,SCMS-189070,ASN-20218,"Congo, DRC",PMO - US,Direct Drop,EXW,Air,ARV,Pediatric,Aurobindo Pharma Limited,"Nevirapine 50mg, dispersible tablets (tablets for oral suspension), 30 Tabs",Nevirapine,Generic,50mg,Chewable/dispersible tablet,"Aurobindo Unit III, India",43344,30,1014,1267.5,1.25,0.04,1.57,,,FALSE,11/28/13,11/28/13,,5/17/13
122-HT-T30,FPQ-8635,SCMS-132180,ASN-13412,Haiti,PMO - US,Direct Drop,EXW,Air,ANTM,Malaria,AMSTELFARMA B.V.,"Chloroquine 150mg base (as phosphate), tablets, 1000 Tabs",Chloroquine base (as phosphate),Generic,150mg,Tablet,"Medopharm Malur Factory, INDIA",43347,1000,3000,27750,9.25,0.01,38.91,,,FALSE,1/18/12,1/18/12,,12/30/11
114-UG-T30,FPQ-5277,SCMS-68330,ASN-6670,Uganda,PMO - US,Direct Drop,EXW,Air,ARV,Adult,Aurobindo Pharma Limited,"Didanosine 250mg, delayed-release capsules, 30 Caps",Didanosine,Generic,250mg,Delayed-release capsules,"Aurobindo Unit III, India",43383,30,60,780,13,0.43,1.68,4,1045.04,TRUE,4/28/10,4/28/10,,3/18/10
161-ZA-T30,FPQ-6708,SCMS-93440,ASN-10855,South Africa,PMO - US,Direct Drop,DDP,Air,ARV,Pediatric,GLAXOSMITHKLINE EXPORT LIMITED,"Abacavir 20mg/ml [Ziagen], oral solution, Bottle, 240 ml",Abacavir,Ziagen,20mg/ml,Oral solution,GSK Mississauga (Canada),43390,240,60000,601200,10.02,0.04,991.98,22956,27372.24,TRUE,8/12/11,8/12/11,,12/6/10
102-KE-T30,FPQ-4587,SCMS-58380,ASN-5899,Kenya,PMO - US,Direct Drop,EXW,Air,HRDT,HIV test,"Orgenics, Ltd","HIV 1/2, Determine Complete HIV Kit, 100 Tests","HIV 1/2, Determine Complete HIV Kit",Determine,N/A,Test kit,Inverness Japan,43425,100,7110,568800,80,0.8,1226.33,1224,11847.25,TRUE,2/16/10,2/19/10,,12/2/09
161-ZA-T30,FPQ-6708,SCMS-93640,ASN-9856,South Africa,PMO - US,Direct Drop,DDP,Ocean,ARV,Adult,CIPLA LIMITED,"Tenofovir Disoproxil Fumarate 300mg, tablets, 30 Tabs",Tenofovir Disoproxil Fumarate,Generic,300mg,Tablet,"Cipla, Goa, India",43430,30,105707,725150,6.86,0.23,1196.5,7092,7704.77,TRUE,4/5/11,4/5/11,,12/14/10
102-KE-T30,FPQ-4591,SCMS-58381,ASN-7198,Kenya,PMO - US,Direct Drop,EXW,Air,HRDT,HIV test,"Orgenics, Ltd","HIV 1/2, Determine Complete HIV Kit, 100 Tests","HIV 1/2, Determine Complete HIV Kit",Determine,N/A,Test kit,Inverness Japan,43443,100,3,240,80,0.8,0.52,1302,12678.52,TRUE,7/7/10,7/7/10,,12/2/09
116-ZA-T30,FPQ-12522,SCMS-199283,ASN-27978,South Africa,PMO - US,Direct Drop,DDP,Truck,ARV,Pediatric,S. BUYS WHOLESALER,"Efavirenz 200mg, capsule, 90 Caps",Efavirenz,Generic,200mg,Capsule,"Aurobindo Unit III, India",43450,90,25,659.22,26.37,0.29,0.82,,,FALSE,8/27/14,8/27/14,,8/27/14
161-ZA-T30,FPQ-5648,SCMS-75480,ASN-8340,South Africa,PMO - US,Direct Drop,DDP,Air,ARV,Pediatric,Aurobindo Pharma Limited,"Nevirapine 10mg/ml, oral suspension w/syringe, Bottle, 240 ml",Nevirapine,Generic,10mg/ml,Oral suspension,"Aurobindo Unit III, India",43480,240,19098,60158.7,3.15,0.01,129.7,7367,3444.28,TRUE,12/13/10,12/13/10,,6/17/10
108-VN-T30,FPQ-14516,SCMS-249031,ASN-29589,Vietnam,PMO - US,Direct Drop,FCA,Air,ARV,Adult,ABBVIE LOGISTICS (FORMERLY ABBOTT LOGISTICS BV),"Ritonavir 100mg [Norvir], film coated tablets, 30 Tabs",Ritonavir,Norvir,100mg,Tablet,ABBVIE Ludwigshafen Germany,43486,30,200,4652,23.26,0.78,4.78,22,1475.95,TRUE,1/15/15,1/15/15,,8/11/14
116-ZA-T30,FPQ-14942,SCMS-259074,ASN-31070,South Africa,PMO - US,Direct Drop,DDP,Truck,ARV,Pediatric,PHARMACY DIRECT,"Abacavir 20mg/ml, oral solution, Bottle, 240 ml",Abacavir,Generic,20mg/ml,Oral solution,"Aurobindo Unit III, India",43507,240,13,230.24,17.71,0.07,0.24,,,FALSE,3/9/15,3/9/15,,3/9/15
200-UG-T30,FPQ-14628,SCMS-253250,ASN-28512,Uganda,PMO - US,Direct Drop,EXW,Air,HRDT,HIV test,"Orgenics, Ltd","HIV 1/2, Determine Complete HIV Kit, 100 Tests","HIV 1/2, Determine Complete HIV Kit",Determine,N/A,Test kit,"Alere Medical Co., Ltd.",43526,100,4000,320000,80,0.8,328.96,1624,14692.8,TRUE,11/13/14,11/13/14,,9/4/14
111-MZ-T30,FPQ-15844,SCMS-277860,ASN-31556,Mozambique,PMO - US,Direct Drop,EXW,Air,HRDT,HIV test,"Orgenics, Ltd","HIV 1/2, Determine Complete HIV Kit, 100 Tests","HIV 1/2, Determine Complete HIV Kit",Determine,N/A,Test kit,"Alere Medical Co., Ltd.",43534,100,5500,440000,80,0.8,517.88,2139,19193.57,TRUE,4/22/15,4/22/15,,3/12/15
116-ZA-T30,FPQ-14942,SCMS-259075,ASN-32137,South Africa,PMO - US,Direct Drop,DDP,Truck,ARV,Adult,PHARMACY DIRECT,"Saquinavir 200mg [Invirase], capsules, 270 Caps",Saquinavir,Invirase,200mg,Capsule,Roche Madrid,43537,270,27,1498.82,55.51,0.21,1.54,,,FALSE,5/12/15,5/12/15,,5/11/15
108-VN-T30,FPQ-13034,SCMS-210150,ASN-24398,Vietnam,PMO - US,Direct Drop,EXW,Air,ARV,Adult,HETERO LABS LIMITED,"Tenofovir Disoproxil Fumarate 300mg, tablets, 30 Tabs",Tenofovir Disoproxil Fumarate,Generic,300mg,Tablet,Hetero Unit III Hyderabad IN,43600,30,12317,43725.35,3.55,0.12,54.09,,,FALSE,4/23/14,4/23/14,,10/10/13
144-BW-T30,FPQ-4487,SCMS-57520,ASN-7210,Botswana,PMO - US,Direct Drop,EXW,Air,HRDT,HIV test - Ancillary,"Trinity Biotech, Plc","#109436**HIV 1, Uni-Gold Recombigen HIV Control, Vial 2 x 0.5 ml","HIV 1, Uni-Gold Recombigen HIV Control, Vial 2 x 0.5 ml",Uni-Gold,N/A,Test kit - Ancillary,"Trinity Biotech, Plc",43628,2,15,465,31,15.5,1,5,592.46,TRUE,9/13/10,9/13/10,,11/13/09
900-SS-T30,FPQ-11623,SCMS-178020,ASN-18785,South Sudan,PMO - US,Direct Drop,EXW,Air,HRDT,HIV test,"Trinity Biotech, Plc","HIV 1/2, Uni-Gold HIV Kit, 20 Tests","HIV 1/2, Uni-Gold HIV Kit",Uni-Gold,N/A,Test kit,"Trinity Biotech, Plc",43634,20,52,1664,32,1.6,2.06,24,1170.36,TRUE,5/16/13,5/16/13,,2/27/13
108-VN-T30,FPQ-12539,SCMS-199820,ASN-23647,Vietnam,PMO - US,Direct Drop,EXW,Air,ARV,Adult,MYLAN LABORATORIES LTD (FORMERLY MATRIX LABORATORIES),"Efavirenz/Lamivudine/Tenofovir Disoproxil Fumarate 600/300/300mg, tablets, 30 Tabs",Efavirenz/Lamivudine/Tenofovir Disoproxil Fumarate,Generic,600/300/300mg,Tablet - FDC,Mylan (formerly Matrix) Nashik,43635,30,13907,155063.05,11.15,0.37,191.81,1578,2689.85,TRUE,6/13/14,6/13/14,,8/2/13
116-ZA-T30,FPQ-5535,SCMS-71370,ASN-7373,South Africa,PMO - US,Direct Drop,DDP,Truck,ARV,Pediatric,S. BUYS WHOLESALER,"Lamivudine 10mg/ml [Epivir], oral solution, Bottle, 240 ml",Lamivudine,Epivir,10mg/ml,Oral solution,GSK Mississauga (Canada),43643,240,500,3093.93,6.19,0.03,6.67,,,FALSE,5/31/10,5/31/10,,4/21/10
110-ZM-T30,FPQ-15075,SCMS-260230,ASN-30881,Zambia,PMO - US,Direct Drop,EXW,Air,HRDT,HIV test,"Trinity Biotech, Plc","HIV 1/2, Uni-Gold HIV Kit, 20 Tests","HIV 1/2, Uni-Gold HIV Kit",Uni-Gold,N/A,Test kit,"Trinity Biotech, Plc",43693,20,8000,256000,32,1.6,301.31,2328,14581.51,TRUE,5/29/15,5/29/15,,10/22/14
133-NG-T30,FPQ-9599,SCMS-144200,ASN-15953,Nigeria,PMO - US,Direct Drop,EXW,Air,HRDT,HIV test,"Orgenics, Ltd","HIV 1/2, Determine Complete HIV Kit, 100 Tests","HIV 1/2, Determine Complete HIV Kit",Determine,N/A,Test kit,"Alere Medical Co., Ltd.",43714,100,8149,725261,89,0.89,1016.82,3886,86928.23,TRUE,8/1/12,8/30/12,,5/3/12
101-CD-T30,FPQ-14654,SCMS-253260,ASN-28279,"Congo, DRC",PMO - US,Direct Drop,EXW,Air,HRDT,HIV test,"Trinity Biotech, Plc","HIV 1/2, Uni-Gold HIV Kit, 20 Tests","HIV 1/2, Uni-Gold HIV Kit",Uni-Gold,N/A,Test kit,"Trinity Biotech, Plc",43749,20,65,2080,32,1.6,2.14,,,FALSE,11/4/14,11/4/14,,8/27/14
116-ZA-T30,FPQ-13973,SCMS-238552,ASN-27610,South Africa,PMO - US,Direct Drop,DDP,Truck,ARV,Adult,PHARMACY DIRECT,"Etravirine 100mg [Intelence], tablets, 120 Tabs",Etravirine,Intelence,100mg,Tablet,"Janssen-Cilag, Latina, IT",43762,120,12,425.03,35.42,0.3,0.44,,,FALSE,8/5/14,8/5/14,,8/5/14
114-UG-T30,FPQ-12156,SCMS-188340,ASN-19788,Uganda,PMO - US,Direct Drop,EXW,Air,HRDT,HIV test,"Trinity Biotech, Plc","HIV 1/2, Uni-Gold HIV Kit, 20 Tests","HIV 1/2, Uni-Gold HIV Kit",Uni-Gold,N/A,Test kit,"Trinity Biotech, Plc",43786,20,427,13664,32,1.6,16.9,139,2473.96,TRUE,6/18/13,6/18/13,,5/9/13
106-HT-T30,FPQ-13797,SCMS-234040,ASN-27086,Haiti,PMO - US,Direct Drop,EXW,Ocean,ARV,Adult,HETERO LABS LIMITED,"Lamivudine/Zidovudine 150/300mg, tablets, 60 Tabs",Lamivudine/Zidovudine,Generic,150/300mg,Tablet - FDC,Hetero Unit III Hyderabad IN,43805,60,9227,60990.47,6.61,0.11,62.7,813,1922.5,TRUE,10/20/14,10/20/14,,5/5/14
161-ZA-T30,FPQ-7175,SCMS-103450,ASN-11509,South Africa,PMO - US,Direct Drop,DDP,Ocean,ARV,Pediatric,Aurobindo Pharma Limited,"Nevirapine 10mg/ml, oral suspension w/syringe, Bottle, 240 ml",Nevirapine,Generic,10mg/ml,Oral suspension,"Aurobindo Unit III, India",43807,240,10603,23962.78,2.26,0.01,39.54,3818,11234.1,TRUE,10/13/11,10/13/11,,3/24/11
107-RW-T30,FPQ-3859,SCMS-48930,ASN-6667,Rwanda,PMO - US,Direct Drop,CIP,Air,ARV,Adult,Aurobindo Pharma Limited,"Abacavir 300mg, tablets, 60 Tabs",Abacavir,Generic,300mg,Tablet,"Aurobindo Unit III, India",43812,60,10620,205284.6,19.33,0.32,402.36,1050,18475.61,TRUE,4/13/10,4/13/10,,7/17/09
101-CD-T30,FPQ-14100,SCMS-239410,ASN-26738,"Congo, DRC",PMO - US,Direct Drop,EXW,Air,HRDT,HIV test,"Trinity Biotech, Plc","HIV 1/2, Uni-Gold HIV Kit, 20 Tests","HIV 1/2, Uni-Gold HIV Kit",Uni-Gold,N/A,Test kit,"Trinity Biotech, Plc",43827,20,6,192,32,1.6,0.2,,,FALSE,9/5/14,9/5/14,,5/20/14
901-NA-T30,FPQ-14728,SCMS-252630,ASN-29184,Namibia,PMO - US,Direct Drop,EXW,Air,ARV,Adult,MYLAN LABORATORIES LTD (FORMERLY MATRIX LABORATORIES),"Efavirenz/Emtricitabine/Tenofovir Disoproxil Fumarate 600/200/300mg, tablets, 30 Tabs",Efavirenz/Emtricitabine/Tenofovir Disoproxil Fumarate,Generic,600/200/300mg,Tablet - FDC,"Mylan,  H-12 & H-13, India",43834,30,29160,306180,10.5,0.35,314.75,3402,17118.8,TRUE,11/25/14,11/25/14,,8/19/14
116-ZA-T30,FPQ-13973,SCMS-238551,ASN-26882,South Africa,PMO - US,Direct Drop,DDP,Truck,ARV,Adult,PHARMACY DIRECT,"Nevirapine 200mg, tablets, 60 Tabs",Nevirapine,Generic,200mg,Tablet,"Aurobindo Unit III, India",43875,60,23,408.18,17.75,0.3,0.42,,,FALSE,6/25/14,6/25/14,,6/25/14
116-ZA-T30,FPQ-15269,SCMS-267020,ASN-29764,South Africa,PMO - US,Direct Drop,DDP,Truck,ARV,Adult,S. BUYS WHOLESALER,"Didanosine 400mg, delayed-release capsules, 30 Caps",Didanosine,Generic,400mg,Delayed-release capsules,"Aurobindo Unit III, India",43892,30,12,209.09,17.42,0.58,0.25,,,FALSE,12/10/14,12/10/14,,12/10/14
110-ZM-T30,FPQ-4691,SCMS-60710,ASN-6292,Zambia,PMO - US,Direct Drop,EXW,Air,HRDT,HIV test,"Orgenics, Ltd","HIV 1/2, Determine Complete HIV Kit, 100 Tests","HIV 1/2, Determine Complete HIV Kit",Determine,N/A,Test kit,Inverness Japan,43897,100,2161,155592,72,0.72,335.46,1051,16633.36,TRUE,3/18/10,3/18/10,,12/22/09
133-NG-T30,FPQ-12812,SCMS-210331,ASN-24418,Nigeria,PMO - US,Direct Drop,EXW,Air,HRDT,HIV test,"Trinity Biotech, Plc","HIV 1/2, Uni-Gold HIV Kit, 20 Tests","HIV 1/2, Uni-Gold HIV Kit",Uni-Gold,N/A,Test kit,"Trinity Biotech, Plc",43905,20,24250,776000,32,1.6,959.91,7080,70509.14,TRUE,3/19/14,3/19/14,,10/18/13
116-ZA-T30,FPQ-13973,SCMS-238556,ASN-31854,South Africa,PMO - US,Direct Drop,DDP,Truck,ARV,Pediatric,PHARMACY DIRECT,"Abacavir 20mg/ml, oral solution, Bottle, 240 ml",Abacavir,Generic,20mg/ml,Oral solution,"Aurobindo Unit III, India",43906,240,16,392.16,24.51,0.1,0.4,,,FALSE,4/28/15,4/28/15,,4/28/15
106-HT-T30,FPQ-15038,SCMS-263170,ASN-31573,Haiti,PMO - US,Direct Drop,EXW,Air,ARV,Adult,Aurobindo Pharma Limited,"Lamivudine/Zidovudine 150/300mg, tablets, 60 Tabs",Lamivudine/Zidovudine,Generic,150/300mg,Tablet - FDC,"Aurobindo Unit III, India",43912,60,1217,8239.09,6.77,0.11,8.47,124,976.44,TRUE,5/11/15,5/11/15,,12/24/14
116-ZA-T30,FPQ-13973,SCMS-238550,ASN-30792,South Africa,PMO - US,Direct Drop,DDP,Truck,ARV,Pediatric,PHARMACY DIRECT,"Efavirenz 200mg, capsule, 90 Caps",Efavirenz,Generic,200mg,Capsule,"Aurobindo Unit III, India",43918,90,3,70.76,23.59,0.26,0.07,,,FALSE,2/19/15,2/19/15,,5/8/14
116-ZA-T30,FPQ-12522,SCMS-199283,ASN-27980,South Africa,PMO - US,Direct Drop,DDP,Truck,ARV,Adult,S. BUYS WHOLESALER,"Tenofovir Disoproxil Fumarate 300mg, tablets, 30 Tabs",Tenofovir Disoproxil Fumarate,Generic,300mg,Tablet,"Aurobindo Unit III, India",43928,30,98,2214.85,22.6,0.75,2.74,,,FALSE,8/27/14,8/27/14,,8/27/14
114-UG-T30,FPQ-8497,SCMS-124980,ASN-13223,Uganda,PMO - US,Direct Drop,FCA,Air,ARV,Adult,Hoffmann-La Roche ltd Basel,"Saquinavir 500mg [Invirase], tablets, 120 Tabs",Saquinavir,Invirase,500mg,Tablet,Roche Basel,43929,120,98,12362.16,126.14,1.05,20.4,18,586.16,TRUE,1/14/12,1/14/12,,10/21/11
116-ZA-T30,FPQ-12522,SCMS-199283,ASN-27976,South Africa,PMO - US,Direct Drop,DDP,Truck,ARV,Adult,S. BUYS WHOLESALER,"Lamivudine/Zidovudine 150/300mg, tablets, 60 Tabs",Lamivudine/Zidovudine,Generic,150/300mg,Tablet - FDC,Hetero Unit III Hyderabad IN,43932,60,55,1814.33,32.99,0.55,2.24,,,FALSE,8/27/14,8/27/14,,8/27/14
109-TZ-T30,FPQ-6203,SCMS-82770,ASN-8625,Tanzania,PMO - US,Direct Drop,EXW,Ocean,ARV,Adult,MYLAN LABORATORIES LTD (FORMERLY MATRIX LABORATORIES),"Efavirenz/Emtricitabine/Tenofovir Disoproxil Fumarate 600/200/300mg, tablets, 30 Tabs",Efavirenz/Emtricitabine/Tenofovir Disoproxil Fumarate,Generic,600/200/300mg,Tablet - FDC,Mylan (formerly Matrix) Nashik,43970,30,53149,1057665.1,19.9,0.66,2280.33,5803,27478.63,TRUE,12/29/10,12/29/10,,8/25/10
116-ZA-T30,FPQ-13973,SCMS-238556,ASN-31854,South Africa,PMO - US,Direct Drop,DDP,Truck,ARV,Adult,PHARMACY DIRECT,"Efavirenz 600mg, tablets, 30 Tabs",Efavirenz,Generic,600mg,Tablet,"Aurobindo Unit III, India",43972,30,60,935.7,15.6,0.52,0.96,,,FALSE,4/28/15,4/28/15,,4/28/15
109-TZ-T30,FPQ-3782,SCMS-47730,ASN-4489,Tanzania,PMO - US,Direct Drop,CIP,Air,ARV,Adult,BRISTOL-MYERS SQUIBB,"Didanosine EC 400mg [Videx EC], delayed-release capsules, Blister 3 x 10 Caps",Didanosine EC,Videx EC,400mg,Delayed-release capsules - blister,"BMS Meymac, France",43989,30,3000,71010,23.67,0.79,139.18,363,777,TRUE,8/11/09,8/11/09,,6/29/09
161-ZA-T30,FPQ-7175,SCMS-103410,ASN-11587,South Africa,PMO - US,Direct Drop,DDP,Ocean,ARV,Pediatric,Aurobindo Pharma Limited,"Efavirenz 50mg, capsule, 30 Caps",Efavirenz,Generic,50mg,Capsule,"Aurobindo Unit III, India",43998,30,45232,110366.08,2.44,0.08,182.1,2674,5301.65,TRUE,9/14/11,9/14/11,,3/24/11
116-ZA-T30,FPQ-12522,SCMS-199289,ASN-28037,South Africa,PMO - US,Direct Drop,DDP,Truck,ARV,Adult,S. BUYS WHOLESALER,"Didanosine 250mg, delayed-release capsules, 30 Caps",Didanosine,Generic,250mg,Delayed-release capsules,"Aurobindo Unit III, India",44031,30,8,134.55,16.82,0.56,0.17,,,FALSE,8/29/14,8/29/14,,8/29/14
114-UG-T30,FPQ-3891,SCMS-52580,ASN-5101,Uganda,PMO - US,Direct Drop,EXW,Air,ARV,Pediatric,EMCURE PHARMACEUTICALS LTD,"Atazanavir 150mg, capsules, 60 Caps",Atazanavir,Generic,150mg,Capsule,"Emcure Plot No.P-2, I.T-B.T. Park, Phase II, MIDC, Hinjwadi, Pune, India",44045,60,46,1200.14,26.09,0.43,2.35,3,986.79,TRUE,11/11/09,11/11/09,,9/14/09
108-VN-T30,FPQ-15040,SCMS-263650,ASN-30554,Vietnam,PMO - US,Direct Drop,EXW,Air,ARV,Adult,MYLAN LABORATORIES LTD (FORMERLY MATRIX LABORATORIES),"Efavirenz/Lamivudine/Tenofovir Disoproxil Fumarate 600/300/300mg, tablets, 30 Tabs",Efavirenz/Lamivudine/Tenofovir Disoproxil Fumarate,Generic,600/300/300mg,Tablet - FDC,Mylan (formerly Matrix) Nashik,44068,30,21384,217047.6,10.15,0.34,223.12,2406,4219.32,TRUE,3/23/15,3/23/15,,12/8/14
133-NG-T30,FPQ-13741,SCMS-239690,ASN-26758,Nigeria,PMO - US,Direct Drop,EXW,Air,HRDT,HIV test,"Orgenics, Ltd","HIV 1/2, Determine Complete HIV Kit, 100 Tests","HIV 1/2, Determine Complete HIV Kit",Determine,N/A,Test kit,"Alere Medical Co., Ltd.",44082,100,11054,983806,89,0.89,1011.35,4495,67915.7,TRUE,7/9/14,7/9/14,,5/19/14
102-GY-T30,FPQ-6501,SCMS-89530,ASN-9004,Guyana,PMO - US,Direct Drop,EXW,Air,HRDT,HIV test - Ancillary,"CHEMBIO DIAGNOSTIC SYSTEMS, INC.","HIV 1/2, Stat-Pak Buffer Only, 20 Tests","HIV 1/2, Stat-Pak Buffer Only",Stat-Pak,N/A,Test kit - Ancillary,Chembio Diagnostics Sys. Inc.,44092,1,40,100,2.5,2.5,0.16,2,281.61,TRUE,1/12/11,1/12/11,,10/27/10
106-HT-T30,FPQ-11286,SCMS-176280,ASN-19666,Haiti,PMO - US,Direct Drop,FCA,Air,ARV,Pediatric,ABBVIE LOGISTICS (FORMERLY ABBOTT LOGISTICS BV),"Lopinavir/Ritonavir 100/25mg [Aluvia], tablets, 60 Tabs",Lopinavir/Ritonavir,Generic,100/25mg,Tablet,ABBVIE Ludwigshafen Germany,44099,60,612,3635.28,5.94,0.1,4.5,76,1286.68,TRUE,6/20/13,6/20/13,,2/5/13
106-HT-T30,FPQ-15038,SCMS-262890,ASN-32676,Haiti,PMO - US,Direct Drop,FCA,Air,ARV,Adult,ABBVIE LOGISTICS (FORMERLY ABBOTT LOGISTICS BV),"Ritonavir 100mg [Norvir], film coated tablets, 60 Tabs",Ritonavir,Norvir,100mg,Tablet,ABBVIE Ludwigshafen Germany,44105,60,350,2397.5,6.85,0.11,2.46,51,4126.9,TRUE,7/7/15,7/7/15,,1/30/15
102-SZ-T30,FPQ-12624,SCMS-200930,ASN-21890,Swaziland,PMO - US,Direct Drop,EXW,Air,HRDT,HIV test,"Trinity Biotech, Plc","HIV 1/2, Uni-Gold HIV Kit, 20 Tests","HIV 1/2, Uni-Gold HIV Kit",Uni-Gold,N/A,Test kit,"Trinity Biotech, Plc",44121,20,200,6400,32,1.6,7.92,,,TRUE,11/30/13,11/30/13,,9/4/13
116-ZA-T30,FPQ-15269,SCMS-267020,ASN-29764,South Africa,PMO - US,Direct Drop,DDP,Truck,ARV,Adult,S. BUYS WHOLESALER,"Abacavir 300mg, tablets, 60 Tabs",Abacavir,Generic,300mg,Tablet,"Aurobindo Unit III, India",44131,60,82,5009.96,61.1,1.02,5.9,,,FALSE,12/10/14,12/10/14,,12/10/14
901-CM-T30,FPQ-12837,SCMS-204300,ASN-21698,Cameroon,PMO - US,Direct Drop,EXW,Air,ARV,Adult,Aurobindo Pharma Limited,"Nevirapine 200mg, tablets, 60 Tabs",Nevirapine,Generic,200mg,Tablet,"Aurobindo Unit III, India",44180,60,19429,43715.25,2.25,0.04,54.08,,,FALSE,10/18/13,10/18/13,,8/23/13
116-ZA-T30,FPQ-4359,SCMS-54980,ASN-5373,South Africa,PMO - US,Direct Drop,DDP,Truck,ARV,Adult,S. BUYS WHOLESALER,"Didanosine EC 250mg [Videx EC], delayed-release capsules, Blister 3 x 10 Caps",Didanosine EC,Videx EC,250mg,Delayed-release capsules - blister,"BMS Meymac, France",44183,30,60,1327.39,22.12,0.74,2.6,,,FALSE,10/19/09,10/19/09,,10/15/09
101-ZA-T30,FPQ-12932,SCMS-206100,ASN-24547,South Africa,PMO - US,Direct Drop,DDP,Truck,ARV,Adult,PHARMACY DIRECT,"Lamivudine 150mg [Epivir], tablets, 60 Tabs",Lamivudine,Epivir,150mg,Tablet,GSK Cape Town Factory (South Africa),44204,60,2500,21941.29,8.78,0.15,27.14,,,FALSE,2/17/14,2/17/14,,9/19/13
109-TZ-T30,FPQ-13048,SCMS-210901,ASN-24564,Tanzania,PMO - US,Direct Drop,EXW,Air,ARV,Adult,Aurobindo Pharma Limited,"Zidovudine 300mg, tablets, 60 Tabs",Zidovudine,Generic,300mg,Tablet,"Aurobindo Unit III, India",44209,60,31528,171197.05,5.43,0.09,211.77,1899,10879.44,TRUE,4/11/14,4/11/14,,1/8/14
116-ZA-T30,FPQ-12522,SCMS-199283,ASN-27979,South Africa,PMO - US,Direct Drop,DDP,Truck,ARV,Adult,S. BUYS WHOLESALER,"Didanosine 400mg, delayed-release capsules, 30 Caps",Didanosine,Generic,400mg,Delayed-release capsules,"Aurobindo Unit III, India",44247,30,9,196.8,21.87,0.73,0.24,,,FALSE,8/27/14,8/27/14,,8/27/14
100-ZM-T30,FPQ-12179,SCMS-190730,ASN-20679,Zambia,PMO - US,Direct Drop,EXW,Air,HRDT,HIV test,"Trinity Biotech, Plc","HIV 1/2, Uni-Gold HIV Kit, 20 Tests","HIV 1/2, Uni-Gold HIV Kit",Uni-Gold,N/A,Test kit,"Trinity Biotech, Plc",44263,20,2730,87360,32,1.6,108.06,890,11367.59,TRUE,7/23/13,7/23/13,,5/22/13
107-RW-T30,FPQ-3859,SCMS-48873,ASN-9691,Rwanda,PMO - US,Direct Drop,CIP,Air,ARV,Adult,Aurobindo Pharma Limited,"Didanosine 400mg, delayed-release capsules, 30 Caps",Didanosine,Generic,400mg,Delayed-release capsules,"Aurobindo Unit III, India",44265,30,276,6187.92,22.42,0.75,12.13,,,TRUE,2/8/11,2/8/11,,7/7/09
133-NG-T30,FPQ-14305,SCMS-240830,ASN-27466,Nigeria,PMO - US,Direct Drop,EXW,Air,HRDT,HIV test,"Orgenics, Ltd","HIV 1/2, Determine Complete HIV Kit, 100 Tests","HIV 1/2, Determine Complete HIV Kit",Determine,N/A,Test kit,"Alere Medical Co., Ltd.",44304,100,4758,423462,89,0.89,435.32,1934,28895.07,TRUE,8/19/14,8/19/14,,6/2/14
161-ZA-T30,FPQ-6708,SCMS-93530,ASN-10252,South Africa,PMO - US,Direct Drop,DDP,Ocean,ARV,Adult,Aurobindo Pharma Limited,"Tenofovir Disoproxil Fumarate 300mg, tablets, 30 Tabs",Tenofovir Disoproxil Fumarate,Generic,300mg,Tablet,"Aurobindo Unit III, India",44307,30,39878,265188.7,6.65,0.22,437.56,,,TRUE,4/7/11,5/9/11,,12/14/10
105-GY-T30,FPQ-10249,SCMS-153890,ASN-17087,Guyana,PMO - US,Direct Drop,EXW,Air,HRDT,HIV test,"Orgenics, Ltd","HIV 1/2, Determine Complete HIV Kit, 100 Tests","HIV 1/2, Determine Complete HIV Kit",Determine,N/A,Test kit,"Alere Medical Co., Ltd.",44315,100,90,9000,100,1,12.62,41,1182.5,TRUE,11/20/12,11/20/12,,7/26/12
116-ZA-T30,FPQ-12522,SCMS-199283,ASN-27979,South Africa,PMO - US,Direct Drop,DDP,Truck,ARV,Pediatric,S. BUYS WHOLESALER,"Lamivudine 10mg/ml, oral solution w/syringe, Bottle, 240 ml",Lamivudine,Generic,10mg/ml,Oral solution,"Aurobindo Unit III, India",44330,240,14,111.95,8,0.03,0.14,,,FALSE,8/27/14,8/27/14,,8/27/14
116-ZA-T30,FPQ-13973,SCMS-238554,ASN-28627,South Africa,PMO - US,Direct Drop,DDP,Truck,ARV,Adult,PHARMACY DIRECT,"Lamivudine 150mg, tablets, 60 Tabs",Lamivudine,Generic,150mg,Tablet,"Aurobindo Unit III, India",44340,60,51,466.28,9.14,0.15,0.48,,,FALSE,10/3/14,10/3/14,,10/3/14
103-DO-T30,FPQ-11964,SCMS-202650,ASN-21798,Dominican Republic,PMO - US,Direct Drop,EXW,Air,ARV,Adult,EMCURE PHARMACEUTICALS LTD,"Atazanavir 300mg, capsules, 30 Caps",Atazanavir,Generic,300mg,Capsule,"Emcure Plot No.P-2, I.T-B.T. Park, Phase II, MIDC, Hinjwadi, Pune, India",44363,30,1902,38040,20,0.67,47.06,170,1965.62,TRUE,10/4/13,10/4/13,,8/12/13
108-VN-T30,FPQ-8428,SCMS-123520,ASN-13475,Vietnam,PMO - US,Direct Drop,EXW,Air,ARV,Adult,Aurobindo Pharma Limited,"Lamivudine 150mg, tablets, 60 Tabs",Lamivudine,Generic,150mg,Tablet,"Aurobindo Unit III, India",44373,60,13000,29900,2.3,0.04,49.34,,,FALSE,3/1/12,3/1/12,,10/4/11
110-ZM-T30,FPQ-14827,SCMS-256500,ASN-31165,Zambia,PMO - US,Direct Drop,EXW,Air,HRDT,HIV test,"Orgenics, Ltd","HIV 1/2, Determine Complete HIV Kit, 100 Tests","HIV 1/2, Determine Complete HIV Kit",Determine,N/A,Test kit,"Alere Medical Co., Ltd.",44393,100,5538,443040,80,0.8,455.45,5538,25380.88,TRUE,5/12/15,5/8/15,,9/19/14
161-ZA-T30,FPQ-7175,SCMS-104080,ASN-12035,South Africa,PMO - US,Direct Drop,DDP,Ocean,ARV,Adult,CIPLA LIMITED,"Nevirapine 200mg, tablets, 60 Tabs",Nevirapine,Generic,200mg,Tablet,"Cipla, Goa, India",44448,60,104636,284609.9,2.72,0.05,469.61,11275,8527.46,TRUE,12/13/11,12/13/11,,3/28/11
116-ZA-T30,FPQ-12522,SCMS-199289,ASN-28033,South Africa,PMO - US,Direct Drop,DDP,Truck,ARV,Adult,S. BUYS WHOLESALER,"Lamivudine 150mg, tablets, 60 Tabs",Lamivudine,Generic,150mg,Tablet,Hetero Unit III Hyderabad IN,44463,60,608,5932.29,9.76,0.16,7.34,,,FALSE,8/29/14,8/29/14,,8/29/14
116-ZA-T30,FPQ-13035,SCMS-215370,ASN-24415,South Africa,PMO - US,Direct Drop,DDP,Truck,ARV,Pediatric,S. BUYS WHOLESALER,"Efavirenz 50mg, capsule, 30 Caps",Efavirenz,Generic,50mg,Capsule,"Aurobindo Unit III, India",44486,30,182,541.83,2.98,0.1,0.67,,,FALSE,2/6/14,2/6/14,,12/2/13
108-VN-T30,FPQ-10287,SCMS-155710,ASN-17020,Vietnam,PMO - US,Direct Drop,FCA,Air,ARV,Pediatric,ABBVIE LOGISTICS (FORMERLY ABBOTT LOGISTICS BV),"Lopinavir/Ritonavir 100/25mg [Aluvia], tablets, 60 Tabs",Lopinavir/Ritonavir,Generic,100/25mg,Tablet,ABBVIE Ludwigshafen Germany,44501,60,396,6023.16,15.21,0.25,8.44,53,439.17,TRUE,12/11/12,12/11/12,,8/14/12
104-CI-T30,FPQ-11294,SCMS-173130,ASN-19140,Côte d'Ivoire,PMO - US,Direct Drop,EXW,Air,HRDT,HIV test,"Orgenics, Ltd","HIV 1/2, Determine Complete HIV Kit, 100 Tests","HIV 1/2, Determine Complete HIV Kit",Determine,N/A,Test kit,"Alere Medical Co., Ltd.",44516,100,2104,168320,80,0.8,208.21,917,16661.34,TRUE,4/26/13,4/26/13,,1/15/13
107-RW-T30,FPQ-10223,SCMS-152910,ASN-15894,Rwanda,PMO - US,Direct Drop,EXW,Air,ARV,Adult,Aurobindo Pharma Limited,"Nevirapine 200mg, tablets, 60 Tabs",Nevirapine,Generic,200mg,Tablet,"Aurobindo Unit III, India",44567,60,57961,130412.25,2.25,0.04,182.84,5525,43237.33,TRUE,9/9/12,9/9/12,,7/16/12
103-ZW-T30,FPQ-9905,SCMS-148300,ASN-17259,Zimbabwe,PMO - US,Direct Drop,FCA,Air,ARV,Pediatric,ABBVIE LOGISTICS (FORMERLY ABBOTT LOGISTICS BV),"Lopinavir/Ritonavir 80/20mg/ml [Kaletra], oral solution, cool, Bottle 5 x 60 ml",Lopinavir/Ritonavir,Kaletra,80/20mg/ml,Oral solution,ABBVIE (Abbott) Logis. UK,44577,300,1024,31559.68,30.82,0.1,44.25,1014,,TRUE,12/13/12,12/13/12,,7/18/12
101-CD-T30,FPQ-16001,SCMS-280210,ASN-31750,"Congo, DRC",PMO - US,Direct Drop,EXW,Air,HRDT,HIV test,"Trinity Biotech, Plc","HIV 1/2, Uni-Gold HIV Kit, 20 Tests","HIV 1/2, Uni-Gold HIV Kit",Uni-Gold,N/A,Test kit,"Trinity Biotech, Plc",44597,20,39,1248,32,1.6,1.47,,,FALSE,7/2/15,7/2/15,,3/16/15
108-VN-T30,FPQ-5317,SCMS-69730,ASN-8447,Vietnam,PMO - US,Direct Drop,EXW,Air,ARV,Adult,MYLAN LABORATORIES LTD (FORMERLY MATRIX LABORATORIES),"Efavirenz 600mg, tablets, 30 Tabs",Efavirenz,Generic,600mg,Tablet,Mylan (formerly Matrix) Nashik,44612,30,40890,175827,4.3,0.14,379.08,3329,10455.35,TRUE,11/9/10,11/9/10,,3/29/10
108-VN-T30,FPQ-16194,SCMS-285500,ASN-33266,Vietnam,PMO - US,Direct Drop,EXW,Air,ARV,Adult,HETERO LABS LIMITED,"Lamivudine 150mg, tablets, 60 Tabs",Lamivudine,Generic,150mg,Tablet,Hetero Unit III Hyderabad IN,44615,60,5700,10260,1.8,0.03,12.08,,,TRUE,9/3/15,9/3/15,,5/13/15
108-VN-T30,FPQ-11560,SCMS-177630,ASN-20043,Vietnam,PMO - US,Direct Drop,EXW,Air,ARV,Adult,MYLAN LABORATORIES LTD (FORMERLY MATRIX LABORATORIES),"Efavirenz/Lamivudine/Tenofovir Disoproxil Fumarate 600/300/300mg, tablets, 30 Tabs",Efavirenz/Lamivudine/Tenofovir Disoproxil Fumarate,Generic,600/300/300mg,Tablet - FDC,Mylan (formerly Matrix) Nashik,44630,30,30339,348595.12,11.49,0.38,431.21,3419,15006.27,TRUE,7/13/13,7/13/13,,2/13/13
108-VN-T30,FPQ-15692,SCMS-274370,ASN-32258,Vietnam,PMO - US,Direct Drop,EXW,Air,ARV,Adult,HETERO LABS LIMITED,"Abacavir 300mg, tablets, 60 Tabs",Abacavir,Generic,300mg,Tablet,Hetero Unit III Hyderabad IN,44643,60,2000,21900,10.95,0.18,25.78,,,FALSE,7/13/15,7/13/15,,2/17/15
144-BW-T30,FPQ-4167,SCMS-54210,ASN-5491,Botswana,PMO - US,Direct Drop,EXW,Air,HRDT,HIV test - Ancillary,Orasure Technologies Inc.,"#109435**HIV, OraQuick Controls Kit, 3 Vials","HIV, OraQuick Controls Kit, 3 Vials",OraQuick,N/A,Test kit - Ancillary,"Orasure Technologies, Inc USA",44694,3,10,250,25,8.33,0.49,6,304.76,TRUE,11/30/09,11/30/09,,9/30/09
117-ET-T30,FPQ-12272,SCMS-190800,ASN-20675,Ethiopia,PMO - US,Direct Drop,EXW,Air,HRDT,HIV test,"SHANGHAI KEHUA BIOENGINEERING CO.,LTD.  (KHB)","HIV 1/2, SKB Colloidal Gold, Diagnostic Kit, Antibody, 50 Tests","HIV 1/2, Colloidal Gold, Diagnostic Kit, Antibody",Colloidal Gold,N/A,Test kit,"KHB Test Kit Facility, Shanghai China",44702,1,4162,101969,24.5,24.5,126.14,2777,34137.03,TRUE,7/30/13,7/30/13,,5/22/13
108-VN-T30,FPQ-16194,SCMS-285460,ASN-33291,Vietnam,PMO - US,Direct Drop,EXW,Air,ARV,Adult,Aurobindo Pharma Limited,"Efavirenz 600mg, tablets, 30 Tabs",Efavirenz,Generic,600mg,Tablet,"Aurobindo Unit III, India",44724,30,3000,9900,3.3,0.11,11.65,,,TRUE,9/1/15,9/1/15,,5/11/15
108-VN-T30,FPQ-9001,SCMS-131690,ASN-14517,Vietnam,PMO - US,Direct Drop,EXW,Air,ARV,Adult,MYLAN LABORATORIES LTD (FORMERLY MATRIX LABORATORIES),"Tenofovir Disoproxil Fumarate 300mg, tablets, 30 Tabs",Tenofovir Disoproxil Fumarate,Generic,300mg,Tablet,Mylan (formerly Matrix) Nashik,44737,30,20142,99702.9,4.95,0.16,139.78,6142,13850.65,TRUE,5/16/12,5/16/12,,1/16/12
104-CI-T30,FPQ-6897,SCMS-100950,ASN-11130,Côte d'Ivoire,PMO - US,Direct Drop,CIP,Air,ARV,Pediatric,MERCK SHARP & DOHME IDEA GMBH (FORMALLY MERCK SHARP & DOHME B.V.),"Efavirenz 30mg/ml [Stocrin/Sustiva], oral solution, Bottle, 180 ml",Efavirenz,Stocrin/Sustiva,30mg/ml,Oral solution,"MSD, Haarlem, NL",44778,180,3399,57647.04,16.96,0.09,95.12,1014,2093.32,TRUE,7/1/11,7/1/11,,2/28/11
104-CI-T30,FPQ-7192,SCMS-104290,ASN-11160,Côte d'Ivoire,PMO - US,Direct Drop,EXW,Air,HRDT,HIV test,"Standard Diagnostics, Inc.","HIV 1/2, Bioline 3.0 Kit, (no accessories), 30 Tests","HIV 1/2, Bioline 3.0 Kit (no accessories)",Bioline,N/A,Test kit,"Standard Diagnostics, Korea",44783,30,2418,58032,24,0.8,95.75,859,7894.76,TRUE,6/30/11,6/30/11,,4/18/11
109-TZ-T30,FPQ-9622,SCMS-143750,ASN-15399,Tanzania,PMO - US,Direct Drop,EXW,Air,HRDT,HIV test,"Orgenics, Ltd","HIV 1/2, Determine Complete HIV Kit, 100 Tests","HIV 1/2, Determine Complete HIV Kit",Determine,N/A,Test kit,"Alere Medical Co., Ltd.",44808,100,1387,110960,80,0.8,155.57,662,12035.47,TRUE,7/25/12,7/25/12,,4/23/12
133-NG-T30,FPQ-14995,SCMS-260700,ASN-29935,Nigeria,PMO - US,Direct Drop,EXW,Air,HRDT,HIV test,"Orgenics, Ltd","HIV 1/2, Determine Complete HIV Kit, 100 Tests","HIV 1/2, Determine Complete HIV Kit",Determine,N/A,Test kit,"Alere Medical Co., Ltd.",44816,100,6158,548062,89,0.89,563.41,2493,31090.27,TRUE,1/19/15,1/16/15,,10/29/14
116-ZA-T30,FPQ-14942,SCMS-259073,ASN-30671,South Africa,PMO - US,Direct Drop,DDP,Truck,ARV,Adult,PHARMACY DIRECT,"Lamivudine 150mg, tablets, 60 Tabs",Lamivudine,Generic,150mg,Tablet,"Aurobindo Unit III, India",44855,60,189,1248.67,6.61,0.11,1.28,,,FALSE,2/12/15,2/12/15,,2/12/15
108-VN-T30,FPQ-16194,SCMS-285490,ASN-33146,Vietnam,PMO - US,Direct Drop,EXW,Air,ARV,Adult,HETERO LABS LIMITED,"Efavirenz/Lamivudine/Tenofovir Disoproxil Fumarate 600/300/300mg, tablets, 30 Tabs",Efavirenz/Lamivudine/Tenofovir Disoproxil Fumarate,Generic,600/300/300mg,Tablet - FDC,Hetero Unit III Hyderabad IN,44860,30,2196,20862,9.5,0.32,24.55,,,TRUE,9/7/15,9/7/15,,5/13/15
111-MZ-T30,FPQ-3588,SCMS-45670,ASN-5525,Mozambique,PMO - US,Direct Drop,CIP,Air,ARV,Adult,GLAXOSMITHKLINE EXPORT LIMITED,"Abacavir/Lamivudine/Zidovudine 300/150/300mg [Trizivir], tablets, 60 Tabs",Abacavir/Lamivudine/Zidovudine,Trizivir,300/150/300mg,Tablet - FDC,GSK Ware (UK),44908,60,1020,54784.2,53.71,0.9,107.38,,,FALSE,12/4/09,12/4/09,,5/13/09
116-ZA-T30,FPQ-11828,SCMS-183950,ASN-19166,South Africa,South Africa Field Office,Direct Drop,DDP,Truck,ARV,Adult,S. BUYS WHOLESALER,"Lopinavir/Ritonavir 200/50mg [Aluvia], tablets, 120 Tabs",Lopinavir/Ritonavir,Aluvia,200/50mg,Tablet,ABBVIE Ludwigshafen Germany,44913,120,62,1549.54,24.99,0.21,1.92,,,FALSE,4/16/13,4/16/13,,
108-VN-T30,FPQ-4720,SCMS-62820,ASN-6687,Vietnam,PMO - US,Direct Drop,EXW,Air,ARV,Adult,Aurobindo Pharma Limited,"Stavudine 30mg, capsules, 60 Caps",Stavudine,Generic,30mg,Capsule,"Aurobindo Unit III, India",44920,60,9744,14128.8,1.45,0.02,30.46,656,6158,TRUE,5/18/10,5/18/10,,1/14/10
106-HT-T30,FPQ-9894,SCMS-147600,ASN-15679,Haiti,PMO - US,Direct Drop,DDP,Truck,HRDT,HIV test,REINBOLD EXPORT IMPORT,"HIV 1/2, Determine Complete HIV Kit, 100 Tests","HIV 1/2, Determine Complete HIV Kit",Determine,N/A,Test kit,"Alere Medical Co., Ltd.",44922,100,1250,160937.5,128.75,1.29,225.63,,,TRUE,6/28/12,7/5/12,,6/5/12
133-NG-T30,FPQ-12456,SCMS-196560,ASN-21218,Nigeria,PMO - US,Direct Drop,EXW,Air,HRDT,HIV test,"Orgenics, Ltd","HIV 1/2, Determine Complete HIV Kit, 100 Tests","HIV 1/2, Determine Complete HIV Kit",Determine,N/A,Test kit,"Alere Medical Co., Ltd.",44930,100,3055,271895,89,0.89,336.33,1241,13325.59,TRUE,9/18/13,9/18/13,,7/10/13
151-NG-T30,FPQ-6249,SCMS-86060,ASN-9590,Nigeria,PMO - US,Direct Drop,FCA,Air,ARV,Adult,ABBVIE LOGISTICS (FORMERLY ABBOTT LOGISTICS BV),"Ritonavir 100mg [Norvir], capsules, cool, 4 x 84 Caps",Ritonavir,Norvir,100mg,Capsule,ABBVIE (Abbott) Logis. UK,44942,336,273,10472.28,38.36,0.11,22.58,520,3759.22,TRUE,2/8/11,2/8/11,,9/23/10
114-UG-T30,FPQ-9365,SCMS-142260,ASN-14702,Uganda,PMO - US,Direct Drop,FCA,Air,ARV,Pediatric,ABBVIE LOGISTICS (FORMERLY ABBOTT LOGISTICS BV),"Lopinavir/Ritonavir 100/25mg [Aluvia], tablets, 60 Tabs",Lopinavir/Ritonavir,Generic,100/25mg,Tablet,ABBVIE Ludwigshafen Germany,44962,60,210,1554,7.4,0.12,2.18,36,677.4,TRUE,5/4/12,5/4/12,,4/4/12
161-ZA-T30,FPQ-5303,SCMS-68980,ASN-7664,South Africa,PMO - US,Direct Drop,DDP,Air,ARV,Adult,Aurobindo Pharma Limited,"Lamivudine 150mg, tablets, 60 Tabs",Lamivudine,Generic,150mg,Tablet,"Aurobindo Unit III, India",44964,60,33972,85949.16,2.53,0.04,185.31,1823,1791.42,TRUE,8/24/10,8/11/10,,3/19/10
116-ZA-T30,FPQ-13973,SCMS-238552,ASN-27610,South Africa,PMO - US,Direct Drop,DDP,Truck,ARV,Adult,PHARMACY DIRECT,"Raltegravir 400mg [Isentress], tablets, 60 Tabs",Raltegravir,Isentress,400mg,Tablet,"MSD, Haarlem, NL",45020,60,20,1599.83,79.99,1.33,1.64,,,FALSE,8/5/14,8/5/14,,8/5/14
116-ZA-T30,FPQ-4054,SCMS-51260,ASN-4939,South Africa,PMO - US,Direct Drop,DDP,Truck,ARV,Adult,S. BUYS WHOLESALER,"Ritonavir 100mg [Norvir], capsules, cool, 84 Caps",Ritonavir,Norvir,100mg,Capsule,ABBVIE (Abbott) Logis. UK,45034,84,40,431.92,10.8,0.13,0.85,,,TRUE,9/3/09,9/3/09,,8/7/09
116-ZA-T30,FPQ-13035,SCMS-215370,ASN-24415,South Africa,PMO - US,Direct Drop,DDP,Truck,ARV,Adult,S. BUYS WHOLESALER,"Stavudine 30mg, capsules, 60 Caps",Stavudine,Generic,30mg,Capsule,"Aurobindo Unit III, India",45048,60,408,1608.59,3.94,0.07,1.99,,,FALSE,2/6/14,2/6/14,,12/2/13
116-ZA-T30,FPQ-12522,SCMS-199289,ASN-28036,South Africa,PMO - US,Direct Drop,DDP,Truck,ARV,Adult,S. BUYS WHOLESALER,"Efavirenz 600mg, tablets, 30 Tabs",Efavirenz,Generic,600mg,Tablet,Hetero Unit III Hyderabad IN,45057,30,1043,17283.85,16.57,0.55,21.38,,,FALSE,8/29/14,8/29/14,,8/29/14
116-ZA-T30,FPQ-11828,SCMS-183950,ASN-19166,South Africa,South Africa Field Office,Direct Drop,DDP,Truck,ARV,Adult,S. BUYS WHOLESALER,"Tenofovir Disoproxil Fumarate 300mg, tablets, 30 Tabs",Tenofovir Disoproxil Fumarate,Generic,300mg,Tablet,"Aurobindo Unit III, India",45090,30,621,12768.22,20.56,0.69,15.79,,,FALSE,4/16/13,4/16/13,,
116-ZA-T30,FPQ-12522,SCMS-199289,ASN-28033,South Africa,PMO - US,Direct Drop,DDP,Truck,ARV,Adult,S. BUYS WHOLESALER,"Didanosine 400mg, delayed-release capsules, 30 Caps",Didanosine,Generic,400mg,Delayed-release capsules,"Aurobindo Unit III, India",45143,30,17,368.99,21.71,0.72,0.46,,,FALSE,8/29/14,8/29/14,,8/29/14
114-UG-T30,FPQ-15303,SCMS-264980,ASN-33165,Uganda,PMO - US,Direct Drop,EXW,Air,ARV,Adult,EMCURE PHARMACEUTICALS LTD,"Atazanavir/Ritonavir 300/100mg, tablets, 30 Tabs",Atazanavir/Ritonavir,Generic,300/100mg,Tablet,"Emcure Plot No.P-2, I.T-B.T. Park, Phase II, MIDC, Hinjwadi, Pune, India",45147,30,6907,124326,18,0.6,146.33,,,TRUE,7/27/15,7/27/15,,11/25/14
108-VN-T30,FPQ-6384,SCMS-87720,ASN-9249,Vietnam,PMO - US,Direct Drop,EXW,Air,ARV,Adult,Aurobindo Pharma Limited,"Didanosine 250mg, delayed-release capsules, 30 Caps",Didanosine,Generic,250mg,Delayed-release capsules,"Aurobindo Unit III, India",45149,30,300,3900,13,0.43,8.41,21,3657.69,TRUE,2/11/11,2/11/11,,10/14/10
900-SS-T30,FPQ-11623,SCMS-178030,ASN-19143,South Sudan,PMO - US,Direct Drop,EXW,Air,HRDT,HIV test - Ancillary,"Orgenics, Ltd","Chase Buffer, Determine, 100 Tests, 2.5ml x 1 Vial","Chase Buffer, Determine, 100 Tests, 2.5ml x 1 Vial",Determine,N/A,Test kit - Ancillary,"Alere Medical Co., Ltd.",45150,1,116,580,5,5,0.72,,,FALSE,8/16/13,8/16/13,,2/27/13
108-VN-T30,FPQ-5317,SCMS-69230,ASN-7571,Vietnam,PMO - US,Direct Drop,FCA,Air,ARV,Adult,ABBVIE LOGISTICS (FORMERLY ABBOTT LOGISTICS BV),"Lopinavir/Ritonavir 200/50mg [Aluvia], tablets, 120 Tabs",Lopinavir/Ritonavir,Aluvia,200/50mg,Tablet,ABBVIE Ludwigshafen Germany,45158,120,1010,83022,82.2,0.68,179,255,8227.99,TRUE,7/31/10,7/31/10,,3/31/10
102-SS-T30,FPQ-9038,SCMS-137180,ASN-14933,South Sudan,PMO - US,Direct Drop,EXW,Air,HRDT,HIV test,"Trinity Biotech, Plc","HIV 1/2, Uni-Gold HIV Kit, 20 Tests","HIV 1/2, Uni-Gold HIV Kit",Uni-Gold,N/A,Test kit,"Trinity Biotech, Plc",45160,20,176,5632,32,1.6,7.9,71,1743.35,TRUE,6/4/12,6/4/12,,2/15/12
116-ZA-T30,FPQ-13035,SCMS-215370,ASN-24415,South Africa,PMO - US,Direct Drop,DDP,Truck,ARV,Adult,S. BUYS WHOLESALER,"Lamivudine/Zidovudine 150/300mg, tablets, 60 Tabs",Lamivudine/Zidovudine,Generic,150/300mg,Tablet - FDC,"Cipla, Goa, India",45168,60,920,25777.7,28.02,0.47,31.89,,,FALSE,2/6/14,2/6/14,,12/2/13
105-SS-T30,FPQ-12623,SCMS-200910,ASN-22040,South Sudan,PMO - US,Direct Drop,EXW,Air,HRDT,HIV test,"Orgenics, Ltd","HIV 1/2, Determine Complete HIV Kit, 100 Tests","HIV 1/2, Determine Complete HIV Kit",Determine,N/A,Test kit,"Alere Medical Co., Ltd.",45178,100,450,40050,89,0.89,49.54,188,2997.85,TRUE,11/8/13,11/8/13,,8/5/13
116-ZA-T30,FPQ-14942,SCMS-259079,ASN-33851,South Africa,PMO - US,Direct Drop,DDP,Truck,ARV,Adult,PHARMACY DIRECT,"Lamivudine/Zidovudine 150/300mg, tablets, 60 Tabs",Lamivudine/Zidovudine,Generic,150/300mg,Tablet - FDC,"Aurobindo Unit III, India",45197,60,27,620.91,23,0.38,0.64,,,FALSE,8/24/15,8/24/15,,10/9/14
116-ZA-T30,FPQ-11828,SCMS-183950,ASN-19166,South Africa,South Africa Field Office,Direct Drop,DDP,Truck,ARV,Pediatric,S. BUYS WHOLESALER,"Abacavir 20mg/ml [Ziagen], oral solution, Bottle, 240 ml",Abacavir,Ziagen,20mg/ml,Oral solution,GSK Mississauga (Canada),45202,240,1021,23275.52,22.8,0.1,28.79,,,FALSE,4/16/13,4/16/13,,
111-MZ-T30,FPQ-13093,SCMS-211550,ASN-24474,Mozambique,PMO - US,Direct Drop,EXW,Air,HRDT,HIV test,"Trinity Biotech, Plc","HIV 1/2, Uni-Gold HIV Kit, 20 Tests","HIV 1/2, Uni-Gold HIV Kit",Uni-Gold,N/A,Test kit,"Trinity Biotech, Plc",45248,20,5673,181536,32,1.6,186.62,1674,10780.63,TRUE,4/2/14,4/2/14,,11/12/13
111-MZ-T30,FPQ-11440,SCMS-174050,ASN-18080,Mozambique,PMO - US,Direct Drop,EXW,Air,HRDT,HIV test,"Trinity Biotech, Plc","HIV 1/2, Uni-Gold HIV Kit, 20 Tests","HIV 1/2, Uni-Gold HIV Kit",Uni-Gold,N/A,Test kit,"Trinity Biotech, Plc",45267,20,151,4832,32,1.6,5.98,54,1032.57,TRUE,3/17/13,3/17/13,,1/17/13
116-ZA-T30,FPQ-12522,SCMS-199283,ASN-27980,South Africa,PMO - US,Direct Drop,DDP,Truck,ARV,Adult,S. BUYS WHOLESALER,"Lopinavir/Ritonavir 200/50mg [Aluvia], tablets, 120 Tabs",Lopinavir/Ritonavir,Aluvia,200/50mg,Tablet,ABBVIE Ludwigshafen Germany,45278,120,23,592.47,25.76,0.21,0.73,,,FALSE,8/27/14,8/27/14,,8/27/14
161-ZA-T30,FPQ-7175,SCMS-103340,ASN-11431,South Africa,PMO - US,Direct Drop,DDP,Ocean,ARV,Pediatric,Aurobindo Pharma Limited,"Efavirenz 200mg, capsule, 90 Caps",Efavirenz,Generic,200mg,Capsule,"Aurobindo Unit III, India",45287,90,25000,204250,8.17,0.09,337.01,3313,5192.74,TRUE,9/14/11,9/14/11,,3/24/11
106-HT-T30,FPQ-12590,SCMS-210520,ASN-26068,Haiti,PMO - US,Direct Drop,EXW,Air,ARV,Pediatric,MYLAN LABORATORIES LTD (FORMERLY MATRIX LABORATORIES),"Abacavir/Lamivudine 60/30mg, tablets, 60 Tabs",Abacavir/Lamivudine,Generic,60/30mg,Tablet - FDC,Mylan (formerly Matrix) Nashik,45292,60,3024,11944.8,3.95,0.07,14.78,140,1694.3,TRUE,6/23/14,6/23/14,,10/25/13
116-ZA-T30,FPQ-12522,SCMS-199283,ASN-27979,South Africa,PMO - US,Direct Drop,DDP,Truck,ARV,Adult,S. BUYS WHOLESALER,"Nevirapine 200mg, tablets, 60 Tabs",Nevirapine,Generic,200mg,Tablet,"Aurobindo Unit III, India",45320,60,33,650.7,19.72,0.33,0.8,,,FALSE,8/27/14,8/27/14,,8/27/14
901-NA-T30,FPQ-14728,SCMS-252630,ASN-29183,Namibia,PMO - US,Direct Drop,EXW,Air,ARV,Adult,MYLAN LABORATORIES LTD (FORMERLY MATRIX LABORATORIES),"Efavirenz/Emtricitabine/Tenofovir Disoproxil Fumarate 600/200/300mg, tablets, 30 Tabs",Efavirenz/Emtricitabine/Tenofovir Disoproxil Fumarate,Generic,600/200/300mg,Tablet - FDC,"Mylan,  H-12 & H-13, India",45327,30,17640,185220,10.5,0.35,190.41,,,FALSE,11/25/14,11/25/14,,8/19/14
108-VN-T30,FPQ-12539,SCMS-199760,ASN-22686,Vietnam,PMO - US,Direct Drop,EXW,Air,ARV,Adult,MICRO LABS LIMITED,"Lamivudine 150mg, tablets, 60 Tabs",Lamivudine,Generic,150mg,Tablet,"Micro labs, Verna, Goa, India",45343,60,11507,20367.39,1.77,0.03,25.19,539,1666.35,TRUE,12/5/13,12/5/13,,7/25/13
116-ZA-T30,FPQ-12522,SCMS-199283,ASN-27978,South Africa,PMO - US,Direct Drop,DDP,Truck,ARV,Adult,S. BUYS WHOLESALER,"Abacavir 300mg, tablets, 60 Tabs",Abacavir,Generic,300mg,Tablet,"Aurobindo Unit III, India",45347,60,50,3857.34,77.15,1.29,4.77,,,FALSE,8/27/14,8/27/14,,8/27/14
116-ZA-T30,FPQ-14942,SCMS-259077,ASN-33478,South Africa,PMO - US,Direct Drop,DDP,Truck,ARV,Adult,PHARMACY DIRECT,"Darunavir 600mg [Prezista], tablets, 60 Tabs",Darunavir,Prezista,600mg,Tablet,"Janssen-Cilag, Latina, IT",45348,60,37,1874.52,50.66,0.84,1.93,,,FALSE,7/24/15,7/24/15,,10/9/14
116-ZA-T30,FPQ-3596,SCMS-50360,ASN-5450,South Africa,PMO - US,Direct Drop,DDP,Truck,ARV,Adult,S. BUYS WHOLESALER,"Lopinavir/Ritonavir 200/50mg [Aluvia], tablets, 120 Tabs",Lopinavir/Ritonavir,Aluvia,200/50mg,Tablet,ABBVIE Ludwigshafen Germany,45361,120,3500,152545.53,43.58,0.36,298.99,,,TRUE,10/27/09,10/27/09,,9/22/09
116-ZA-T30,FPQ-12522,SCMS-199289,ASN-28034,South Africa,PMO - US,Direct Drop,DDP,Truck,ARV,Adult,S. BUYS WHOLESALER,"Abacavir 300mg, tablets, 60 Tabs",Abacavir,Generic,300mg,Tablet,"Aurobindo Unit III, India",45377,60,86,6545.32,76.11,1.27,8.1,,,FALSE,8/29/14,8/29/14,,8/29/14
108-VN-T30,FPQ-4302,SCMS-53720,ASN-5183,Vietnam,PMO - US,Direct Drop,FCA,Air,ARV,Adult,ABBVIE LOGISTICS (FORMERLY ABBOTT LOGISTICS BV),"Ritonavir 100mg [Norvir], capsules, cool, 4 x 84 Caps",Ritonavir,Norvir,100mg,Capsule,ABBVIE (Abbott) Logis. UK,45400,336,40,3068.8,76.72,0.23,6.01,114,4410.73,TRUE,11/3/09,11/3/09,,9/24/09
107-RW-T30,FPQ-13651,SCMS-227720,ASN-25268,Rwanda,PMO - US,Direct Drop,EXW,Air,ARV,Pediatric,Aurobindo Pharma Limited,"Nevirapine 10mg/ml, oral suspension w/syringe, Bottle, 240 ml",Nevirapine,Generic,10mg/ml,Oral suspension,"Aurobindo Unit III, India",45440,240,6821,10299.71,1.51,0.01,10.59,2686,,TRUE,5/6/14,5/6/14,,2/28/14
161-ZA-T30,FPQ-6708,SCMS-93570,ASN-11702,South Africa,PMO - US,Direct Drop,DDP,Ocean,ARV,Adult,Aurobindo Pharma Limited,"Tenofovir Disoproxil Fumarate 300mg, tablets, 30 Tabs",Tenofovir Disoproxil Fumarate,Generic,300mg,Tablet,"Aurobindo Unit III, India",45442,30,137130,911914.5,6.65,0.22,1504.66,45800,9726.53,TRUE,10/5/11,9/20/11,,12/14/10
116-ZA-T30,FPQ-14942,SCMS-259075,ASN-32138,South Africa,PMO - US,Direct Drop,DDP,Truck,ARV,Adult,PHARMACY DIRECT,"Lamivudine/Zidovudine 150/300mg, tablets, 60 Tabs",Lamivudine/Zidovudine,Generic,150/300mg,Tablet - FDC,"Aurobindo Unit III, India",45460,60,3,64.23,21.41,0.36,0.07,,,FALSE,5/12/15,5/12/15,,5/11/15
900-SS-T30,FPQ-10504,SCMS-157870,ASN-16323,South Sudan,PMO - US,Direct Drop,EXW,Air,HRDT,HIV test,"Trinity Biotech, Plc","HIV 1/2, Uni-Gold HIV Kit, 20 Tests","HIV 1/2, Uni-Gold HIV Kit",Uni-Gold,N/A,Test kit,"Trinity Biotech, Plc",45505,20,47,1504,32,1.6,2.11,15,870.22,TRUE,10/18/12,10/18/12,,8/21/12
116-ZA-T30,FPQ-11828,SCMS-183950,ASN-19166,South Africa,South Africa Field Office,Direct Drop,DDP,Truck,ARV,Adult,S. BUYS WHOLESALER,"Nevirapine 200mg [Viramune], tablets, 60 Tabs",Nevirapine,Viramune,200mg,Tablet,"Boehringer Ing., Koropi, GR",45536,60,2,36.18,18.09,0.3,0.04,,,FALSE,4/16/13,4/16/13,,
108-VN-T30,FPQ-13524,SCMS-226210,ASN-27101,Vietnam,PMO - US,Direct Drop,EXW,Air,ARV,Adult,MYLAN LABORATORIES LTD (FORMERLY MATRIX LABORATORIES),"Lamivudine/Nevirapine/Zidovudine 150/200/300mg, tablets, 60 Tabs",Lamivudine/Nevirapine/Zidovudine,Generic,150/300/200mg,Tablet - FDC,Mylan (formerly Matrix) Nashik,45540,60,12100,98010,8.1,0.13,100.75,1685,3251.35,TRUE,8/18/14,8/18/14,,3/10/14
102-KE-T30,FPQ-3984,SCMS-50870,ASN-4770,Kenya,PMO - US,Direct Drop,EXW,Air,HRDT,HIV test,"Trinity Biotech, Plc","HIV 1/2, Uni-Gold HIV Kit, 20 Tests","HIV 1/2, Uni-Gold HIV Kit",Uni-Gold,N/A,Test kit,"Trinity Biotech, Plc",45608,20,500,16000,32,1.6,31.36,170,2865.63,TRUE,9/11/09,9/11/09,,7/31/09
113-ZW-T30,FPQ-15380,SCMS-266490,ASN-31132,Zimbabwe,PMO - US,Direct Drop,EXW,Air,HRDT,HIV test - Ancillary,"Orgenics, Ltd","Chase Buffer, Determine, 100 Tests, 2.5ml x 1 Vial","Chase Buffer, Determine, 100 Tests, 2.5ml x 1 Vial",Determine,N/A,Test kit - Ancillary,"Alere Medical Co., Ltd.",45609,1,5000,25000,5,5,29.42,,,FALSE,5/14/15,5/14/15,,1/26/15
116-ZA-T30,FPQ-12522,SCMS-199281,ASN-24455,South Africa,PMO - US,Direct Drop,DDP,Truck,ARV,Pediatric,"RAININ INSTRUMENT, LLC.","Lopinavir/Ritonavir 80/20mg/ml [Kaletra], oral solution, cool, Bottle 5 x 60 ml",Lopinavir/Ritonavir,Kaletra,80/20mg/ml,Oral solution,ABBVIE (Abbott) Logis. UK,45640,300,2,46.9,23.45,0.08,0.06,,,TRUE,2/10/14,2/10/14,,8/13/13
104-CI-T30,FPQ-13622,SCMS-228880,ASN-26338,Côte d'Ivoire,PMO - US,Direct Drop,EXW,Air,ARV,Adult,Aurobindo Pharma Limited,"Didanosine 250mg, delayed-release capsules, 30 Caps",Didanosine,Generic,250mg,Delayed-release capsules,"Aurobindo Unit III, India",45644,30,2000,15160,7.58,0.25,15.58,150,1789.85,TRUE,6/20/14,6/20/14,,3/3/14
101-CD-T30,FPQ-13548,SCMS-224840,ASN-24721,"Congo, DRC",PMO - US,Direct Drop,EXW,Air,HRDT,HIV test,"Trinity Biotech, Plc","HIV 1/2, Uni-Gold HIV Kit, 20 Tests","HIV 1/2, Uni-Gold HIV Kit",Uni-Gold,N/A,Test kit,"Trinity Biotech, Plc",45648,20,90,2880,32,1.6,2.96,,,FALSE,4/4/14,4/4/14,,1/28/14
116-ZA-T30,FPQ-11828,SCMS-183950,ASN-19166,South Africa,South Africa Field Office,Direct Drop,DDP,Truck,ARV,Adult,S. BUYS WHOLESALER,"Emtricitabine/Tenofovir Disoproxil Fumarate 200/300mg, tablets, 30 Tabs",Emtricitabine/Tenofovir Disoproxil Fumarate,Generic,200/300mg,Tablet - FDC,"Aurobindo Unit III, India",45652,30,3,91.69,30.56,1.02,0.11,,,FALSE,4/16/13,4/16/13,,
106-HT-T30,FPQ-9635,SCMS-148400,ASN-15792,Haiti,PMO - US,Direct Drop,EXW,Air,ARV,Pediatric,Aurobindo Pharma Limited,"Efavirenz 50mg, capsule, 30 Caps",Efavirenz,Generic,50mg,Capsule,"Aurobindo Unit III, India",45695,30,1764,3951.36,2.24,0.07,5.54,106,1615.07,TRUE,8/18/12,8/18/12,,7/12/12
161-ZA-T30,FPQ-6708,SCMS-93530,ASN-10555,South Africa,PMO - US,Direct Drop,DDP,Ocean,ARV,Adult,Aurobindo Pharma Limited,"Tenofovir Disoproxil Fumarate 300mg, tablets, 30 Tabs",Tenofovir Disoproxil Fumarate,Generic,300mg,Tablet,"Aurobindo Unit III, India",45705,30,28907,192231.55,6.65,0.22,317.18,,,TRUE,4/7/11,6/13/11,,12/14/10
105-SS-T30,FPQ-12623,SCMS-200911,ASN-22749,South Sudan,PMO - US,Direct Drop,EXW,Air,HRDT,HIV test - Ancillary,"Orgenics, Ltd","Capillary Tubes, for Determine, EDTA, 50uL,100 Pcs","HIV, Capillary Tubes, for Determine, EDTA, 50uL,100 Pcs",Determine,N/A,Test kit - Ancillary,"Alere Medical Co., Ltd.",45723,100,115,920,8,0.08,1.14,149,3256.76,TRUE,1/24/14,1/24/14,,8/5/13
161-ZA-T30,FPQ-7175,SCMS-103380,ASN-12380,South Africa,PMO - US,Direct Drop,DDP,Ocean,ARV,Adult,Aurobindo Pharma Limited,"Zidovudine 300mg, tablets, 60 Tabs",Zidovudine,Generic,300mg,Tablet,"Aurobindo Unit III, India",45729,60,92887,678075.1,7.3,0.12,1118.82,4810,6599.86,TRUE,1/4/12,1/4/12,,3/24/11
105-SS-T30,FPQ-15569,SCMS-272150,ASN-31765,South Sudan,PMO - US,Direct Drop,EXW,Air,HRDT,HIV test,"Trinity Biotech, Plc","HIV 1/2, Uni-Gold HIV Kit, 20 Tests","HIV 1/2, Uni-Gold HIV Kit",Uni-Gold,N/A,Test kit,"Trinity Biotech, Plc",45741,20,35,1120,32,1.6,1.32,,,FALSE,7/25/15,7/25/15,,2/20/15
116-ZA-T30,FPQ-15869,SCMS-278620,ASN-32073,South Africa,PMO - US,Direct Drop,DDP,Truck,ARV,Adult,PHARMACY DIRECT,"Efavirenz/Emtricitabine/Tenofovir Disoproxil Fumarate 600/200/300mg, tablets, 30 Tabs",Efavirenz/Emtricitabine/Tenofovir Disoproxil Fumarate,Generic,600/200/300mg,Tablet - FDC,Mylan (formerly Matrix) Nashik,45793,30,5000,177172.11,35.43,1.18,208.53,,,TRUE,5/7/15,5/7/15,,5/7/15
102-KE-T30,FPQ-9127,SCMS-134430,ASN-13564,Kenya,PMO - US,Direct Drop,CIP,Air,HRDT,HIV test,BIOLYTICAL LABORATORIES INC.,"HIV 1/2, INSTI HIV 1/2 Antibody Kit, 48 Tests","HIV 1/2, INSTI HIV 1/2 Antibody Kit",INSTi,N/A,Test kit,bioLytical Laboratories,45801,48,32,2657.28,83.04,1.73,3.73,58,836.14,TRUE,2/8/12,2/8/12,,1/19/12
101-CD-T30,FPQ-12093,SCMS-189060,ASN-20771,"Congo, DRC",PMO - US,Direct Drop,FCA,Air,ARV,Pediatric,ABBVIE LOGISTICS (FORMERLY ABBOTT LOGISTICS BV),"Lopinavir/Ritonavir 80/20mg/ml [Kaletra], oral solution, cool, Bottle 5 x 60 ml",Lopinavir/Ritonavir,Kaletra,80/20mg/ml,Oral solution,ABBVIE (Abbott) Logis. UK,45848,300,20,616.4,30.82,0.1,0.76,52,1573.41,TRUE,11/20/13,11/18/13,,5/23/13
111-MZ-T30,FPQ-13093,SCMS-211560,ASN-24097,Mozambique,PMO - US,Direct Drop,EXW,Air,HRDT,HIV test,"Orgenics, Ltd","HIV 1/2, Determine Complete HIV Kit, 100 Tests","HIV 1/2, Determine Complete HIV Kit",Determine,N/A,Test kit,"Alere Medical Co., Ltd.",45929,100,9575,766000,80,0.8,787.45,3890,29244.02,TRUE,2/10/14,2/10/14,,11/13/13
108-VN-T30,FPQ-4081,SCMS-51470,ASN-4801,Vietnam,PMO - US,Direct Drop,FCA,Air,ARV,Adult,ABBVIE LOGISTICS (FORMERLY ABBOTT LOGISTICS BV),"Lopinavir/Ritonavir 200/50mg [Aluvia], tablets, 120 Tabs",Lopinavir/Ritonavir,Aluvia,200/50mg,Tablet,ABBVIE Ludwigshafen Germany,45968,120,320,26304,82.2,0.68,51.56,88,823.94,TRUE,9/29/09,9/29/09,,8/12/09
109-TZ-T30,FPQ-13048,SCMS-210900,ASN-23916,Tanzania,PMO - US,Direct Drop,EXW,Air,ARV,Adult,Aurobindo Pharma Limited,"Zidovudine 300mg, tablets, 60 Tabs",Zidovudine,Generic,300mg,Tablet,"Aurobindo Unit III, India",45977,60,20172,109533.96,5.43,0.09,135.49,1104,5765.11,TRUE,3/7/14,3/7/14,,10/28/13
107-RW-T30,FPQ-8741,SCMS-129510,ASN-15328,Rwanda,PMO - US,Direct Drop,CIP,Air,ARV,Pediatric,CIPLA LIMITED,"Lamivudine 10mg/ml, oral solution, Bottle, 240 ml",Lamivudine,Generic,10mg/ml,Oral solution,"Cipla, Goa, India",46005,240,9565,18651.75,1.95,0.01,26.15,6490,3010.89,TRUE,6/28/12,6/28/12,,3/9/12
107-RW-T30,FPQ-6185,SCMS-84440,ASN-9044,Rwanda,PMO - US,Direct Drop,CIP,Air,ARV,Adult,HETERO LABS LIMITED,"Nevirapine 200mg, tablets, 60 Tabs",Nevirapine,Generic,200mg,Tablet,Hetero Unit III Hyderabad IN,46010,60,63254,166990.56,2.64,0.04,360.03,3700,,TRUE,12/9/10,12/9/10,,9/17/10
109-TZ-T30,FPQ-6795,SCMS-103291,ASN-11005,Tanzania,PMO - US,Direct Drop,FCA,Air,ARV,Adult,LAWRENCE LABORATORIES (SUBSIDIARY OF BRISTOL MYERS SQUIBB),"Didanosine EC 400mg [Videx EC], delayed-release capsules, Blister 3 x 10 Caps",Didanosine EC,Videx EC,400mg,Delayed-release capsules - blister,Bristol-Myers Squibb Anagni IT,46067,30,18311,433421.38,23.67,0.79,715.15,,,FALSE,7/14/11,7/14/11,,4/14/11
117-ET-T30,FPQ-9210,SCMS-134740,ASN-14557,Ethiopia,PMO - US,Direct Drop,EXW,Air,HRDT,HIV test,"Trinity Biotech, Plc","HIV 1/2, Uni-Gold HIV Kit, 20 Tests","HIV 1/2, Uni-Gold HIV Kit",Uni-Gold,N/A,Test kit,"Trinity Biotech, Plc",46082,20,43,1376,32,1.6,1.93,15,406.68,TRUE,4/25/12,4/25/12,,1/23/12
106-HT-T30,FPQ-16100,SCMS-288830,ASN-33571,Haiti,PMO - US,Direct Drop,CIP,Air,ARV,Pediatric,"MSD LATIN AMERICA SERVICES, S. DE R.L. DE C.V.","Efavirenz 30mg/ml [Stocrin/Sustiva], oral solution, Bottle, 180 ml",Efavirenz,Stocrin/Sustiva,30mg/ml,Oral solution,"MSD, Haarlem, NL",46095,180,420,7123.2,16.96,0.09,8.38,,,TRUE,8/26/15,8/26/15,,5/22/15
161-ZA-T30,FPQ-5303,SCMS-68950,ASN-7083,South Africa,PMO - US,Direct Drop,DDP,Air,ARV,Adult,Aurobindo Pharma Limited,"Nevirapine 200mg, tablets, 60 Tabs",Nevirapine,Generic,200mg,Tablet,"Aurobindo Unit III, India",46099,60,38341,111955.72,2.92,0.05,241.38,4522,6369.8,TRUE,6/9/10,6/10/10,,3/19/10
105-SS-T30,FPQ-9807,SCMS-147621,ASN-16786,South Sudan,PMO - US,Direct Drop,EXW,Air,HRDT,HIV test,"Trinity Biotech, Plc","HIV 1/2, Uni-Gold HIV Kit, 20 Tests","HIV 1/2, Uni-Gold HIV Kit",Uni-Gold,N/A,Test kit,"Trinity Biotech, Plc",46106,20,597,19104,32,1.6,26.78,209,3088.04,TRUE,2/8/13,2/8/13,,6/20/12
A02-SL-T50,FPQ-16015,SCMS-285340,ASN-31819,Sierra Leone,PMO - US,Direct Drop,EXW,Air,HRDT,HIV test,"Standard Diagnostics, Inc.","HIV 1/2, Bioline 3.0 Kit, Lancets, Capillary pipets, Alcohol swabs included, 25 Tests","HIV 1/2, Bioline 3.0 Kit, Lancets, Capillary pipets, Alcohol swabs included",Bioline,N/A,Test kit,"Standard Diagnostics, Korea",46114,25,1500,30750,20.5,0.82,36.19,,,TRUE,5/6/15,5/6/15,,4/20/15
107-RW-T30,FPQ-6341,SCMS-84990,ASN-11548,Rwanda,PMO - US,Direct Drop,EXW,Ocean,ARV,Adult,HETERO LABS LIMITED,"Nevirapine 200mg, tablets, 60 Tabs",Nevirapine,Generic,200mg,Tablet,Hetero Unit III Hyderabad IN,46127,60,236925,575727.75,2.43,0.04,1241.27,13622,82095.85,TRUE,10/17/11,10/17/11,,9/28/10
111-MZ-T30,FPQ-6562,SCMS-93760,ASN-9741,Mozambique,PMO - US,Direct Drop,EXW,Air,HRDT,HIV test,"Orgenics, Ltd","HIV 1/2, Determine Complete HIV Kit, 100 Tests","HIV 1/2, Determine Complete HIV Kit",Determine,N/A,Test kit,Inverness Japan,46129,100,61,4739.7,77.7,0.78,7.82,28,1001.47,TRUE,3/10/11,3/10/11,,1/12/11
108-VN-T30,FPQ-12539,SCMS-199830,ASN-23666,Vietnam,PMO - US,Direct Drop,EXW,Air,ARV,Adult,MYLAN LABORATORIES LTD (FORMERLY MATRIX LABORATORIES),"Efavirenz/Lamivudine/Tenofovir Disoproxil Fumarate 600/300/300mg, tablets, 30 Tabs",Efavirenz/Lamivudine/Tenofovir Disoproxil Fumarate,Generic,600/300/300mg,Tablet - FDC,Mylan (formerly Matrix) Nashik,46130,30,40593,452611.94,11.15,0.37,559.88,4585,6881.65,TRUE,2/17/14,2/17/14,,8/2/13
109-TZ-T30,FPQ-9211,SCMS-136930,ASN-14645,Tanzania,PMO - US,Direct Drop,EXW,Air,HRDT,HIV test,"Orgenics, Ltd","HIV 1/2, Determine Complete HIV Kit, 100 Tests","HIV 1/2, Determine Complete HIV Kit",Determine,N/A,Test kit,"Alere Medical Co., Ltd.",46156,100,2926,234080,80,0.8,328.18,1394,24596.33,TRUE,5/25/12,5/25/12,,2/17/12
116-ZA-T30,FPQ-7176,SCMS-104390,ASN-11198,South Africa,PMO - US,Direct Drop,DDP,Ocean,ARV,Adult,Aurobindo Pharma Limited,"Lamivudine/Zidovudine 150/300mg, tablets, 60 Tabs",Lamivudine/Zidovudine,Generic,150/300mg,Tablet - FDC,"Aurobindo Unit III, India",46170,60,19836,167019.12,8.42,0.14,275.58,1820,698,TRUE,9/14/11,9/14/11,,4/1/11
116-ZA-T30,FPQ-12522,SCMS-199289,ASN-28033,South Africa,PMO - US,Direct Drop,DDP,Truck,ARV,Adult,S. BUYS WHOLESALER,"Nevirapine 200mg, tablets, 60 Tabs",Nevirapine,Generic,200mg,Tablet,"Aurobindo Unit III, India",46177,60,104,2036.11,19.58,0.33,2.52,,,FALSE,8/29/14,8/29/14,,8/29/14
108-VN-T30,FPQ-9001,SCMS-131600,ASN-15081,Vietnam,PMO - US,Direct Drop,FCA,Air,ARV,Adult,ABBVIE LOGISTICS (FORMERLY ABBOTT LOGISTICS BV),"Lopinavir/Ritonavir 200/50mg [Aluvia], tablets, 120 Tabs",Lopinavir/Ritonavir,Aluvia,200/50mg,Tablet,ABBVIE Ludwigshafen Germany,46198,120,1922,116896.04,60.82,0.51,163.89,467,1842.23,TRUE,7/6/12,7/6/12,,1/25/12
116-ZA-T30,FPQ-4359,SCMS-54980,ASN-5372,South Africa,PMO - US,Direct Drop,DDP,Truck,ARV,Adult,S. BUYS WHOLESALER,"Lamivudine 150mg [Epivir], tablets, 60 Tabs",Lamivudine,Epivir,150mg,Tablet,GSK Cape Town Factory (South Africa),46206,60,2600,16744.82,6.44,0.11,32.82,,,FALSE,10/21/09,10/21/09,,10/15/09
107-RW-T30,FPQ-4032,SCMS-51680,ASN-4976,Rwanda,PMO - US,Direct Drop,EXW,Air,HRDT,HIV test,"Orgenics, Ltd","HIV 1/2, Determine HIV Kit, without Lancets, 100 Tests","HIV 1/2, Determine HIV Kit, without Lancets",Determine,N/A,Test kit,Inverness Japan,46209,100,5084,355880,70,0.7,697.52,1153,46638.41,TRUE,10/27/09,10/27/09,,8/18/09
116-ZA-T30,FPQ-12522,SCMS-199289,ASN-28034,South Africa,PMO - US,Direct Drop,DDP,Truck,ARV,Pediatric,S. BUYS WHOLESALER,"Abacavir 20mg/ml, oral solution w/syringe, Bottle, 240 ml",Abacavir,Generic,20mg/ml,Oral solution,"Aurobindo Unit III, India",46227,240,124,3352.74,27.04,0.11,4.15,,,FALSE,8/29/14,8/29/14,,8/29/14
103-ZW-T30,FPQ-13969,SCMS-239220,ASN-27095,Zimbabwe,PMO - US,Direct Drop,EXW,Air,ARV,Pediatric,MYLAN LABORATORIES LTD (FORMERLY MATRIX LABORATORIES),"Lamivudine/Zidovudine 30/60mg, tablets, 60 Tabs",Lamivudine/Zidovudine,Generic,30/60mg,Tablet - FDC,Mylan (formerly Matrix) Nashik,46228,60,48127,95772.73,1.99,0.03,98.45,2383,18232.17,TRUE,7/30/14,7/30/14,,5/16/14
101-CD-T30,FPQ-14636,SCMS-250230,ASN-29533,"Congo, DRC",PMO - US,Direct Drop,EXW,Air,ARV,Adult,MICRO LABS LIMITED,"Lamivudine 150mg, tablets, 60 Tabs",Lamivudine,Generic,150mg,Tablet,"Micro labs, Verna, Goa, India",46250,60,3974,6835.28,1.72,0.03,7.03,209,3743.84,TRUE,2/12/15,2/12/15,,7/31/14
A02-SL-T50,FPQ-16015,SCMS-285380,ASN-31929,Sierra Leone,PMO - US,Direct Drop,EXW,Air,HRDT,HIV test,"Trinity Biotech, Plc","HIV 1/2, Uni-Gold HIV Kit, 20 Tests","HIV 1/2, Uni-Gold HIV Kit",Uni-Gold,N/A,Test kit,"Trinity Biotech, Plc",46310,20,400,12800,32,1.6,15.07,,,TRUE,5/20/15,5/20/15,,4/20/15
105-GH-T30,FPQ-14052,SCMS-237820,ASN-26537,Ghana,PMO - US,Direct Drop,EXW,Air,ARV,Pediatric,Aurobindo Pharma Limited,"Nevirapine 10mg/ml, oral suspension, Bottle, 240 ml",Nevirapine,Generic,10mg/ml,Oral suspension,"Aurobindo Unit III, India",46323,240,2286,3451.86,1.51,0.01,3.55,972,7719,TRUE,7/17/14,7/17/14,,5/23/14
111-MZ-T30,FPQ-11915,SCMS-185200,ASN-21426,Mozambique,PMO - US,Direct Drop,EXW,Air,ARV,Adult,STRIDES ARCOLAB LIMITED,"Lamivudine/Stavudine 150/30mg, tablets, 60 Tabs",Lamivudine/Stavudine,Generic,150/30mg,Tablet - FDC,"Strides, Bangalore, India.",46348,60,18025,52633,2.92,0.05,65.11,1139,4683.02,TRUE,10/9/13,10/9/13,,4/11/13
133-NG-T30,FPQ-10349,SCMS-155300,ASN-17316,Nigeria,PMO - US,Direct Drop,EXW,Air,HRDT,HIV test,"Trinity Biotech, Plc","HIV 1/2, Uni-Gold HIV Kit, 20 Tests","HIV 1/2, Uni-Gold HIV Kit",Uni-Gold,N/A,Test kit,"Trinity Biotech, Plc",46353,20,6042,193344,32,1.6,271.07,1990,22859.07,TRUE,12/21/12,12/21/12,,8/10/12
106-HT-T30,FPQ-14083,SCMS-240200,ASN-27005,Haiti,PMO - US,Direct Drop,EXW,Air,ARV,Adult,MYLAN LABORATORIES LTD (FORMERLY MATRIX LABORATORIES),"Tenofovir Disoproxil Fumarate 300mg, tablets, 30 Tabs",Tenofovir Disoproxil Fumarate,Generic,300mg,Tablet,Mylan (formerly Matrix) Nashik,46355,30,58,232,4,0.13,0.24,19,1274.35,TRUE,8/25/14,8/25/14,,6/2/14
116-ZA-T30,FPQ-5535,SCMS-71370,ASN-7373,South Africa,PMO - US,Direct Drop,DDP,Truck,ARV,Pediatric,S. BUYS WHOLESALER,"Nevirapine 10mg/ml [Viramune], oral suspension, Bottle, 240 ml",Nevirapine,Viramune,10mg/ml,Oral suspension,Boehringer Ingelheim Roxane US,46372,240,120,1897.36,15.81,0.07,4.09,,,FALSE,5/31/10,5/31/10,,4/21/10
116-ZA-T30,FPQ-13214,SCMS-215430,ASN-23608,South Africa,PMO - US,Direct Drop,DDP,Truck,ARV,Pediatric,S. BUYS WHOLESALER,"Lopinavir/Ritonavir 80/20mg/ml [Kaletra], oral solution, cool, Bottle 5 x 60 ml",Lopinavir/Ritonavir,Kaletra,80/20mg/ml,Oral solution,ABBVIE (Abbott) Logis. UK,46395,300,4,92.5,23.12,0.08,0.1,,,TRUE,12/9/13,12/9/13,,12/2/13
101-CD-T30,FPQ-16001,SCMS-280220,ASN-32231,"Congo, DRC",PMO - US,Direct Drop,EXW,Air,HRDT,HIV test,"Orgenics, Ltd","HIV 1/2, Determine Complete HIV Kit, 100 Tests","HIV 1/2, Determine Complete HIV Kit",Determine,N/A,Test kit,"Alere Medical Co., Ltd.",46409,100,552,44160,80,0.8,51.98,,,FALSE,7/23/15,7/23/15,,3/17/15
104-CI-T30,FPQ-12135,SCMS-188310,ASN-23737,Côte d'Ivoire,PMO - US,Direct Drop,EXW,Air,HRDT,HIV test,"Orgenics, Ltd","HIV 1/2, Determine Complete HIV Kit, 100 Tests","HIV 1/2, Determine Complete HIV Kit",Determine,N/A,Test kit,"Alere Medical Co., Ltd.",46411,100,4400,352000,80,0.8,435.42,1808,23237.62,TRUE,1/22/14,1/22/14,,5/21/13
103-ML-T30,FPQ-15006,SCMS-260710,ASN-31431,Mali,PMO - US,Direct Drop,CIP,Air,HRDT,HIV test - Ancillary,Orasure Technologies Inc.,"HIV, OraQuick Controls Kit, 3 Vials","HIV, OraQuick Controls Kit, 3 Vials",OraQuick,N/A,Test kit - Ancillary,"Orasure Technologies, Inc USA",46429,1,20,500,25,25,0.51,,,TRUE,5/20/15,5/20/15,,11/18/14
104-CI-T30,FPQ-3967,SCMS-52590,ASN-5279,Côte d'Ivoire,PMO - US,Direct Drop,EXW,Air,ARV,Adult,Aurobindo Pharma Limited,"Abacavir/Lamivudine 600/300mg, scored tablets, 30 Tabs",Abacavir/Lamivudine,Generic,600/300mg,Tablet - FDC,"Aurobindo Unit III, India",46432,30,1461,33603,23,0.77,65.86,154,2986.16,TRUE,11/10/09,11/10/09,,9/14/09
114-UG-T30,FPQ-12290,SCMS-192170,ASN-22706,Uganda,PMO - US,Direct Drop,CIP,Air,ARV,Adult,ASPEN PHARMACARE,"Darunavir 300mg [Prezista], tablets, 120 Tabs",Darunavir,Prezista,300mg,Tablet,"Aspen-OSD, Port Elizabeth, SA",46447,120,841,56010.6,66.6,0.55,69.29,169,359.53,TRUE,11/20/13,11/20/13,,7/3/13
114-UG-T30,FPQ-15303,SCMS-264950,ASN-31157,Uganda,PMO - US,Direct Drop,EXW,Air,ARV,Pediatric,Aurobindo Pharma Limited,"Lopinavir/Ritonavir 100/25mg, tablets, 60 Tabs",Lopinavir/Ritonavir,Generic,100/25mg,Tablet,"Aurobindo Unit III, India",46460,60,1560,12542.4,8.04,0.13,14.76,166,1488.99,TRUE,4/8/15,4/8/15,,11/25/14
104-CI-T30,FPQ-8210,SCMS-124150,ASN-13582,Côte d'Ivoire,PMO - US,Direct Drop,EXW,Air,HRDT,HIV test,"Orgenics, Ltd","HIV 1/2, Determine Complete HIV Kit, 100 Tests","HIV 1/2, Determine Complete HIV Kit",Determine,N/A,Test kit,"Alere Medical Co., Ltd.",46464,100,2746,219680,80,0.8,362.47,1312,27254.17,TRUE,2/17/12,2/17/12,,10/5/11
161-ZA-T30,FPQ-7175,SCMS-103910,ASN-11194,South Africa,PMO - US,Direct Drop,DDP,Ocean,ARV,Adult,STRIDES ARCOLAB LIMITED,"Lamivudine 150mg, tablets, 60 Tabs",Lamivudine,Generic,150mg,Tablet,"Strides, Bangalore, India.",46468,60,515000,1251450,2.43,0.04,2064.89,,,TRUE,9/6/11,9/6/11,,3/28/11
108-VN-T30,FPQ-10811,SCMS-164680,ASN-18664,Vietnam,PMO - US,Direct Drop,EXW,Air,ARV,Adult,HETERO LABS LIMITED,"Lamivudine/Zidovudine 150/300mg, tablets, 60 Tabs",Lamivudine/Zidovudine,Generic,150/300mg,Tablet - FDC,Hetero Unit III Hyderabad IN,46502,60,24377,170639,7,0.12,211.08,,,FALSE,4/2/13,4/2/13,,11/7/12
104-CI-T30,FPQ-7325,SCMS-106600,ASN-11739,Côte d'Ivoire,PMO - US,Direct Drop,EXW,Air,HRDT,HIV test,"Orgenics, Ltd","HIV 1/2, Determine Complete HIV Kit, 100 Tests","HIV 1/2, Determine Complete HIV Kit",Determine,N/A,Test kit,Inverness Japan,46512,100,494,39520,80,0.8,65.21,240,7681.19,TRUE,9/8/11,9/8/11,,5/5/11
116-ZA-T30,FPQ-14942,SCMS-259075,ASN-32122,South Africa,PMO - US,Direct Drop,DDP,Truck,ARV,Adult,PHARMACY DIRECT,"Emtricitabine/Tenofovir Disoproxil Fumarate 200/300mg, tablets, 30 Tabs",Emtricitabine/Tenofovir Disoproxil Fumarate,Generic,200/300mg,Tablet - FDC,"Aurobindo Unit III, India",46513,30,11,240.14,21.83,0.73,0.25,,,FALSE,5/12/15,5/12/15,,5/11/15
116-ZA-T30,FPQ-15269,SCMS-267020,ASN-29764,South Africa,PMO - US,Direct Drop,DDP,Truck,ARV,Pediatric,S. BUYS WHOLESALER,"Lopinavir/Ritonavir 100/25mg [Aluvia], tablets, 60 Tabs",Lopinavir/Ritonavir,Generic,100/25mg,Tablet,ABBVIE Ludwigshafen Germany,46556,60,2,10.34,5.17,0.09,0.01,,,FALSE,12/10/14,12/10/14,,12/10/14
107-RW-T30,FPQ-8741,SCMS-129530,ASN-15232,Rwanda,PMO - US,Direct Drop,CIP,Air,ARV,Pediatric,CIPLA LIMITED,"Lamivudine/Stavudine 60/12mg, dispersible tablets, 60 Tabs",Lamivudine/Stavudine,Generic,60/12mg,Chewable/dispersible tablet - FDC,"Cipla, Goa, India",46574,60,672,2466.24,3.67,0.06,3.46,49,221.96,TRUE,6/15/12,6/15/12,,3/9/12
108-VN-T30,FPQ-7565,SCMS-107620,ASN-10838,Vietnam,PMO - US,Direct Drop,EXW,Air,ARV,Adult,CIPLA LIMITED,"Tenofovir Disoproxil Fumarate 300mg, tablets, 30 Tabs",Tenofovir Disoproxil Fumarate,Generic,300mg,Tablet,"Cipla, Goa, India",46582,30,4500,29025,6.45,0.22,47.89,320,4890.38,TRUE,6/10/11,6/10/11,,4/29/11
161-ZA-T30,FPQ-5303,SCMS-68950,ASN-7102,South Africa,PMO - US,Direct Drop,DDP,Air,ARV,Adult,Aurobindo Pharma Limited,"Lamivudine 150mg, tablets, 60 Tabs",Lamivudine,Generic,150mg,Tablet,"Aurobindo Unit III, India",46587,60,52379,132518.88,2.53,0.04,285.71,2512,4116.82,TRUE,6/11/10,6/11/10,,3/19/10
108-VN-T30,FPQ-5094,SCMS-68580,ASN-7284,Vietnam,PMO - US,Direct Drop,EXW,Air,ARV,Adult,MYLAN LABORATORIES LTD (FORMERLY MATRIX LABORATORIES),"Efavirenz 600mg, tablets, 30 Tabs",Efavirenz,Generic,600mg,Tablet,Mylan (formerly Matrix) Nashik,46590,30,63421,272710.3,4.3,0.14,587.96,5101,13241.08,TRUE,7/21/10,7/21/10,,3/24/10
102-SD-T30,FPQ-6171,SCMS-81720,ASN-8234,Sudan,PMO - US,Direct Drop,EXW,Air,HRDT,HIV test,"Standard Diagnostics, Inc.","HIV 1/2, Bioline 3.0 Kit, Lancets, Capillary pipets, Alcohol swabs included, 25 Tests","HIV 1/2, Bioline 3.0 Kit, Lancets, Capillary pipets, Alcohol swabs included",Bioline,N/A,Test kit,"Standard Diagnostics, Korea",46625,25,24,480,20,0.8,1.03,75,1539.55,TRUE,11/1/10,11/1/10,,8/19/10
116-ZA-T30,FPQ-4054,SCMS-51250,ASN-5056,South Africa,PMO - US,Direct Drop,DDP,Truck,ARV,Pediatric,S. BUYS WHOLESALER,"Lamivudine 10mg/ml [Epivir], oral solution, Bottle, 240 ml",Lamivudine,Epivir,10mg/ml,Oral solution,GSK Mississauga (Canada),46653,240,300,2040.28,6.8,0.03,4,,,TRUE,8/24/09,8/24/09,,8/7/09
133-NG-T30,FPQ-8117,SCMS-118180,ASN-12397,Nigeria,PMO - US,Direct Drop,EXW,Air,HRDT,HIV test,"CHEMBIO DIAGNOSTIC SYSTEMS, INC.","HIV 1/2, Stat-Pak HIV, Kit, 20 Tests","HIV 1/2, Stat-Pak HIV, Kit",Stat-Pak,N/A,Test kit,Chembio Diagnostics Sys. Inc.,46669,20,1850,53650,29,1.45,88.52,592,2951.78,TRUE,10/19/11,10/19/11,,8/12/11
116-ZA-T30,FPQ-12522,SCMS-199280,ASN-24433,South Africa,PMO - US,Direct Drop,DDP,Truck,ARV,Adult,S. BUYS WHOLESALER,"Lamivudine/Zidovudine 150/300mg, tablets, 60 Tabs",Lamivudine/Zidovudine,Generic,150/300mg,Tablet - FDC,Hetero Unit III Hyderabad IN,46673,60,189,6189.33,32.75,0.55,7.66,,,FALSE,2/7/14,2/7/14,,8/13/13
116-ZA-T30,FPQ-12522,SCMS-199289,ASN-28034,South Africa,PMO - US,Direct Drop,DDP,Truck,ARV,Adult,S. BUYS WHOLESALER,"Nevirapine 200mg, tablets, 60 Tabs",Nevirapine,Generic,200mg,Tablet,"Aurobindo Unit III, India",46688,60,88,1722.87,19.58,0.33,2.13,,,FALSE,8/29/14,8/29/14,,8/29/14
114-UG-T30,FPQ-8498,SCMS-126390,ASN-13435,Uganda,PMO - US,Direct Drop,DDP,Air,ARV,Adult,ASPEN PHARMACARE,"Etravirine 100mg [Intelence], tablets, 120 Tabs",Etravirine,Intelence,100mg,Tablet,"Janssen-Cilag, Latina, IT",46726,120,83,6811.81,82.07,0.68,11.24,16,375,TRUE,1/6/12,1/6/12,,10/31/11
109-TZ-T30,FPQ-10619,SCMS-161830,ASN-17464,Tanzania,PMO - US,Direct Drop,EXW,Air,HRDT,HIV test,"Orgenics, Ltd","HIV 1/2, Determine Complete HIV Kit, 100 Tests","HIV 1/2, Determine Complete HIV Kit",Determine,N/A,Test kit,"Alere Medical Co., Ltd.",46727,100,2264,181120,80,0.8,253.93,980,18638.44,TRUE,12/31/12,12/31/12,,10/4/12
108-VN-T30,FPQ-13034,SCMS-210070,ASN-25784,Vietnam,PMO - US,Direct Drop,EXW,Air,ARV,Adult,EMCURE PHARMACEUTICALS LTD,"Nevirapine 200mg, tablets, 60 Tabs",Nevirapine,Generic,200mg,Tablet,"Emcure Plot No.P-2, I.T-B.T. Park, Phase II, MIDC, Hinjwadi, Pune, India",46742,60,12937,29755.1,2.3,0.04,36.81,875,2181.91,TRUE,6/6/14,6/6/14,,10/7/13
104-CI-T30,FPQ-4486,SCMS-57040,ASN-6084,Côte d'Ivoire,PMO - US,Direct Drop,EXW,Air,HRDT,HIV test,"CHEMBIO DIAGNOSTIC SYSTEMS, INC.","HIV 1/2, Stat-Pak HIV, Kit, 20 Tests","HIV 1/2, Stat-Pak HIV, Kit",Stat-Pak,N/A,Test kit,Chembio Diagnostics Sys. Inc.,46844,20,3049,82323,27,1.35,177.49,904,7208,TRUE,3/2/10,3/2/10,,11/6/09
108-VN-T30,FPQ-10286,SCMS-156250,ASN-17673,Vietnam,PMO - US,Direct Drop,EXW,Air,ARV,Pediatric,MICRO LABS LIMITED,"Efavirenz 200mg, capsule, 90 Caps",Efavirenz,Generic,200mg,Capsule,"Micro labs, Verna, Goa, India",46848,90,298,1317.16,4.42,0.05,1.85,,,FALSE,2/4/13,2/4/13,,8/15/12
111-MZ-T30,FPQ-10369,SCMS-157230,ASN-16634,Mozambique,PMO - US,Direct Drop,EXW,Air,HRDT,HIV test - Ancillary,"Orgenics, Ltd","Chase Buffer, Determine, 100 Tests, 2.5ml x 1 Vial","Chase Buffer, Determine, 100 Tests, 2.5ml x 1 Vial",Determine,N/A,Test kit - Ancillary,"Alere Medical Co., Ltd.",46858,1,215,1075,5,5,1.51,41,1001.02,TRUE,10/18/12,10/18/12,,8/22/12
108-VN-T30,FPQ-5899,SCMS-77470,ASN-8455,Vietnam,PMO - US,Direct Drop,EXW,Air,ARV,Adult,STRIDES ARCOLAB LIMITED,"Lamivudine/Nevirapine/Zidovudine 150/200/300mg, tablets, 60 Tabs",Lamivudine/Nevirapine/Zidovudine,Generic,150/300/200mg,Tablet - FDC,"Strides, Bangalore, India.",46860,60,24000,264000,11,0.18,569.18,2769,10546.68,TRUE,10/25/10,10/25/10,,7/1/10
114-UG-T30,FPQ-15314,SCMS-264750,ASN-31497,Uganda,PMO - US,Direct Drop,EXW,Air,HRDT,HIV test,"Orgenics, Ltd","HIV 1/2, Determine Complete HIV Kit, 100 Tests","HIV 1/2, Determine Complete HIV Kit",Determine,N/A,Test kit,"Alere Medical Co., Ltd.",46867,100,6118,489440,80,0.8,576.07,2477,19775.55,TRUE,5/5/15,5/5/15,,12/4/14
104-CI-T30,FPQ-14253,SCMS-243780,ASN-30382,Côte d'Ivoire,PMO - US,Direct Drop,EXW,Air,HRDT,HIV test,"Standard Diagnostics, Inc.","HIV 1/2, Bioline 3.0 Kit, Lancets, Capillary pipets, Alcohol swabs included, 25 Tests","HIV 1/2, Bioline 3.0 Kit, Lancets, Capillary pipets, Alcohol swabs included",Bioline,N/A,Test kit,"Standard Diagnostics, Korea",46869,25,1400,28700,20.5,0.82,29.5,437,5408.93,TRUE,2/20/15,2/20/15,,7/9/14
113-ZW-T30,FPQ-13669,SCMS-225830,ASN-26283,Zimbabwe,PMO - US,Direct Drop,EXW,Air,HRDT,HIV test,"Orgenics, Ltd","HIV 1/2, Determine Complete HIV Kit, 100 Tests","HIV 1/2, Determine Complete HIV Kit",Determine,N/A,Test kit,"Alere Medical Co., Ltd.",46875,100,8787,702960,80,0.8,722.64,3567,51732.62,TRUE,6/18/14,6/18/14,,2/12/14
133-NG-T30,FPQ-12812,SCMS-210341,ASN-24162,Nigeria,PMO - US,Direct Drop,EXW,Air,HRDT,HIV test,"CHEMBIO DIAGNOSTIC SYSTEMS, INC.","HIV 1/2, Stat-Pak HIV, Kit, 20 Tests","HIV 1/2, Stat-Pak HIV, Kit",Stat-Pak,N/A,Test kit,Chembio Diagnostics Sys. Inc.,46895,20,3487,111584,32,1.6,138.03,1252,5850.25,TRUE,2/6/14,2/6/14,,11/1/13
108-VN-T30,FPQ-12539,SCMS-199840,ASN-23174,Vietnam,PMO - US,Direct Drop,EXW,Air,ARV,Adult,HETERO LABS LIMITED,"Tenofovir Disoproxil Fumarate 300mg, tablets, 30 Tabs",Tenofovir Disoproxil Fumarate,Generic,300mg,Tablet,Hetero Unit III Hyderabad IN,46897,30,12693,45060.15,3.55,0.12,55.74,975,2048.91,TRUE,1/8/14,1/8/14,,7/25/13
161-ZA-T30,FPQ-5648,SCMS-75530,ASN-7959,South Africa,PMO - US,Direct Drop,DDP,Air,ARV,Adult,CIPLA LIMITED,"Abacavir 300mg, tablets, 60 Tabs",Abacavir,Generic,300mg,Tablet,"Cipla, Patalganga, India",46942,60,10000,172800,17.28,0.29,372.56,1087,2531.3,TRUE,10/13/10,10/13/10,,6/16/10
119-NA-T30,FPQ-7007,SCMS-98340,ASN-10065,Namibia,PMO - US,Direct Drop,EXW,Air,HRDT,HIV test,"Orgenics, Ltd","HIV 1/2, Determine HIV Kit, without Lancets, 100 Tests","HIV 1/2, Determine HIV Kit, without Lancets",Determine,N/A,Test kit,Inverness Japan,46956,100,150,11655,77.7,0.78,19.23,34,947.35,TRUE,3/22/11,3/22/11,,2/2/11
109-TZ-T30,FPQ-10619,SCMS-161830,ASN-17466,Tanzania,PMO - US,Direct Drop,EXW,Air,HRDT,HIV test,"Orgenics, Ltd","HIV 1/2, Determine Complete HIV Kit, 100 Tests","HIV 1/2, Determine Complete HIV Kit",Determine,N/A,Test kit,"Alere Medical Co., Ltd.",46987,100,2352,188160,80,0.8,263.8,1016,19026.72,TRUE,12/31/12,12/31/12,,10/4/12
161-ZA-T30,FPQ-5303,SCMS-68860,ASN-6883,South Africa,PMO - US,Direct Drop,DDP,Air,ARV,Adult,Aurobindo Pharma Limited,"Efavirenz 600mg, tablets, 30 Tabs",Efavirenz,Generic,600mg,Tablet,"Aurobindo Unit III, India",47025,30,34044,158985.48,4.67,0.16,342.77,2892,6105.79,TRUE,6/1/10,6/1/10,,3/19/10
103-AO-T30,FPQ-11252,SCMS-171790,ASN-17969,Angola,PMO - US,Direct Drop,EXW,Air,ARV,Pediatric,Aurobindo Pharma Limited,"Efavirenz 50mg, capsule, 30 Caps",Efavirenz,Generic,50mg,Capsule,"Aurobindo Unit III, India",47035,30,360,806.4,2.24,0.07,1,21,840.17,TRUE,3/12/13,3/12/13,,1/11/13
105-GY-T30,FPQ-7619,SCMS-111220,ASN-11550,Guyana,PMO - US,Direct Drop,FCA,Air,ARV,Adult,ABBVIE LOGISTICS (FORMERLY ABBOTT LOGISTICS BV),"Lopinavir/Ritonavir 200/50mg [Aluvia], tablets, 120 Tabs",Lopinavir/Ritonavir,Aluvia,200/50mg,Tablet,ABBVIE Ludwigshafen Germany,47048,120,1324,108832.8,82.2,0.68,179.57,334,2171.57,TRUE,8/5/11,8/5/11,,6/15/11
111-MZ-T30,FPQ-8116,SCMS-118360,ASN-12611,Mozambique,PMO - US,Direct Drop,EXW,Air,HRDT,HIV test,"Orgenics, Ltd","HIV 1/2, Determine HIV Kit, without Lancets, 100 Tests","HIV 1/2, Determine HIV Kit, without Lancets",Determine,N/A,Test kit,Inverness Japan,47050,100,7587,589509.9,77.7,0.78,972.69,1306,26532.85,TRUE,12/12/11,12/12/11,,8/24/11
114-UG-T30,FPQ-15303,SCMS-264962,ASN-32534,Uganda,PMO - US,Direct Drop,EXW,Air,ARV,Adult,EMCURE PHARMACEUTICALS LTD,"Atazanavir/Ritonavir 300/100mg, tablets, 30 Tabs",Atazanavir/Ritonavir,Generic,300/100mg,Tablet,"Emcure Plot No.P-2, I.T-B.T. Park, Phase II, MIDC, Hinjwadi, Pune, India",47077,30,9235,166230,18,0.6,195.65,1197,5375.13,TRUE,6/15/15,6/15/15,,11/25/14
116-ZA-T30,FPQ-14942,SCMS-295800,ASN-33865,South Africa,PMO - US,Direct Drop,DDP,Truck,ARV,Adult,PHARMACY DIRECT,"Tenofovir Disoproxil Fumarate 300mg, tablets, 30 Tabs",Tenofovir Disoproxil Fumarate,Generic,300mg,Tablet,Mylan (formerly Matrix) Nashik,47084,30,30,445.57,14.85,0.5,0.46,,,FALSE,8/24/15,8/24/15,,8/24/15
116-ZA-T30,FPQ-11828,SCMS-183950,ASN-19166,South Africa,South Africa Field Office,Direct Drop,DDP,Truck,ARV,Pediatric,S. BUYS WHOLESALER,"Lamivudine 10mg/ml, oral solution, Bottle, 240 ml",Lamivudine,Generic,10mg/ml,Oral solution,"Cipla, Goa, India",47089,240,517,2812.74,5.44,0.02,3.48,,,FALSE,4/16/13,4/16/13,,
116-ZA-T30,FPQ-11828,SCMS-183950,ASN-19166,South Africa,South Africa Field Office,Direct Drop,DDP,Truck,ARV,Adult,S. BUYS WHOLESALER,"Nevirapine 200mg [Viramune], tablets, 60 Tabs",Nevirapine,Viramune,200mg,Tablet,"Boehringer Ing., Koropi, GR",47136,60,225,4157.82,18.48,0.31,5.14,,,FALSE,4/16/13,4/16/13,,
106-HT-T30,FPQ-13797,SCMS-234020,ASN-27349,Haiti,PMO - US,Direct Drop,EXW,Air,ARV,Adult,HETERO LABS LIMITED,"Lamivudine/Zidovudine 150/300mg, tablets, 60 Tabs",Lamivudine/Zidovudine,Generic,150/300mg,Tablet - FDC,Hetero Unit III Hyderabad IN,47200,60,29635,195887.34,6.61,0.11,201.37,2608,21886.49,TRUE,10/29/14,10/29/14,,5/5/14
114-UG-T30,FPQ-14407,SCMS-244420,ASN-29216,Uganda,PMO - US,Direct Drop,FCA,Air,ARV,Pediatric,ABBVIE LOGISTICS (FORMERLY ABBOTT LOGISTICS BV),"Lopinavir/Ritonavir 80/20mg/ml [Kaletra], oral solution, cool, Bottle 5 x 60 ml",Lopinavir/Ritonavir,Kaletra,80/20mg/ml,Oral solution,ABBVIE (Abbott) Logis. UK,47212,300,80,2465.6,30.82,0.1,2.53,136,2077.87,TRUE,11/14/14,11/14/14,,6/23/14
105-SS-T30,FPQ-15569,SCMS-272140,ASN-31129,South Sudan,PMO - US,Direct Drop,EXW,Air,HRDT,HIV test,"Trinity Biotech, Plc","HIV 1/2, Uni-Gold HIV Kit, 20 Tests","HIV 1/2, Uni-Gold HIV Kit",Uni-Gold,N/A,Test kit,"Trinity Biotech, Plc",47221,20,10,320,32,1.6,0.38,,,FALSE,5/8/15,5/8/15,,2/20/15
116-ZA-T30,FPQ-12522,SCMS-199283,ASN-27980,South Africa,PMO - US,Direct Drop,DDP,Truck,ARV,Adult,S. BUYS WHOLESALER,"Emtricitabine/Tenofovir Disoproxil Fumarate 200/300mg, tablets, 30 Tabs",Emtricitabine/Tenofovir Disoproxil Fumarate,Generic,200/300mg,Tablet - FDC,"Aurobindo Unit III, India",47233,30,11,370.96,33.72,1.12,0.46,,,FALSE,8/27/14,8/27/14,,8/27/14
102-SD-T30,FPQ-7103,SCMS-100520,ASN-10315,Sudan,PMO - US,Direct Drop,FCA,Air,HRDT,HIV test - Ancillary,"Orgenics, Ltd","Capillary Tubes, for Determine, EDTA, 50uL,100 Pcs","HIV, Capillary Tubes, for Determine, EDTA, 50uL,100 Pcs",Determine,N/A,Test kit - Ancillary,Inverness Japan,47236,100,25,200,8,0.08,0.33,2,1201.72,TRUE,4/29/11,4/29/11,,3/2/11
108-VN-T30,FPQ-7565,SCMS-107630,ASN-11362,Vietnam,PMO - US,Direct Drop,EXW,Air,ARV,Adult,STRIDES ARCOLAB LIMITED,"Lamivudine/Nevirapine/Stavudine 150/200/30mg, tablets, 60 Tabs",Lamivudine/Nevirapine/Stavudine,Generic,150/200/30mg,Tablet - FDC,"Strides, Bangalore, India.",47253,60,11000,58850,5.35,0.09,97.1,3828,15089.11,TRUE,7/26/11,7/26/11,,5/2/11
103-ZW-T30,FPQ-15398,SCMS-264880,ASN-29746,Zimbabwe,PMO - US,Direct Drop,EXW,Air,ARV,Pediatric,MYLAN LABORATORIES LTD (FORMERLY MATRIX LABORATORIES),"Lamivudine/Nevirapine/Zidovudine 30/50/60mg, dispersible tablets, 60 Tabs",Lamivudine/Nevirapine/Zidovudine,Generic,30/50/60mg,Chewable/dispersible tablet - FDC,Mylan (formerly Matrix) Nashik,47301,60,814,0.01,0,0,0,60,1344.94,TRUE,2/3/15,2/3/15,,11/17/14
105-GY-T30,FPQ-11562,SCMS-180000,ASN-18805,Guyana,PMO - US,Direct Drop,EXW,Air,ARV,Pediatric,Aurobindo Pharma Limited,"Zidovudine 100mg, capsules, 100 Caps",Zidovudine,Generic,100mg,Capsule,"Aurobindo Unit III, India",47302,100,218,1002.8,4.6,0.05,1.24,,,FALSE,4/18/13,4/18/13,,3/6/13
104-CI-T30,FPQ-8366,SCMS-124280,ASN-13315,Côte d'Ivoire,PMO - US,Direct Drop,FCA,Ocean,ARV,Adult,ABBVIE LOGISTICS (FORMERLY ABBOTT LOGISTICS BV),"Lopinavir/Ritonavir 200/50mg [Aluvia], tablets, 120 Tabs",Lopinavir/Ritonavir,Aluvia,200/50mg,Tablet,ABBVIE Ludwigshafen Germany,47311,120,1573,48479.86,30.82,0.26,79.99,393,40289,TRUE,3/23/12,3/23/12,,10/11/11
116-ZA-T30,FPQ-13214,SCMS-215410,ASN-23875,South Africa,PMO - US,Direct Drop,DDP,Truck,ARV,Adult,S. BUYS WHOLESALER,"Emtricitabine/Tenofovir Disoproxil Fumarate 200/300mg, tablets, 30 Tabs",Emtricitabine/Tenofovir Disoproxil Fumarate,Generic,200/300mg,Tablet - FDC,"Aurobindo Unit III, India",47312,30,26,777.92,29.92,1,0.8,,,FALSE,1/13/14,1/13/14,,12/2/13
161-ZA-T30,FPQ-5303,SCMS-68990,ASN-7181,South Africa,PMO - US,Direct Drop,DDP,Air,ARV,Pediatric,Aurobindo Pharma Limited,"Nevirapine 10mg/ml, oral suspension w/syringe, Bottle, 240 ml",Nevirapine,Generic,10mg/ml,Oral suspension,"Aurobindo Unit III, India",47356,240,11980,37737,3.15,0.01,81.36,4621,4762.44,TRUE,6/9/10,6/10/10,,3/19/10
106-HT-T30,FPQ-9636,SCMS-148360,ASN-16560,Haiti,PMO - US,Direct Drop,EXW,Ocean,ARV,Adult,Aurobindo Pharma Limited,"Lamivudine/Zidovudine 150/300mg, tablets, 60 Tabs",Lamivudine/Zidovudine,Generic,150/300mg,Tablet - FDC,"Aurobindo Unit III, India",47388,60,37680,288252,7.65,0.13,404.13,,,FALSE,12/20/12,12/20/12,,7/3/12
113-ZW-T30,FPQ-13669,SCMS-225830,ASN-26283,Zimbabwe,PMO - US,Direct Drop,EXW,Air,HRDT,HIV test - Ancillary,"Orgenics, Ltd","Chase Buffer, Determine, 100 Tests, 2.5ml x 1 Vial","Chase Buffer, Determine, 100 Tests, 2.5ml x 1 Vial",Determine,N/A,Test kit - Ancillary,"Alere Medical Co., Ltd.",47400,1,3939,19695,5,5,20.25,,,FALSE,6/18/14,6/18/14,,2/12/14
110-ZM-T30,FPQ-11390,SCMS-173920,ASN-19078,Zambia,PMO - US,Direct Drop,EXW,Air,HRDT,HIV test,"Orgenics, Ltd","HIV 1/2, Determine Complete HIV Kit, 100 Tests","HIV 1/2, Determine Complete HIV Kit",Determine,N/A,Test kit,"Alere Medical Co., Ltd.",47406,100,2607,208560,80,0.8,257.99,1080,19598.71,TRUE,6/5/13,6/5/13,,1/23/13
114-UG-T30,FPQ-12777,SCMS-202561,ASN-22987,Uganda,PMO - US,Direct Drop,EXW,Air,ARV,Pediatric,Aurobindo Pharma Limited,"Nevirapine 10mg/ml, oral suspension w/syringe, Bottle, 100 ml",Nevirapine,Generic,10mg/ml,Oral suspension,"Aurobindo Unit III, India",47411,100,700,910,1.3,0.01,1.13,,,TRUE,12/12/13,12/12/13,,10/28/13
106-HT-T30,FPQ-12590,SCMS-210530,ASN-22712,Haiti,PMO - US,Direct Drop,EXW,Air,ARV,Adult,MYLAN LABORATORIES LTD (FORMERLY MATRIX LABORATORIES),"Atazanavir/Ritonavir 300/100mg, tablets, 30 Tabs",Atazanavir/Ritonavir,Generic,300/100mg,Tablet,Mylan (formerly Matrix) Nashik,47413,30,5000,100000,20,0.67,123.7,1189,7296.97,TRUE,1/24/14,1/24/14,,10/25/13
104-CI-T30,FPQ-12622,SCMS-201213,ASN-26834,Côte d'Ivoire,PMO - US,Direct Drop,EXW,Air,HRDT,HIV test,"Standard Diagnostics, Inc.","HIV 1/2, Bioline 3.0 Kit, Lancets, Capillary pipets, Alcohol swabs included, 25 Tests","HIV 1/2, Bioline 3.0 Kit, Lancets, Capillary pipets, Alcohol swabs included",Bioline,N/A,Test kit,"Standard Diagnostics, Korea",47432,25,1400,28700,20.5,0.82,35.5,468,5372.87,TRUE,7/8/14,7/8/14,,8/15/13
114-UG-T30,FPQ-4085,SCMS-53080,ASN-5062,Uganda,PMO - US,Direct Drop,FCA,Air,ARV,Adult,ABBVIE LOGISTICS (FORMERLY ABBOTT LOGISTICS BV),"Lopinavir/Ritonavir 200/50mg [Aluvia], tablets, 120 Tabs",Lopinavir/Ritonavir,Aluvia,200/50mg,Tablet,ABBVIE Ludwigshafen Germany,47443,120,120,4339.2,36.16,0.3,8.5,36,1025.69,TRUE,10/20/09,10/20/09,,9/10/09
103-ZW-T30,FPQ-16527,SCMS-294730,ASN-33622,Zimbabwe,PMO - US,Direct Drop,FCA,Air,ARV,Pediatric,ABBVIE LOGISTICS (FORMERLY ABBOTT LOGISTICS BV),"Lopinavir/Ritonavir 80/20mg/ml [Kaletra], oral solution, cool, Bottle 5 x 60 ml",Lopinavir/Ritonavir,Kaletra,80/20mg/ml,Oral solution,ABBVIE (Abbott) Logis. UK,47473,300,4497,138597.55,30.82,0.1,163.13,3968,,TRUE,8/20/15,8/20/15,,7/10/15
900-SZ-T30,FPQ-8386,SCMS-122630,ASN-13382,Swaziland,PMO - US,Direct Drop,EXW,Ocean,ARV,Adult,Aurobindo Pharma Limited,"Lamivudine/Zidovudine+Efavirenz 150/300mg+600mg, tablets, co-blister 60+30 Tabs",Lamivudine/Zidovudine+Efavirenz,Generic,150/300mg+600mg,Tablet - FDC + co-blister,"Aurobindo Unit III, India",47495,90,46855,637228,13.6,0.15,1051.43,7712,13491.19,TRUE,3/19/12,3/19/12,,9/22/11
116-ZA-T30,FPQ-11828,SCMS-183950,ASN-19166,South Africa,South Africa Field Office,Direct Drop,DDP,Truck,ARV,Adult,S. BUYS WHOLESALER,"Tenofovir Disoproxil Fumarate 300mg, tablets, 30 Tabs",Tenofovir Disoproxil Fumarate,Generic,300mg,Tablet,"Aurobindo Unit III, India",47516,30,7242,148900.86,20.56,0.69,184.19,,,FALSE,4/16/13,4/16/13,,
102-BW-T30,FPQ-6645,SCMS-92630,ASN-9552,Botswana,PMO - US,Direct Drop,EXW,Air,HRDT,HIV test,"Orgenics, Ltd","HIV 1/2, Determine Complete HIV Kit, 100 Tests","HIV 1/2, Determine Complete HIV Kit",Determine,N/A,Test kit,Inverness Japan,47536,100,10,800,80,0.8,1.32,5,767.63,TRUE,3/2/11,3/2/11,,12/2/10
107-RW-T30,FPQ-10092,SCMS-149431,ASN-15554,Rwanda,PMO - US,Direct Drop,EXW,Air,ARV,Adult,HETERO LABS LIMITED,"Nevirapine 200mg, tablets, 60 Tabs",Nevirapine,Generic,200mg,Tablet,Hetero Unit III Hyderabad IN,47541,60,37140,86907.6,2.34,0.04,121.84,,,FALSE,8/4/12,8/4/12,,6/12/12
151-NG-T30,FPQ-11880,SCMS-185370,ASN-19780,Nigeria,PMO - US,Direct Drop,FCA,Air,ARV,Pediatric,ABBVIE LOGISTICS (FORMERLY ABBOTT LOGISTICS BV),"Lopinavir/Ritonavir 100/25mg [Aluvia], tablets, 60 Tabs",Lopinavir/Ritonavir,Generic,100/25mg,Tablet,ABBVIE Ludwigshafen Germany,47546,60,5360,31838.4,5.94,0.1,39.38,619,5506.01,TRUE,7/23/13,7/23/13,,4/19/13
161-ZA-T30,FPQ-5648,SCMS-75440,ASN-8696,South Africa,PMO - US,Direct Drop,DDP,Ocean,ARV,Pediatric,Aurobindo Pharma Limited,"Efavirenz 50mg, capsule, 30 Caps",Efavirenz,Generic,50mg,Capsule,"Aurobindo Unit III, India",47559,30,100000,235000,2.35,0.08,506.66,5634,17819.74,TRUE,2/4/11,2/4/11,,6/17/10
161-ZA-T30,FPQ-6262,SCMS-84210,ASN-10511,South Africa,PMO - US,Direct Drop,DDP,Ocean,ARV,Adult,CIPLA LIMITED,"Nevirapine 200mg, tablets, 60 Tabs",Nevirapine,Generic,200mg,Tablet,"Cipla, Goa, India",47576,60,38400,107136,2.79,0.05,230.99,,,TRUE,4/5/11,5/30/11,,9/21/10
106-HT-T30,FPQ-10785,SCMS-162820,ASN-17024,Haiti,PMO - US,Direct Drop,DDP,Truck,HRDT,HIV test,REINBOLD EXPORT IMPORT,"HIV 1/2, Determine Complete HIV Kit, 100 Tests","HIV 1/2, Determine Complete HIV Kit",Determine,N/A,Test kit,"Alere Medical Co., Ltd.",47581,100,1000,133000,133,1.33,164.52,,,TRUE,10/30/12,10/30/12,,10/16/12
105-GY-T30,FPQ-14694,SCMS-252350,ASN-28008,Guyana,PMO - US,Direct Drop,EXW,Air,HRDT,HIV test,"Orgenics, Ltd","HIV 1/2, Determine Complete HIV Kit, 100 Tests","HIV 1/2, Determine Complete HIV Kit",Determine,N/A,Test kit,"Alere Medical Co., Ltd.",47587,100,605,60500,100,1,62.19,,,TRUE,9/24/14,9/24/14,,8/14/14
103-ZW-T30,FPQ-11488,SCMS-174670,ASN-20191,Zimbabwe,PMO - US,Direct Drop,FCA,Air,ARV,Pediatric,LAWRENCE LABORATORIES (SUBSIDIARY OF BRISTOL MYERS SQUIBB),"Didanosine 25mg [Videx], chewable tablets, 60 Tabs",Didanosine,Videx,25mg,Chewable/dispersible tablet,Bristol-Myers Squibb Anagni IT,47616,60,703,4921,7,0.12,6.09,162,2365.05,TRUE,7/8/13,7/8/13,,2/1/13
161-ZA-T30,FPQ-5303,SCMS-68750,ASN-8703,South Africa,PMO - US,Direct Drop,DDP,Air,ARV,Adult,CIPLA LIMITED,"Tenofovir Disoproxil Fumarate 300mg, tablets, 30 Tabs",Tenofovir Disoproxil Fumarate,Generic,300mg,Tablet,"Cipla, Goa, India",47625,30,54247,424211.53,7.82,0.26,914.6,3728,3646.13,TRUE,10/13/10,12/1/10,,3/19/10
102-GY-T30,FPQ-8053,SCMS-115820,ASN-11658,Guyana,PMO - US,Direct Drop,EXW,Air,HRDT,HIV test,"CHEMBIO DIAGNOSTIC SYSTEMS, INC.","HIV 1/2, Stat-Pak HIV, Kit, 20 Tests","HIV 1/2, Stat-Pak HIV, Kit",Stat-Pak,N/A,Test kit,Chembio Diagnostics Sys. Inc.,47638,20,15,435,29,1.45,0.72,6,325.67,TRUE,8/8/11,8/8/11,,7/20/11
101-CD-T30,FPQ-16001,SCMS-280220,ASN-32231,"Congo, DRC",PMO - US,Direct Drop,EXW,Air,HRDT,HIV test,"Orgenics, Ltd","HIV 1/2, Determine Complete HIV Kit, 100 Tests","HIV 1/2, Determine Complete HIV Kit",Determine,N/A,Test kit,"Alere Medical Co., Ltd.",47642,100,262,20960,80,0.8,24.67,,,FALSE,7/23/15,7/23/15,,3/17/15
116-ZA-T30,FPQ-14942,SCMS-259071,ASN-29596,South Africa,PMO - US,Direct Drop,DDP,Truck,ARV,Adult,PHARMACY DIRECT,"Etravirine 100mg [Intelence], tablets, 120 Tabs",Etravirine,Intelence,100mg,Tablet,"Janssen-Cilag, Latina, IT",47653,120,33,844.57,25.59,0.21,0.87,,,FALSE,11/28/14,11/28/14,,11/28/14
116-ZA-T30,FPQ-14942,SCMS-259078,ASN-33470,South Africa,PMO - US,Direct Drop,DDP,Truck,ARV,Adult,PHARMACY DIRECT,"Didanosine 400mg, delayed-release capsules, 30 Caps",Didanosine,Generic,400mg,Delayed-release capsules,"Aurobindo Unit III, India",47666,30,8,122.18,15.27,0.51,0.13,,,FALSE,7/24/15,7/24/15,,10/9/14
116-ZA-T30,FPQ-7176,SCMS-104390,ASN-11438,South Africa,PMO - US,Direct Drop,DDP,Ocean,ARV,Adult,Aurobindo Pharma Limited,"Lamivudine/Zidovudine 150/300mg, tablets, 60 Tabs",Lamivudine/Zidovudine,Generic,150/300mg,Tablet - FDC,"Aurobindo Unit III, India",47676,60,164,1380.88,8.42,0.14,2.28,,,TRUE,9/14/11,9/14/11,,4/1/11
108-VN-T30,FPQ-10811,SCMS-164520,ASN-18693,Vietnam,PMO - US,Direct Drop,FCA,Air,ARV,Adult,ABBVIE LOGISTICS (FORMERLY ABBOTT LOGISTICS BV),"Ritonavir 100mg [Norvir], film coated tablets, 30 Tabs",Ritonavir,Norvir,100mg,Tablet,ABBVIE Ludwigshafen Germany,47677,30,187,4349.62,23.26,0.78,5.38,16,958.85,TRUE,4/3/13,4/3/13,,11/7/12
116-ZA-T30,FPQ-14942,SCMS-259079,ASN-33851,South Africa,PMO - US,Direct Drop,DDP,Truck,ARV,Adult,PHARMACY DIRECT,"Emtricitabine/Tenofovir Disoproxil Fumarate 200/300mg, tablets, 30 Tabs",Emtricitabine/Tenofovir Disoproxil Fumarate,Generic,200/300mg,Tablet - FDC,"Aurobindo Unit III, India",47722,30,10,234.38,23.44,0.78,0.24,,,FALSE,8/24/15,8/24/15,,10/9/14
108-VN-T30,FPQ-3896,SCMS-48270,ASN-5131,Vietnam,PMO - US,Direct Drop,EXW,Air,ARV,Adult,Aurobindo Pharma Limited,"Lamivudine/Zidovudine 150/300mg, tablets, 60 Tabs",Lamivudine/Zidovudine,Generic,150/300mg,Tablet - FDC,"Aurobindo Unit III, India",47759,60,5964,51350.04,8.61,0.14,100.65,,,FALSE,10/26/09,10/26/09,,6/26/09
102-SS-T30,FPQ-9038,SCMS-137170,ASN-14402,South Sudan,PMO - US,Direct Drop,EXW,Air,HRDT,HIV test,"Trinity Biotech, Plc","HIV 1/2, Uni-Gold HIV Kit, 20 Tests","HIV 1/2, Uni-Gold HIV Kit",Uni-Gold,N/A,Test kit,"Trinity Biotech, Plc",47817,20,179,5728,32,1.6,8.03,63,2147.11,TRUE,5/15/12,5/15/12,,2/15/12
108-VN-T30,FPQ-4265,SCMS-56210,ASN-5539,Vietnam,PMO - US,Direct Drop,FCA,Air,ARV,Adult,ABBVIE LOGISTICS (FORMERLY ABBOTT LOGISTICS BV),"Lopinavir/Ritonavir 200/50mg [Aluvia], tablets, 120 Tabs",Lopinavir/Ritonavir,Aluvia,200/50mg,Tablet,ABBVIE Ludwigshafen Germany,47831,120,1720,141384,82.2,0.68,277.11,424,10296.99,TRUE,12/11/09,12/11/09,,11/5/09
107-RW-T30,FPQ-3859,SCMS-48850,ASN-4656,Rwanda,PMO - US,Direct Drop,CIP,Air,ARV,Adult,HETERO LABS LIMITED,"Nevirapine 200mg, tablets, 60 Tabs",Nevirapine,Generic,200mg,Tablet,Hetero Unit III Hyderabad IN,47837,60,9300,28737,3.09,0.05,56.32,550,3054.13,TRUE,8/10/09,8/10/09,,7/16/09
109-TZ-T30,FPQ-4157,SCMS-52775,ASN-5402,Tanzania,PMO - US,Direct Drop,EXW,Air,HRDT,HIV test,"Orgenics, Ltd","HIV 1/2, Determine HIV Kit, without Lancets, 100 Tests","HIV 1/2, Determine HIV Kit, without Lancets",Determine,N/A,Test kit,Inverness Japan,47853,100,2024,141680,70,0.7,277.69,461,6923.2,TRUE,1/18/10,1/18/10,,9/3/09
117-ET-T30,FPQ-9098,SCMS-133540,ASN-14233,Ethiopia,PMO - US,Direct Drop,EXW,Air,HRDT,HIV test,"CHEMBIO DIAGNOSTIC SYSTEMS, INC.","HIV 1/2, Stat-Pak HIV, Kit, 20 Tests","HIV 1/2, Stat-Pak HIV, Kit",Stat-Pak,N/A,Test kit,Chembio Diagnostics Sys. Inc.,47857,20,340,9860,29,1.45,13.82,151,827.88,TRUE,3/27/12,3/27/12,,1/23/12
111-MZ-T30,FPQ-14235,SCMS-247380,ASN-29098,Mozambique,PMO - US,Direct Drop,CIP,Air,ARV,Adult,JANSSEN SCIENCES IRELAND UC (FORMERLY JANSSEN R&D IRELAND),"Darunavir 600mg [Prezista], tablets, 60 Tabs",Darunavir,Prezista,600mg,Tablet,"Janssen-Cilag, Latina, IT",47862,60,50,2700,54,0.9,2.78,,,TRUE,11/21/14,11/21/14,,7/28/14
108-VN-T30,FPQ-5094,SCMS-68820,ASN-7170,Vietnam,PMO - US,Direct Drop,FCA,Air,ARV,Adult,ABBVIE LOGISTICS (FORMERLY ABBOTT LOGISTICS BV),"Lopinavir/Ritonavir 200/50mg [Aluvia], tablets, 120 Tabs",Lopinavir/Ritonavir,Aluvia,200/50mg,Tablet,ABBVIE Ludwigshafen Germany,47864,120,1785,146727,82.2,0.68,316.34,266,6937.66,TRUE,6/21/10,6/21/10,,3/31/10
102-SD-T30,FPQ-8261,SCMS-120462,ASN-12337,Sudan,PMO - US,Direct Drop,EXW,Air,HRDT,HIV test,"Trinity Biotech, Plc","HIV 1/2, Uni-Gold HIV Kit, 20 Tests","HIV 1/2, Uni-Gold HIV Kit",Uni-Gold,N/A,Test kit,"Trinity Biotech, Plc",47870,20,39,1248,32,1.6,2.06,13,581.73,TRUE,1/11/12,1/11/12,,9/7/11
113-ZW-T30,FPQ-3998,SCMS-50150,ASN-4753,Zimbabwe,PMO - US,Direct Drop,EXW,Air,HRDT,HIV test,"Orgenics, Ltd","HIV 1/2, Determine Complete HIV Kit, 100 Tests","HIV 1/2, Determine Complete HIV Kit",Determine,N/A,Test kit,Inverness Japan,47923,100,1000,72000,72,0.72,141.12,324,3791.81,TRUE,9/7/09,9/7/09,,7/25/09
108-VN-T30,FPQ-13034,SCMS-210150,ASN-24570,Vietnam,PMO - US,Direct Drop,EXW,Air,ARV,Adult,HETERO LABS LIMITED,"Efavirenz/Lamivudine/Tenofovir Disoproxil Fumarate 600/300/300mg, tablets, 30 Tabs",Efavirenz/Lamivudine/Tenofovir Disoproxil Fumarate,Generic,600/300/300mg,Tablet - FDC,Hetero Unit III Hyderabad IN,47937,30,24192,254016,10.5,0.35,314.22,3385,8764.53,TRUE,4/22/14,4/22/14,,10/10/13
161-ZA-T30,FPQ-6262,SCMS-83830,ASN-9478,South Africa,PMO - US,Direct Drop,DDP,Ocean,ARV,Adult,Aurobindo Pharma Limited,"Efavirenz 600mg, tablets, 30 Tabs",Efavirenz,Generic,600mg,Tablet,"Aurobindo Unit III, India",47949,30,87018,394191.53,4.53,0.15,849.88,,,TRUE,2/1/11,3/4/11,,9/24/10
108-VN-T30,FPQ-10811,SCMS-164570,ASN-18408,Vietnam,PMO - US,Direct Drop,EXW,Air,ARV,Pediatric,MYLAN LABORATORIES LTD (FORMERLY MATRIX LABORATORIES),"Lamivudine/Zidovudine 30/60mg, tablets, 60 Tabs",Lamivudine/Zidovudine,Generic,30/60mg,Tablet - FDC,Mylan (formerly Matrix) Nashik,47953,60,2231,4685.1,2.1,0.04,5.8,,,FALSE,3/18/13,3/18/13,,11/7/12
108-VN-T30,FPQ-7898,SCMS-113690,ASN-12713,Vietnam,PMO - US,Direct Drop,FCA,Air,ARV,Adult,ABBVIE LOGISTICS (FORMERLY ABBOTT LOGISTICS BV),"Lopinavir/Ritonavir 200/50mg [Aluvia], tablets, 120 Tabs",Lopinavir/Ritonavir,Aluvia,200/50mg,Tablet,ABBVIE Ludwigshafen Germany,47975,120,1575,129465,82.2,0.68,213.62,382,5528.41,TRUE,11/17/11,11/17/11,,7/8/11
110-ZM-T30,FPQ-15075,SCMS-260220,ASN-29944,Zambia,PMO - US,Direct Drop,EXW,Air,HRDT,HIV test,"Trinity Biotech, Plc","HIV 1/2, Uni-Gold HIV Kit, 20 Tests","HIV 1/2, Uni-Gold HIV Kit",Uni-Gold,N/A,Test kit,"Trinity Biotech, Plc",47977,20,3000,96000,32,1.6,112.99,881,6664.29,TRUE,1/21/15,1/21/15,,10/22/14
108-VN-T30,FPQ-15823,SCMS-277350,ASN-32256,Vietnam,PMO - US,Direct Drop,FCA,Air,ARV,Adult,ABBVIE LOGISTICS (FORMERLY ABBOTT LOGISTICS BV),"Ritonavir 100mg [Norvir], film coated tablets, 30 Tabs",Ritonavir,Norvir,100mg,Tablet,ABBVIE Ludwigshafen Germany,47979,30,300,6978,23.26,0.78,8.21,,,TRUE,7/9/15,7/9/15,,3/4/15
102-KE-T30,FPQ-6114,SCMS-80820,ASN-8589,Kenya,PMO - US,Direct Drop,EXW,Air,HRDT,HIV test,"Orgenics, Ltd","HIV 1/2, Determine Complete HIV Kit, 100 Tests","HIV 1/2, Determine Complete HIV Kit",Determine,N/A,Test kit,Inverness Japan,48043,100,8178,727842,89,0.89,1569.23,1407,15200.59,TRUE,11/12/10,11/12/10,,8/27/10
900-SS-T30,FPQ-11623,SCMS-178030,ASN-19143,South Sudan,PMO - US,Direct Drop,EXW,Air,HRDT,HIV test,"Orgenics, Ltd","HIV 1/2, Determine Complete HIV Kit, 100 Tests","HIV 1/2, Determine Complete HIV Kit",Determine,N/A,Test kit,"Alere Medical Co., Ltd.",48044,100,204,18156,89,0.89,22.46,,,FALSE,8/16/13,8/16/13,,2/27/13
161-ZA-T30,FPQ-5303,SCMS-68952,ASN-7506,South Africa,PMO - US,Direct Drop,DDP,Air,ARV,Pediatric,Aurobindo Pharma Limited,"Lamivudine 10mg/ml, oral solution w/syringe, Bottle, 240 ml",Lamivudine,Generic,10mg/ml,Oral solution,"Aurobindo Unit III, India",48065,240,11668,35004,3,0.01,75.47,4396,3283.59,TRUE,8/24/10,8/24/10,,3/19/10
101-CD-T30,FPQ-16001,SCMS-280210,ASN-31750,"Congo, DRC",PMO - US,Direct Drop,EXW,Air,HRDT,HIV test,"Trinity Biotech, Plc","HIV 1/2, Uni-Gold HIV Kit, 20 Tests","HIV 1/2, Uni-Gold HIV Kit",Uni-Gold,N/A,Test kit,"Trinity Biotech, Plc",48099,20,41,1312,32,1.6,1.54,,,FALSE,7/2/15,7/2/15,,3/16/15
116-ZA-T30,FPQ-14942,SCMS-295800,ASN-33864,South Africa,PMO - US,Direct Drop,DDP,Truck,ARV,Adult,PHARMACY DIRECT,"Darunavir 600mg [Prezista], tablets, 60 Tabs",Darunavir,Prezista,600mg,Tablet,"Janssen-Cilag, Latina, IT",48102,60,18,911.9,50.66,0.84,0.94,,,TRUE,8/24/15,8/24/15,,8/24/15
108-VN-T30,FPQ-5317,SCMS-69530,ASN-7487,Vietnam,PMO - US,Direct Drop,EXW,Air,ARV,Adult,STRIDES ARCOLAB LIMITED,"Lamivudine 150mg, tablets, 60 Tabs",Lamivudine,Generic,150mg,Tablet,"Strides, Bangalore, India.",48120,60,2400,5640,2.35,0.04,12.16,726,7388.14,TRUE,8/3/10,8/3/10,,3/29/10
107-RW-T30,FPQ-8932,SCMS-129870,ASN-13371,Rwanda,PMO - US,Direct Drop,EXW,Air,ARV,Adult,Aurobindo Pharma Limited,"Lamivudine/Tenofovir Disoproxil Fumarate 300/300mg, tablets, 30 Tabs",Lamivudine/Tenofovir Disoproxil Fumarate,Generic,300/300mg,Tablet - FDC,"Aurobindo Unit VII, IN",48151,30,42074,225095.9,5.35,0.18,315.58,4105,25382.52,TRUE,1/24/12,1/24/12,,12/13/11
108-VN-T30,FPQ-6384,SCMS-87780,ASN-9408,Vietnam,PMO - US,Direct Drop,EXW,Air,ARV,Adult,HETERO LABS LIMITED,"Zidovudine 300mg, tablets, 60 Tabs",Zidovudine,Generic,300mg,Tablet,Hetero Unit III Hyderabad IN,48155,60,1008,7005.6,6.95,0.12,15.1,,,FALSE,2/16/11,2/16/11,,10/18/10
106-HT-T30,FPQ-14895,SCMS-261300,ASN-29497,Haiti,PMO - US,Direct Drop,FCA,Air,ARV,Adult,ABBVIE LOGISTICS (FORMERLY ABBOTT LOGISTICS BV),"Ritonavir 100mg [Norvir], film coated tablets, 60 Tabs",Ritonavir,Norvir,100mg,Tablet,ABBVIE Ludwigshafen Germany,48182,60,272,1863.2,6.85,0.11,1.92,37,722.35,TRUE,12/10/14,12/10/14,,11/5/14
107-RW-T30,FPQ-14813,SCMS-261760,ASN-29891,Rwanda,PMO - US,Direct Drop,EXW,Air,ARV,Pediatric,Aurobindo Pharma Limited,"Lopinavir/Ritonavir 100/25mg, tablets, 60 Tabs",Lopinavir/Ritonavir,Generic,100/25mg,Tablet,"Aurobindo Unit III, India",48184,60,1592,12799.68,8.04,0.13,13.16,167,1923.14,TRUE,1/15/15,1/15/15,,12/15/14
116-ZA-T30,FPQ-14942,SCMS-259074,ASN-31070,South Africa,PMO - US,Direct Drop,DDP,Truck,ARV,Adult,PHARMACY DIRECT,"Nevirapine 200mg, tablets, 60 Tabs",Nevirapine,Generic,200mg,Tablet,"Aurobindo Unit III, India",48214,60,19,243.66,12.82,0.21,0.25,,,FALSE,3/9/15,3/9/15,,3/9/15
109-TZ-T30,FPQ-9259,SCMS-136810,ASN-14309,Tanzania,PMO - US,Direct Drop,EXW,Air,HRDT,HIV test,"Trinity Biotech, Plc","HIV 1/2, Uni-Gold HIV Kit, 20 Tests","HIV 1/2, Uni-Gold HIV Kit",Uni-Gold,N/A,Test kit,"Trinity Biotech, Plc",48216,20,4250,136000,32,1.6,190.67,1386,13215.15,TRUE,5/25/12,5/25/12,,2/3/12
104-CI-T30,FPQ-12134,SCMS-190720,ASN-21347,Côte d'Ivoire,PMO - US,Direct Drop,EXW,Air,HRDT,HIV test,"CHEMBIO DIAGNOSTIC SYSTEMS, INC.","HIV 1/2, Stat-Pak HIV, Kit, 20 Tests","HIV 1/2, Stat-Pak HIV, Kit",Stat-Pak,N/A,Test kit,Chembio Diagnostics Sys. Inc.,48228,20,3400,98600,29,1.45,121.97,1252,10821.66,TRUE,9/3/13,9/3/13,,5/21/13
116-ZA-T30,FPQ-12522,SCMS-199283,ASN-27979,South Africa,PMO - US,Direct Drop,DDP,Truck,ARV,Pediatric,S. BUYS WHOLESALER,"Abacavir 20mg/ml, oral solution w/syringe, Bottle, 240 ml",Abacavir,Generic,20mg/ml,Oral solution,"Aurobindo Unit III, India",48236,240,36,987.14,27.42,0.11,1.22,,,FALSE,8/27/14,8/27/14,,8/27/14
107-RW-T30,FPQ-16293,SCMS-294120,ASN-33515,Rwanda,PMO - US,Direct Drop,FCA,Air,ARV,Pediatric,ABBVIE LOGISTICS (FORMERLY ABBOTT LOGISTICS BV),"Lopinavir/Ritonavir 80/20mg/ml [Kaletra], oral solution, cool, Bottle 5 x 60 ml",Lopinavir/Ritonavir,Kaletra,80/20mg/ml,Oral solution,ABBVIE (Abbott) Logis. UK,48261,300,350,10787,30.82,0.1,12.7,,,TRUE,8/21/15,8/21/15,,7/7/15
104-CI-T30,FPQ-9394,SCMS-141430,ASN-15398,Côte d'Ivoire,PMO - US,Direct Drop,EXW,Air,HRDT,HIV test,"Orgenics, Ltd","HIV 1/2, Determine Complete HIV Kit, 100 Tests","HIV 1/2, Determine Complete HIV Kit",Determine,N/A,Test kit,"Alere Medical Co., Ltd.",48301,100,6290,503200,80,0.8,705.49,2995,57933.93,TRUE,7/5/12,7/5/12,,3/22/12
116-ZA-T30,FPQ-13214,SCMS-215410,ASN-23875,South Africa,PMO - US,Direct Drop,DDP,Truck,ARV,Adult,S. BUYS WHOLESALER,"Nevirapine 200mg, tablets, 60 Tabs",Nevirapine,Generic,200mg,Tablet,"Cipla, Goa, India",48319,60,275,4974.52,18.09,0.3,5.11,,,FALSE,1/13/14,1/13/14,,12/2/13
161-ZA-T30,FPQ-7175,SCMS-104060,ASN-11379,South Africa,PMO - US,Direct Drop,DDP,Ocean,ARV,Adult,CIPLA LIMITED,"Nevirapine 200mg, tablets, 60 Tabs",Nevirapine,Generic,200mg,Tablet,"Cipla, Goa, India",48419,60,10817,29422.24,2.72,0.05,48.55,1172,19007.72,TRUE,12/6/11,11/2/11,,3/28/11
114-UG-T30,FPQ-6504,SCMS-91710,ASN-9454,Uganda,PMO - US,Direct Drop,CIP,Air,ARV,Adult,MERCK SHARP & DOHME IDEA GMBH (FORMALLY MERCK SHARP & DOHME B.V.),"Raltegravir 400mg [Isentress], tablets, 60 Tabs",Raltegravir,Isentress,400mg,Tablet,"MSD, Haarlem, NL",48438,60,223,20404.5,91.5,1.52,33.67,21,761,TRUE,1/27/11,1/27/11,,11/18/10
161-ZA-T30,FPQ-6262,SCMS-84230,ASN-9508,South Africa,PMO - US,Direct Drop,DDP,Ocean,ARV,Adult,STRIDES ARCOLAB LIMITED,"Lamivudine 150mg, tablets, 60 Tabs",Lamivudine,Generic,150mg,Tablet,"Strides, Bangalore, India.",48497,60,185954,459306.38,2.47,0.04,990.26,9019,13677.68,TRUE,2/14/11,2/11/11,,9/21/10
107-RW-T30,FPQ-6341,SCMS-84980,ASN-9370,Rwanda,PMO - US,Direct Drop,EXW,Ocean,ARV,Adult,HETERO LABS LIMITED,"Nevirapine 200mg, tablets, 60 Tabs",Nevirapine,Generic,200mg,Tablet,Hetero Unit III Hyderabad IN,48500,60,176100,427923,2.43,0.04,922.6,24219,23736.39,TRUE,3/1/11,3/1/11,,9/28/10
106-HT-T30,FPQ-15038,SCMS-262950,ASN-30813,Haiti,PMO - US,Direct Drop,EXW,Air,ARV,Pediatric,Aurobindo Pharma Limited,"Zidovudine 100mg, capsules, 100 Caps",Zidovudine,Generic,100mg,Capsule,"Aurobindo Unit III, India",48516,100,120,540,4.5,0.04,0.56,9,820.56,TRUE,3/30/15,3/30/15,,12/24/14
100-ZW-T30,FPQ-5018,SCMS-65350,ASN-6754,Zimbabwe,PMO - US,Direct Drop,EXW,Air,HRDT,HIV test,"Orgenics, Ltd","HIV 1/2, Determine Complete HIV Kit, 100 Tests","HIV 1/2, Determine Complete HIV Kit",Determine,N/A,Test kit,Inverness Japan,48517,100,1845,132840,72,0.72,286.4,1000,18841.09,TRUE,5/20/10,5/20/10,,2/17/10
105-SS-T30,FPQ-12623,SCMS-200910,ASN-22040,South Sudan,PMO - US,Direct Drop,EXW,Air,HRDT,HIV test - Ancillary,"Orgenics, Ltd","Capillary Tubes, for Determine, EDTA, 50uL,100 Pcs","HIV, Capillary Tubes, for Determine, EDTA, 50uL,100 Pcs",Determine,N/A,Test kit - Ancillary,"Alere Medical Co., Ltd.",48519,100,165,1320,8,0.08,1.63,,,FALSE,11/8/13,11/8/13,,8/5/13
900-TZ-T30,FPQ-10396,SCMS-157661,ASN-17081,Tanzania,PMO - US,Direct Drop,EXW,Air,HRDT,HIV test,"Orgenics, Ltd","HIV 1/2, Determine Complete HIV Kit, 100 Tests","HIV 1/2, Determine Complete HIV Kit",Determine,N/A,Test kit,"Alere Medical Co., Ltd.",48523,100,2744,219520,80,0.8,307.77,1303,22223.94,TRUE,12/7/12,12/7/12,,10/4/12
116-ZA-T30,FPQ-14942,SCMS-259077,ASN-33477,South Africa,PMO - US,Direct Drop,DDP,Truck,ARV,Adult,PHARMACY DIRECT,"Nevirapine 200mg, tablets, 60 Tabs",Nevirapine,Generic,200mg,Tablet,"Aurobindo Unit III, India",48559,60,20,256.48,12.82,0.21,0.26,,,FALSE,7/24/15,7/24/15,,10/9/14
108-VN-T30,FPQ-15823,SCMS-277330,ASN-33152,Vietnam,PMO - US,Direct Drop,FCA,Air,ARV,Adult,ABBVIE LOGISTICS (FORMERLY ABBOTT LOGISTICS BV),"Ritonavir 100mg [Norvir], film coated tablets, 30 Tabs",Ritonavir,Norvir,100mg,Tablet,ABBVIE Ludwigshafen Germany,48595,30,400,9304,23.26,0.78,10.95,,,FALSE,8/13/15,8/13/15,,3/4/15
114-UG-T30,FPQ-9923,SCMS-149970,ASN-16318,Uganda,PMO - US,Direct Drop,EXW,Air,ARV,Adult,MYLAN LABORATORIES LTD (FORMERLY MATRIX LABORATORIES),"Atazanavir/Ritonavir 300/100mg, tablets, 30 Tabs",Atazanavir/Ritonavir,Generic,300/100mg,Tablet,Mylan (formerly Matrix) Nashik,48623,30,1558,35055,22.5,0.75,49.15,195,3387.72,TRUE,9/21/12,9/21/12,,6/26/12
106-HT-T30,FPQ-14083,SCMS-240190,ASN-26905,Haiti,PMO - US,Direct Drop,EXW,Ocean,ARV,Adult,Aurobindo Pharma Limited,"Efavirenz/Lamivudine/Tenofovir Disoproxil Fumarate 600/300/300mg, tablets, 30 Tabs",Efavirenz/Lamivudine/Tenofovir Disoproxil Fumarate,Generic,600/300/300mg,Tablet - FDC,"Aurobindo Unit VII, IN",48624,30,15080,165276.8,10.96,0.37,169.9,,,TRUE,10/20/14,10/20/14,,6/2/14
102-BI-T30,FPQ-15186,SCMS-260820,ASN-32560,Burundi,PMO - US,Direct Drop,EXW,Air,HRDT,HIV test,"CHEMBIO DIAGNOSTIC SYSTEMS, INC.","HIV 1/2, Stat-Pak Dipstick Assay Kit, 30 Tests","HIV 1/2, Stat-Pak Dipstick Assay Kit",Stat-Pak,N/A,Test kit,Chembio Diagnostics Sys. Inc.,48640,30,594,16394.4,27.6,0.92,19.3,63,877.52,TRUE,7/6/15,7/6/15,,11/12/14
116-ZA-T30,FPQ-12522,SCMS-199283,ASN-27978,South Africa,PMO - US,Direct Drop,DDP,Truck,ARV,Pediatric,S. BUYS WHOLESALER,"Efavirenz 50mg, capsule, 30 Caps",Efavirenz,Generic,50mg,Capsule,"Aurobindo Unit III, India",48655,30,20,66.33,3.32,0.11,0.08,,,FALSE,8/27/14,8/27/14,,8/27/14
102-BI-T30,FPQ-15186,SCMS-260810,ASN-31408,Burundi,PMO - US,Direct Drop,EXW,Air,HRDT,HIV test,"CHEMBIO DIAGNOSTIC SYSTEMS, INC.","HIV 1/2, Stat-Pak Dipstick Assay Kit, 30 Tests","HIV 1/2, Stat-Pak Dipstick Assay Kit",Stat-Pak,N/A,Test kit,Chembio Diagnostics Sys. Inc.,48665,30,517,14269.2,27.6,0.92,16.79,56,812.84,TRUE,4/21/15,4/21/15,,11/12/14
106-HT-T30,FPQ-11442,SCMS-177181,ASN-18922,Haiti,PMO - US,Direct Drop,EXW,Air,ARV,Pediatric,Aurobindo Pharma Limited,"Lamivudine 10mg/ml, oral solution w/syringe, Bottle, 240 ml",Lamivudine,Generic,10mg/ml,Oral solution,"Aurobindo Unit III, India",48690,240,2064,2951.52,1.43,0.01,3.65,751,5754.16,TRUE,4/25/13,4/25/13,,3/11/13
107-RW-T30,FPQ-6341,SCMS-84950,ASN-9368,Rwanda,PMO - US,Direct Drop,EXW,Ocean,ARV,Adult,HETERO LABS LIMITED,"Efavirenz 600mg, tablets, 30 Tabs",Efavirenz,Generic,600mg,Tablet,Hetero Unit III Hyderabad IN,48706,30,38113,157406.69,4.13,0.14,339.37,3077,6499.25,TRUE,3/1/11,3/1/11,,9/28/10
116-ZA-T30,FPQ-14942,SCMS-259076,ASN-32525,South Africa,PMO - US,Direct Drop,DDP,Truck,ARV,Adult,PHARMACY DIRECT,"Etravirine 100mg [Intelence], tablets, 120 Tabs",Etravirine,Intelence,100mg,Tablet,"Janssen-Cilag, Latina, IT",48729,120,1,25.59,25.59,0.21,0.03,,,TRUE,6/2/15,6/2/15,,6/2/15
104-CI-T30,FPQ-13297,SCMS-218500,ASN-24994,Côte d'Ivoire,PMO - US,Direct Drop,EXW,Air,ARV,Pediatric,CIPLA LIMITED,"Nevirapine 50mg, dispersible tablets, 60 Tabs",Nevirapine,Generic,50mg,Chewable/dispersible tablet,"Cipla, Patalganga, India",48741,60,3900,7215,1.85,0.03,7.42,321,3740.01,TRUE,4/7/14,4/7/14,,12/13/13
161-ZA-T30,FPQ-5303,SCMS-68980,ASN-7525,South Africa,PMO - US,Direct Drop,DDP,Air,ARV,Adult,Aurobindo Pharma Limited,"Lamivudine 150mg, tablets, 60 Tabs",Lamivudine,Generic,150mg,Tablet,"Aurobindo Unit III, India",48746,60,32070,81137.1,2.53,0.04,174.93,1727,1791.42,TRUE,8/24/10,8/24/10,,3/19/10
106-HT-T30,FPQ-9636,SCMS-148370,ASN-16472,Haiti,PMO - US,Direct Drop,EXW,Ocean,ARV,Adult,MYLAN LABORATORIES LTD (FORMERLY MATRIX LABORATORIES),"Tenofovir Disoproxil Fumarate 300mg, tablets, 30 Tabs",Tenofovir Disoproxil Fumarate,Generic,300mg,Tablet,Mylan (formerly Matrix) Nashik,48755,30,96,431.04,4.49,0.15,0.6,,,FALSE,12/20/12,12/20/12,,7/3/12
116-ZA-T30,FPQ-11828,SCMS-183950,ASN-19166,South Africa,South Africa Field Office,Direct Drop,DDP,Truck,ARV,Adult,S. BUYS WHOLESALER,"Abacavir 300mg, tablets, 60 Tabs",Abacavir,Generic,300mg,Tablet,"Cipla, Patalganga, India",48757,60,114,7956.64,69.8,1.16,9.84,,,FALSE,4/16/13,4/16/13,,
102-KE-T30,FPQ-4587,SCMS-58380,ASN-5900,Kenya,PMO - US,Direct Drop,EXW,Air,HRDT,HIV test,"Orgenics, Ltd","HIV 1/2, Determine Complete HIV Kit, 100 Tests","HIV 1/2, Determine Complete HIV Kit",Determine,N/A,Test kit,Inverness Japan,48765,100,1,80,80,0.8,0.17,822,8664.89,TRUE,2/16/10,2/19/10,,12/2/09
133-NG-T30,FPQ-13741,SCMS-239690,ASN-26759,Nigeria,PMO - US,Direct Drop,EXW,Air,HRDT,HIV test,"Orgenics, Ltd","HIV 1/2, Determine Complete HIV Kit, 100 Tests","HIV 1/2, Determine Complete HIV Kit",Determine,N/A,Test kit,"Alere Medical Co., Ltd.",48773,100,9935,884215,89,0.89,908.97,4038,59711.34,TRUE,7/9/14,7/9/14,,5/19/14
106-HT-T30,FPQ-13797,SCMS-233960,ASN-27422,Haiti,PMO - US,Direct Drop,EXW,Air,ARV,Pediatric,CIPLA LIMITED,"Zidovudine 10mg/ml, oral solution, Bottle, 240 ml",Zidovudine,Generic,10mg/ml,Oral solution,"Cipla, Goa, India",48821,240,936,1825.2,1.95,0.01,1.88,,,TRUE,9/12/14,9/12/14,,5/1/14
108-VN-T30,FPQ-15692,SCMS-281670,ASN-32017,Vietnam,PMO - US,Direct Drop,EXW,Air,ARV,Adult,HETERO LABS LIMITED,"Tenofovir Disoproxil Fumarate 300mg, tablets, 30 Tabs",Tenofovir Disoproxil Fumarate,Generic,300mg,Tablet,Hetero Unit III Hyderabad IN,48825,30,22700,71505,3.15,0.1,84.16,,,TRUE,7/13/15,7/13/15,,3/19/15
111-MZ-T30,FPQ-4740,SCMS-62341,ASN-7342,Mozambique,PMO - US,Direct Drop,CIP,Air,ARV,Adult,INTERNATIONAL HEALTHCARE DISTRIBUTORS,"Ritonavir 100mg [Norvir], capsules, cool, 84 Caps",Ritonavir,Norvir,100mg,Capsule,ABBVIE (Abbott) Logis. UK,48826,84,320,3312,10.35,0.12,7.14,,,TRUE,6/23/10,6/23/10,,1/29/10
104-CI-T30,FPQ-13603,SCMS-228070,ASN-29946,Côte d'Ivoire,PMO - US,Direct Drop,EXW,Air,HRDT,HIV test,"Orgenics, Ltd","HIV 1/2, Determine Complete HIV Kit, 100 Tests","HIV 1/2, Determine Complete HIV Kit",Determine,N/A,Test kit,"Alere Medical Co., Ltd.",48839,100,4750,380000,80,0.8,390.64,1930,23013.2,TRUE,2/16/15,2/16/15,,2/26/14
116-ZA-T30,FPQ-12522,SCMS-199288,ASN-27197,South Africa,PMO - US,Direct Drop,DDP,Truck,ARV,Pediatric,S. BUYS WHOLESALER,"Lopinavir/Ritonavir 80/20mg/ml [Kaletra], oral solution, cool, Bottle 5 x 60 ml",Lopinavir/Ritonavir,Kaletra,80/20mg/ml,Oral solution,ABBVIE (Abbott) Logis. UK,48842,300,4,93.81,23.45,0.08,0.12,,,TRUE,7/10/14,7/10/14,,7/10/14
161-ZA-T30,FPQ-5303,SCMS-68980,ASN-8167,South Africa,PMO - US,Direct Drop,DDP,Air,ARV,Pediatric,Aurobindo Pharma Limited,"Lamivudine 10mg/ml, oral solution w/syringe, Bottle, 240 ml",Lamivudine,Generic,10mg/ml,Oral solution,"Aurobindo Unit III, India",48857,240,11628,34884,3,0.01,75.21,4382,2154.52,TRUE,8/24/10,1/21/11,,3/19/10
105-GY-T30,FPQ-11550,SCMS-177920,ASN-19123,Guyana,PMO - US,Direct Drop,FCA,Air,ARV,Pediatric,ABBVIE LOGISTICS (FORMERLY ABBOTT LOGISTICS BV),"Lopinavir/Ritonavir 80/20mg/ml [Kaletra], oral solution, cool, Bottle 5 x 60 ml",Lopinavir/Ritonavir,Kaletra,80/20mg/ml,Oral solution,ABBVIE (Abbott) Logis. UK,48870,300,20,1216.4,60.82,0.2,1.5,52,1152.9,TRUE,5/31/13,5/31/13,,3/8/13
101-CD-T30,FPQ-13548,SCMS-224850,ASN-25795,"Congo, DRC",PMO - US,Direct Drop,DDP,Truck,HRDT,HIV test,WAGENIA,"HIV 1/2, Determine Kit without Lancets, Buffer or Caplillary Tubes, 100 Tests","HIV 1/2, Determine Kit without Lancets, Buffer or Capillary Tubes, 100 Tests",Determine,N/A,Test kit,"Alere Medical Co., Ltd.",48872,100,2500,287975,115.19,1.15,296.04,,,FALSE,4/7/14,4/7/14,,1/30/14
161-ZA-T30,FPQ-5303,SCMS-68720,ASN-7431,South Africa,PMO - US,Direct Drop,DDP,Air,ARV,Adult,CIPLA LIMITED,"Tenofovir Disoproxil Fumarate 300mg, tablets, 30 Tabs",Tenofovir Disoproxil Fumarate,Generic,300mg,Tablet,"Cipla, Goa, India",48879,30,11574,90508.68,7.82,0.26,195.14,793,916.22,TRUE,7/19/10,7/19/10,,3/19/10
116-ZA-T30,FPQ-14942,SCMS-259076,ASN-32524,South Africa,PMO - US,Direct Drop,DDP,Truck,ARV,Adult,PHARMACY DIRECT,"Emtricitabine/Tenofovir Disoproxil Fumarate 200/300mg, tablets, 30 Tabs",Emtricitabine/Tenofovir Disoproxil Fumarate,Generic,200/300mg,Tablet - FDC,"Aurobindo Unit III, India",48906,30,13,283.8,21.83,0.73,0.29,,,FALSE,6/2/15,6/2/15,,6/2/15
116-ZA-T30,FPQ-14942,SCMS-259072,ASN-30376,South Africa,PMO - US,Direct Drop,DDP,Truck,ARV,Adult,PHARMACY DIRECT,"Raltegravir 400mg [Isentress], tablets, 60 Tabs",Raltegravir,Isentress,400mg,Tablet,"MSD, Haarlem, NL",48923,60,6,366.99,61.16,1.02,0.38,,,FALSE,1/26/15,1/26/15,,1/26/15
114-UG-T30,FPQ-12477,SCMS-198720,ASN-21627,Uganda,PMO - US,Direct Drop,EXW,Ocean,ARV,Adult,MYLAN LABORATORIES LTD (FORMERLY MATRIX LABORATORIES),"Lamivudine/Zidovudine 150/300mg, tablets, 60 Tabs",Lamivudine/Zidovudine,Generic,150/300mg,Tablet - FDC,Mylan (formerly Matrix) Nashik,48945,60,165179,1072011.8,6.49,0.11,1326.08,37127,33981.11,TRUE,11/6/13,11/6/13,,7/31/13
101-CD-T30,FPQ-13548,SCMS-224840,ASN-24721,"Congo, DRC",PMO - US,Direct Drop,EXW,Air,HRDT,HIV test,"Trinity Biotech, Plc","HIV 1/2, Uni-Gold HIV Kit, 20 Tests","HIV 1/2, Uni-Gold HIV Kit",Uni-Gold,N/A,Test kit,"Trinity Biotech, Plc",48958,20,30,960,32,1.6,0.99,,,FALSE,4/4/14,4/4/14,,1/28/14
108-VN-T30,FPQ-13976,SCMS-236110,ASN-28248,Vietnam,PMO - US,Direct Drop,EXW,Air,ARV,Adult,MYLAN LABORATORIES LTD (FORMERLY MATRIX LABORATORIES),"Lamivudine/Nevirapine/Zidovudine 150/200/300mg, tablets, 60 Tabs",Lamivudine/Nevirapine/Zidovudine,Generic,150/300/200mg,Tablet - FDC,Mylan (formerly Matrix) Nashik,48994,60,20000,162000,8.1,0.13,166.54,4168,6717.79,TRUE,11/3/14,11/3/14,,4/30/14
109-TZ-T30,FPQ-7680,SCMS-111640,ASN-12088,Tanzania,PMO - US,Direct Drop,FCA,Air,ARV,Adult,ABBVIE LOGISTICS (FORMERLY ABBOTT LOGISTICS BV),"Lopinavir/Ritonavir 200/50mg [Aluvia], tablets, 120 Tabs",Lopinavir/Ritonavir,Aluvia,200/50mg,Tablet,ABBVIE Ludwigshafen Germany,49003,120,20000,674000,33.7,0.28,1112.1,4727,21584.02,TRUE,10/24/11,10/24/11,,6/22/11
127-KE-T30,FPQ-7907,SCMS-115320,ASN-12098,Kenya,PMO - US,Direct Drop,EXW,Air,HRDT,HIV test,"Orgenics, Ltd","HIV 1/2, Determine Complete HIV Kit, 100 Tests","HIV 1/2, Determine Complete HIV Kit",Determine,N/A,Test kit,Inverness Japan,49014,100,8276,736564,89,0.89,1215.33,2050,23226.6,TRUE,9/30/11,9/30/11,,7/20/11
800-CM-T30,FPQ-12570,SCMS-200890,ASN-21967,Cameroon,PMO - US,Direct Drop,EXW,Air,HRDT,HIV test,Orasure Technologies Inc.,"HIV 1/2, OraQuick Rapid Antibody Kit, 100 Tests","HIV 1/2, OraQuick Rapid Antibody Kit",OraQuick,N/A,Test kit,"Orasure Technologies, Inc",49025,100,2000,700000,350,3.5,865.9,5006,88560.19,TRUE,10/22/13,10/22/13,,8/6/13
133-NG-T30,FPQ-12456,SCMS-196561,ASN-22342,Nigeria,PMO - US,Direct Drop,EXW,Air,HRDT,HIV test,"Orgenics, Ltd","HIV 1/2, Determine Complete HIV Kit, 100 Tests","HIV 1/2, Determine Complete HIV Kit",Determine,N/A,Test kit,"Alere Medical Co., Ltd.",49063,100,3073,273497,89,0.89,338.32,1248,20602.3,TRUE,11/7/13,11/5/13,,7/10/13
116-ZA-T30,FPQ-14942,SCMS-259075,ASN-32138,South Africa,PMO - US,Direct Drop,DDP,Truck,ARV,Pediatric,PHARMACY DIRECT,"Atazanavir 150mg [Reyataz], capsules, 60 Caps",Atazanavir,Reyataz,150mg,Capsule,"BMS Evansville, US",49071,60,3,47.7,15.9,0.26,0.05,,,FALSE,5/12/15,5/12/15,,5/11/15
108-VN-T30,FPQ-11418,SCMS-176270,ASN-19860,Vietnam,PMO - US,Direct Drop,EXW,Air,ARV,Adult,HETERO LABS LIMITED,"Lamivudine/Nevirapine/Zidovudine 150/200/300mg, tablets, 60 Tabs",Lamivudine/Nevirapine/Zidovudine,Generic,150/300/200mg,Tablet - FDC,Hetero Unit III Hyderabad IN,49076,60,39045,320559.44,8.21,0.14,396.53,5092,7312.6,TRUE,7/5/13,7/5/13,,2/6/13
102-SD-T30,FPQ-8264,SCMS-121840,ASN-12828,Sudan,PMO - US,Direct Drop,EXW,Air,HRDT,HIV test - Ancillary,"Orgenics, Ltd","Capillary Tubes, for Determine, EDTA, 50uL,100 Pcs","HIV, Capillary Tubes, for Determine, EDTA, 50uL,100 Pcs",Determine,N/A,Test kit - Ancillary,"Alere Medical Co., Ltd.",49085,100,4,32,8,0.08,0.05,2,942.64,TRUE,1/6/12,1/6/12,,9/14/11
109-TZ-T30,FPQ-13569,SCMS-225810,ASN-26767,Tanzania,PMO - US,Direct Drop,FCA,Air,ARV,Pediatric,ABBVIE LOGISTICS (FORMERLY ABBOTT LOGISTICS BV),"Lopinavir/Ritonavir 80/20mg/ml [Kaletra], oral solution, cool, Bottle 5 x 60 ml",Lopinavir/Ritonavir,Kaletra,80/20mg/ml,Oral solution,ABBVIE (Abbott) Logis. UK,49116,300,268,8259.76,30.82,0.1,8.49,261,2569.33,TRUE,8/26/14,8/26/14,,2/14/14
117-ET-T30,FPQ-9096,SCMS-133370,ASN-14783,Ethiopia,PMO - US,Direct Drop,EXW,Air,HRDT,HIV test,"CHEMBIO DIAGNOSTIC SYSTEMS, INC.","HIV 1/2, Stat-Pak HIV, Kit, 20 Tests","HIV 1/2, Stat-Pak HIV, Kit",Stat-Pak,N/A,Test kit,Chembio Diagnostics Sys. Inc.,49150,20,44,1276,29,1.45,1.79,,,TRUE,5/9/12,5/9/12,,1/23/12
107-RW-T30,FPQ-8742,SCMS-137520,ASN-14659,Rwanda,PMO - US,Direct Drop,CIP,Air,ARV,Adult,MYLAN LABORATORIES LTD (FORMERLY MATRIX LABORATORIES),"Efavirenz/Lamivudine/Tenofovir Disoproxil Fumarate 600/300/300mg, tablets, 30 Tabs",Efavirenz/Lamivudine/Tenofovir Disoproxil Fumarate,Generic,600/300/300mg,Tablet - FDC,Mylan (formerly Matrix) Nashik,49169,30,4560,62335.2,13.67,0.46,87.39,561,5610.17,TRUE,4/26/12,4/26/12,,4/3/12
161-ZA-T30,FPQ-7175,SCMS-104090,ASN-12989,South Africa,PMO - US,Direct Drop,DDP,Ocean,ARV,Adult,CIPLA LIMITED,"Nevirapine 200mg, tablets, 60 Tabs",Nevirapine,Generic,200mg,Tablet,"Cipla, Goa, India",49211,60,57925,157556,2.72,0.05,259.97,6220,7175.28,TRUE,1/31/12,1/31/12,,3/28/11
107-RW-T30,FPQ-3859,SCMS-48940,ASN-6569,Rwanda,PMO - US,Direct Drop,CIP,Air,ARV,Adult,HETERO LABS LIMITED,"Nevirapine 200mg, tablets, 60 Tabs",Nevirapine,Generic,200mg,Tablet,Hetero Unit III Hyderabad IN,49214,60,60300,186327,3.09,0.05,365.2,3539,16769.43,TRUE,4/9/10,4/9/10,,7/16/09
108-VN-T30,FPQ-4720,SCMS-62500,ASN-6686,Vietnam,PMO - US,Direct Drop,EXW,Air,ARV,Adult,Aurobindo Pharma Limited,"Stavudine 30mg, capsules, 60 Caps",Stavudine,Generic,30mg,Capsule,"Aurobindo Unit III, India",49225,60,15624,22654.8,1.45,0.02,48.84,1056,2160.52,TRUE,5/20/10,5/20/10,,1/14/10
116-ZA-T30,FPQ-11828,SCMS-183950,ASN-19166,South Africa,South Africa Field Office,Direct Drop,DDP,Truck,ARV,Adult,S. BUYS WHOLESALER,"Nevirapine 200mg, tablets, 60 Tabs",Nevirapine,Generic,200mg,Tablet,"Cipla, Goa, India",49254,60,265,4896.7,18.48,0.31,6.06,,,FALSE,4/16/13,4/16/13,,
102-BW-T30,FPQ-4904,SCMS-64791,ASN-6296,Botswana,PMO - US,Direct Drop,EXW,Air,HRDT,HIV test,"Orgenics, Ltd","HIV 1/2, Determine Complete HIV Kit, 100 Tests","HIV 1/2, Determine Complete HIV Kit",Determine,N/A,Test kit,Inverness Japan,49301,100,5,360,72,0.72,0.78,3,787.28,TRUE,4/14/10,4/14/10,,2/5/10
114-UG-T30,FPQ-9365,SCMS-142250,ASN-14696,Uganda,PMO - US,Direct Drop,FCA,Air,ARV,Adult,ABBVIE LOGISTICS (FORMERLY ABBOTT LOGISTICS BV),"Ritonavir 100mg [Norvir], film coated tablets, 60 Tabs",Ritonavir,Norvir,100mg,Tablet,ABBVIE Ludwigshafen Germany,49320,60,429,2938.65,6.85,0.11,4.12,62,1060.22,TRUE,5/4/12,5/4/12,,4/4/12
116-ZA-T30,FPQ-15271,SCMS-266770,ASN-30174,South Africa,PMO - US,Direct Drop,DDP,Truck,ARV,Adult,PHARMACY DIRECT,"Efavirenz/Emtricitabine/Tenofovir Disoproxil Fumarate 600/200/300mg, tablets, 30 Tabs",Efavirenz/Emtricitabine/Tenofovir Disoproxil Fumarate,Generic,600/200/300mg,Tablet - FDC,Mylan (formerly Matrix) Nashik,49359,30,5000,185776.9,37.16,1.24,218.66,,,TRUE,1/9/15,1/9/15,,12/17/14
105-SS-T30,FPQ-11754,SCMS-181400,ASN-19428,South Sudan,PMO - US,Direct Drop,EXW,Air,HRDT,HIV test - Ancillary,"Orgenics, Ltd","Chase Buffer, Determine, 100 Tests, 2.5ml x 1 Vial","Chase Buffer, Determine, 100 Tests, 2.5ml x 1 Vial",Determine,N/A,Test kit - Ancillary,"Alere Medical Co., Ltd.",49363,1,45,225,5,5,0.28,,,FALSE,8/16/13,8/16/13,,4/1/13
161-ZA-T30,FPQ-6262,SCMS-83790,ASN-9479,South Africa,PMO - US,Direct Drop,DDP,Ocean,ARV,Adult,Aurobindo Pharma Limited,"Lamivudine 150mg, tablets, 60 Tabs",Lamivudine,Generic,150mg,Tablet,"Aurobindo Unit III, India",49366,60,76554,181432.98,2.37,0.04,391.17,,,TRUE,1/31/11,3/4/11,,9/24/10
110-ZM-T30,FPQ-4141,SCMS-53260,ASN-5857,Zambia,PMO - US,Direct Drop,EXW,Air,HRDT,HIV test,"Trinity Biotech, Plc","HIV 1/2, Uni-Gold HIV Kit, 20 Tests","HIV 1/2, Uni-Gold HIV Kit",Uni-Gold,N/A,Test kit,"Trinity Biotech, Plc",49378,20,5500,176000,32,1.6,344.96,1907,17975.84,TRUE,2/3/10,2/3/10,,9/11/09
116-ZA-T30,FPQ-3596,SCMS-50370,ASN-5460,South Africa,PMO - US,Direct Drop,DDP,Truck,ARV,Adult,S. BUYS WHOLESALER,"Lamivudine 150mg, tablets, 60 Tabs",Lamivudine,Generic,150mg,Tablet,"Aurobindo Unit III, India",49380,60,2000,19410.49,9.71,0.16,38.04,,,TRUE,10/29/09,10/29/09,,9/22/09
161-ZA-T30,FPQ-7175,SCMS-104020,ASN-10875,South Africa,PMO - US,Direct Drop,DDP,Ocean,ARV,Adult,CIPLA LIMITED,"Tenofovir Disoproxil Fumarate 300mg, tablets, 30 Tabs",Tenofovir Disoproxil Fumarate,Generic,300mg,Tablet,"Cipla, Goa, India",49386,30,54008,349431.75,6.47,0.22,576.56,3658,12796.59,TRUE,7/14/11,7/14/11,,3/28/11
105-SS-T30,FPQ-9807,SCMS-147620,ASN-15720,South Sudan,PMO - US,Direct Drop,EXW,Air,HRDT,HIV test,"Trinity Biotech, Plc","HIV 1/2, Uni-Gold HIV Kit, 20 Tests","HIV 1/2, Uni-Gold HIV Kit",Uni-Gold,N/A,Test kit,"Trinity Biotech, Plc",49387,20,749,23968,32,1.6,33.6,262,4669.02,TRUE,9/5/12,9/5/12,,6/20/12
102-KE-T30,FPQ-6114,SCMS-80820,ASN-8587,Kenya,PMO - US,Direct Drop,EXW,Air,HRDT,HIV test,"Orgenics, Ltd","HIV 1/2, Determine Complete HIV Kit, 100 Tests","HIV 1/2, Determine Complete HIV Kit",Determine,N/A,Test kit,Inverness Japan,49405,100,2578,229442,89,0.89,494.68,1427,15353.45,TRUE,11/12/10,11/12/10,,8/27/10
109-TZ-T30,FPQ-13945,SCMS-235430,ASN-28430,Tanzania,PMO - US,Direct Drop,EXW,Air,HRDT,HIV test,"Orgenics, Ltd","HIV 1/2, Determine Complete HIV Kit, 100 Tests","HIV 1/2, Determine Complete HIV Kit",Determine,N/A,Test kit,"Alere Medical Co., Ltd.",49406,100,504,40320,80,0.8,41.45,204,2788.07,TRUE,12/10/14,12/10/14,,4/29/14
114-UG-T30,FPQ-12154,SCMS-188330,ASN-20240,Uganda,PMO - US,Direct Drop,EXW,Air,HRDT,HIV test,"Orgenics, Ltd","HIV 1/2, Determine Complete HIV Kit, 100 Tests","HIV 1/2, Determine Complete HIV Kit",Determine,N/A,Test kit,"Alere Medical Co., Ltd.",49429,100,3047,243760,80,0.8,301.53,1323,16337.04,TRUE,7/11/13,7/11/13,,5/9/13
105-GH-T30,FPQ-13872,SCMS-235790,ASN-26603,Ghana,PMO - US,Direct Drop,EXW,Air,ARV,Pediatric,Aurobindo Pharma Limited,"Efavirenz 50mg, capsule, 30 Caps",Efavirenz,Generic,50mg,Capsule,"Aurobindo Unit III, India",49435,30,33000,51480,1.56,0.05,52.92,2343,20464.55,TRUE,6/23/14,6/23/14,,5/7/14
116-ZA-T30,FPQ-11828,SCMS-183950,ASN-19166,South Africa,South Africa Field Office,Direct Drop,DDP,Truck,ARV,Pediatric,S. BUYS WHOLESALER,"Abacavir 20mg/ml [Ziagen], oral solution, Bottle, 240 ml",Abacavir,Ziagen,20mg/ml,Oral solution,GSK Mississauga (Canada),49436,240,42,870.41,20.72,0.09,1.08,,,FALSE,4/16/13,4/16/13,,
108-VN-T30,FPQ-13976,SCMS-236120,ASN-27809,Vietnam,PMO - US,Direct Drop,EXW,Air,ARV,Adult,HETERO LABS LIMITED,"Efavirenz/Lamivudine/Tenofovir Disoproxil Fumarate 600/300/300mg, tablets, 30 Tabs",Efavirenz/Lamivudine/Tenofovir Disoproxil Fumarate,Generic,600/300/300mg,Tablet - FDC,Hetero Unit III Hyderabad IN,49494,30,3096,32508,10.5,0.35,33.42,,,FALSE,9/16/14,9/16/14,,4/30/14
114-UG-T30,FPQ-10489,SCMS-159290,ASN-16575,Uganda,PMO - US,Direct Drop,CIP,Air,ARV,Adult,MERCK SHARP & DOHME IDEA GMBH (FORMALLY MERCK SHARP & DOHME B.V.),"Raltegravir 400mg [Isentress], tablets, 60 Tabs",Raltegravir,Isentress,400mg,Tablet,"MSD, Haarlem, NL",49498,60,390,21645,55.5,0.92,30.35,39,433,TRUE,10/5/12,10/5/12,,9/7/12
116-ZA-T30,FPQ-3560,SCMS-49630,ASN-5133,South Africa,PMO - US,Direct Drop,DDP,Truck,ARV,Adult,S. BUYS WHOLESALER,"Efavirenz 600mg, tablets, 30 Tabs",Efavirenz,Generic,600mg,Tablet,"Cipla, Goa, India",49529,30,29672,524304.06,17.67,0.59,1027.64,,,TRUE,9/10/09,9/10/09,,7/21/09
116-ZA-T30,FPQ-14942,SCMS-295800,ASN-33864,South Africa,PMO - US,Direct Drop,DDP,Truck,ARV,Adult,PHARMACY DIRECT,"Raltegravir 400mg [Isentress], tablets, 60 Tabs",Raltegravir,Isentress,400mg,Tablet,"MSD, Haarlem, NL",49535,60,12,789.03,65.75,1.1,0.81,,,FALSE,8/24/15,8/24/15,,8/24/15
103-SS-T30,FPQ-11497,SCMS-176740,ASN-18612,South Sudan,PMO - US,Direct Drop,EXW,Air,ARV,Pediatric,Aurobindo Pharma Limited,"Nevirapine 50mg, dispersible tablets (tablets for oral suspension), 30 Tabs",Nevirapine,Generic,50mg,Chewable/dispersible tablet,"Aurobindo Unit III, India",49540,30,625,781.25,1.25,0.04,0.97,34,1191.93,TRUE,5/23/13,5/23/13,,2/8/13
111-MZ-T30,FPQ-13395,SCMS-219210,ASN-24127,Mozambique,PMO - US,Direct Drop,EXW,Air,ARV,Adult,HETERO LABS LIMITED,"Lamivudine/Nevirapine/Zidovudine 150/200/300mg, tablets, 60 Tabs",Lamivudine/Nevirapine/Zidovudine,Generic,150/300/200mg,Tablet - FDC,Hetero Unit III Hyderabad IN,49585,60,250000,2027500,8.11,0.14,2084.27,34074,146734.84,TRUE,2/14/14,2/14/14,,12/17/13
116-ZA-T30,FPQ-12522,SCMS-199283,ASN-27976,South Africa,PMO - US,Direct Drop,DDP,Truck,ARV,Adult,S. BUYS WHOLESALER,"Abacavir 300mg, tablets, 60 Tabs",Abacavir,Generic,300mg,Tablet,"Aurobindo Unit III, India",49587,60,50,3857.34,77.15,1.29,4.77,,,FALSE,8/27/14,8/27/14,,8/27/14
116-ZA-T30,FPQ-4770,SCMS-60170,ASN-5933,South Africa,PMO - US,Direct Drop,DDP,Truck,ARV,Pediatric,S. BUYS WHOLESALER,"Didanosine 25mg [Videx], chewable tablets, 60 Tabs",Didanosine,Videx,25mg,Chewable/dispersible tablet,"BMS Meymac, France",49607,60,8,121.46,15.18,0.25,0.26,,,FALSE,12/29/09,12/29/09,,12/23/09
114-UG-T30,FPQ-12290,SCMS-192170,ASN-22706,Uganda,PMO - US,Direct Drop,CIP,Air,ARV,Adult,ASPEN PHARMACARE,"Darunavir 300mg [Prezista], tablets, 120 Tabs",Darunavir,Prezista,300mg,Tablet,"Aspen-OSD, Port Elizabeth, SA",49653,120,287,19114.2,66.6,0.55,23.64,,,FALSE,11/20/13,11/20/13,,7/3/13
116-ZA-T30,FPQ-13214,SCMS-215410,ASN-23875,South Africa,PMO - US,Direct Drop,DDP,Truck,ARV,Adult,S. BUYS WHOLESALER,"Zidovudine 300mg, tablets, 60 Tabs",Zidovudine,Generic,300mg,Tablet,"Aurobindo Unit III, India",49656,60,32,790.81,24.71,0.41,0.81,,,FALSE,1/13/14,1/13/14,,12/2/13
105-SS-T30,FPQ-15569,SCMS-272150,ASN-31765,South Sudan,PMO - US,Direct Drop,EXW,Air,HRDT,HIV test,"Trinity Biotech, Plc","HIV 1/2, Uni-Gold HIV Kit, 20 Tests","HIV 1/2, Uni-Gold HIV Kit",Uni-Gold,N/A,Test kit,"Trinity Biotech, Plc",49660,20,10,320,32,1.6,0.38,,,FALSE,7/25/15,7/25/15,,2/20/15
161-ZA-T30,FPQ-6262,SCMS-83770,ASN-9935,South Africa,PMO - US,Direct Drop,DDP,Ocean,ARV,Adult,Aurobindo Pharma Limited,"Zidovudine 300mg, tablets, 60 Tabs",Zidovudine,Generic,300mg,Tablet,"Aurobindo Unit III, India",49694,60,70030,513319.9,7.33,0.12,1106.72,3534,17919.41,TRUE,4/7/11,4/7/11,,9/24/10
105-SS-T30,FPQ-11539,SCMS-176930,ASN-19142,South Sudan,PMO - US,Direct Drop,EXW,Air,HRDT,HIV test - Ancillary,"Orgenics, Ltd","Chase Buffer, Determine, 100 Tests, 2.5ml x 1 Vial","Chase Buffer, Determine, 100 Tests, 2.5ml x 1 Vial",Determine,N/A,Test kit - Ancillary,"Alere Medical Co., Ltd.",49749,1,115,575,5,5,0.71,,,FALSE,7/20/13,7/20/13,,2/26/13
116-ZA-T30,FPQ-13973,SCMS-238555,ASN-29257,South Africa,PMO - US,Direct Drop,DDP,Truck,ARV,Adult,PHARMACY DIRECT,"Didanosine 250mg, delayed-release capsules, 30 Caps",Didanosine,Generic,250mg,Delayed-release capsules,"Aurobindo Unit III, India",49760,30,6,91.48,15.25,0.51,0.09,,,FALSE,11/5/14,11/5/14,,11/4/14
101-CD-T30,FPQ-16001,SCMS-280210,ASN-31750,"Congo, DRC",PMO - US,Direct Drop,EXW,Air,HRDT,HIV test,"Trinity Biotech, Plc","HIV 1/2, Uni-Gold HIV Kit, 20 Tests","HIV 1/2, Uni-Gold HIV Kit",Uni-Gold,N/A,Test kit,"Trinity Biotech, Plc",49765,20,9,288,32,1.6,0.34,,,FALSE,7/2/15,7/2/15,,3/16/15
116-ZA-T30,FPQ-15269,SCMS-267020,ASN-29764,South Africa,PMO - US,Direct Drop,DDP,Truck,ARV,Pediatric,S. BUYS WHOLESALER,"Abacavir 20mg/ml, oral solution, Bottle, 240 ml",Abacavir,Generic,20mg/ml,Oral solution,"Aurobindo Unit III, India",49796,240,191,4145.72,21.71,0.09,4.88,,,FALSE,12/10/14,12/10/14,,12/10/14
102-BI-T30,FPQ-12580,SCMS-199590,ASN-21813,Burundi,PMO - US,Direct Drop,EXW,Air,HRDT,HIV test,"Orgenics, Ltd","HIV 1/2, Determine Complete HIV Kit, 100 Tests","HIV 1/2, Determine Complete HIV Kit",Determine,N/A,Test kit,"Alere Medical Co., Ltd.",49829,100,2796,223680,80,0.8,276.69,1133,20572.96,TRUE,11/18/13,11/18/13,,7/31/13
105-SS-T30,FPQ-11539,SCMS-176931,ASN-20331,South Sudan,PMO - US,Direct Drop,EXW,Air,HRDT,HIV test,"Orgenics, Ltd","HIV 1/2, Determine Complete HIV Kit, 100 Tests","HIV 1/2, Determine Complete HIV Kit",Determine,N/A,Test kit,"Alere Medical Co., Ltd.",49832,100,250,22250,89,0.89,27.52,,,FALSE,9/20/13,9/20/13,,2/26/13
107-RW-T30,FPQ-8365,SCMS-126450,ASN-13722,Rwanda,PMO - US,Direct Drop,FCA,Air,ARV,Adult,ABBVIE LOGISTICS (FORMERLY ABBOTT LOGISTICS BV),"Ritonavir 100mg [Norvir], film coated tablets, 60 Tabs",Ritonavir,Norvir,100mg,Tablet,ABBVIE Ludwigshafen Germany,49837,60,110,753.5,6.85,0.11,1.24,43,1046.02,TRUE,2/27/12,2/27/12,,11/11/11
104-CI-T30,FPQ-3967,SCMS-52620,ASN-5580,Côte d'Ivoire,PMO - US,Direct Drop,CIP,Air,ARV,Adult,MERCK SHARP & DOHME IDEA GMBH (FORMALLY MERCK SHARP & DOHME B.V.),"Efavirenz/Emtricitabine/Tenofovir Disoproxil Fumarate 600/200/300mg [Atripla], tablets, 30 Tabs",Efavirenz/Emtricitabine/Tenofovir Disoproxil Fumarate,Atripla,600/200/300mg,Tablet - FDC,"MSD, Haarlem, NL",49859,30,6960,350784,50.4,1.68,687.54,,,TRUE,12/18/09,12/18/09,,9/25/09
106-HT-T30,FPQ-10944,SCMS-168390,ASN-17743,Haiti,PMO - US,Direct Drop,DAP,Air,HRDT,HIV test,REINBOLD EXPORT IMPORT,"HIV 1/2, Determine Complete HIV Kit, 100 Tests","HIV 1/2, Determine Complete HIV Kit",Determine,N/A,Test kit,"Alere Medical Co., Ltd.",49875,100,4000,466000,116.5,1.16,576.44,,,TRUE,12/20/12,12/20/12,,12/5/12
161-ZA-T30,FPQ-6708,SCMS-93560,ASN-11676,South Africa,PMO - US,Direct Drop,DDP,Ocean,ARV,Adult,Aurobindo Pharma Limited,"Tenofovir Disoproxil Fumarate 300mg, tablets, 30 Tabs",Tenofovir Disoproxil Fumarate,Generic,300mg,Tablet,"Aurobindo Unit III, India",49881,30,124312,826674.8,6.65,0.22,1364.01,11603,10748.8,TRUE,9/15/11,9/22/11,,12/14/10
103-MW-T30,FPQ-10790,SCMS-163900,ASN-19496,Malawi,PMO - US,Direct Drop,EXW,Ocean,ARV,Adult,MYLAN LABORATORIES LTD (FORMERLY MATRIX LABORATORIES),"Efavirenz/Lamivudine/Tenofovir Disoproxil Fumarate 600/300/300mg, tablets, 30 Tabs",Efavirenz/Lamivudine/Tenofovir Disoproxil Fumarate,Generic,600/300/300mg,Tablet - FDC,Mylan (formerly Matrix) Nashik,49907,30,60000,689400,11.49,0.38,852.79,6778,15020.21,TRUE,7/24/13,7/24/13,,10/31/12
108-VN-T30,FPQ-14516,SCMS-251670,ASN-29770,Vietnam,PMO - US,Direct Drop,EXW,Air,ARV,Adult,MYLAN LABORATORIES LTD (FORMERLY MATRIX LABORATORIES),"Lamivudine/Nevirapine/Zidovudine 150/200/300mg, tablets, 60 Tabs",Lamivudine/Nevirapine/Zidovudine,Generic,150/300/200mg,Tablet - FDC,Mylan (formerly Matrix) Nashik,49919,60,7000,56700,8.1,0.13,58.29,974,1069.31,TRUE,1/15/15,1/15/15,,8/8/14
104-CI-T30,FPQ-10764,SCMS-162873,ASN-21204,Côte d'Ivoire,PMO - US,Direct Drop,EXW,Air,HRDT,HIV test,BIO-RAD LABORATORIES (FRANCE),"HIV 1/2, Genie III Kit, 50 Tests","HIV 1/2, Genie III Kit",Genie,N/A,Test kit,Bio-Rad Laboratories,49926,50,900,81900,91,1.82,114.82,,,TRUE,6/24/13,6/24/13,,5/1/13
116-ZA-T30,FPQ-3560,SCMS-49680,ASN-5053,South Africa,PMO - US,Direct Drop,DDP,Truck,ARV,Pediatric,S. BUYS WHOLESALER,"Efavirenz 50mg, capsule, 30 Caps",Efavirenz,Generic,50mg,Capsule,"Aurobindo Unit III, India",49957,30,4910,18698.88,3.81,0.13,36.65,,,TRUE,8/5/09,8/5/09,,7/21/09
116-ZA-T30,FPQ-12522,SCMS-199280,ASN-24433,South Africa,PMO - US,Direct Drop,DDP,Truck,ARV,Pediatric,S. BUYS WHOLESALER,"Efavirenz 200mg, capsule, 90 Caps",Efavirenz,Generic,200mg,Capsule,"Aurobindo Unit III, India",50031,90,46,1196.97,26.02,0.29,1.48,,,FALSE,2/7/14,2/7/14,,8/13/13
116-ZA-T30,FPQ-4770,SCMS-60170,ASN-5933,South Africa,PMO - US,Direct Drop,DDP,Truck,ARV,Adult,S. BUYS WHOLESALER,"Didanosine EC 400mg [Videx EC], delayed-release capsules, Blister 3 x 10 Caps",Didanosine EC,Videx EC,400mg,Delayed-release capsules - blister,"BMS Meymac, France",50078,30,30,846.07,28.2,0.94,1.82,,,FALSE,12/29/09,12/29/09,,12/23/09
116-ZA-T30,FPQ-12522,SCMS-199283,ASN-27978,South Africa,PMO - US,Direct Drop,DDP,Truck,ARV,Adult,S. BUYS WHOLESALER,"Didanosine 250mg, delayed-release capsules, 30 Caps",Didanosine,Generic,250mg,Delayed-release capsules,"Aurobindo Unit III, India",50109,30,8,136.19,17.02,0.57,0.17,,,FALSE,8/27/14,8/27/14,,8/27/14
101-CD-T30,FPQ-14654,SCMS-253260,ASN-28279,"Congo, DRC",PMO - US,Direct Drop,EXW,Air,HRDT,HIV test,"Trinity Biotech, Plc","HIV 1/2, Uni-Gold HIV Kit, 20 Tests","HIV 1/2, Uni-Gold HIV Kit",Uni-Gold,N/A,Test kit,"Trinity Biotech, Plc",50220,20,70,2240,32,1.6,2.3,,,FALSE,11/4/14,11/4/14,,8/27/14
108-VN-T30,FPQ-5317,SCMS-69720,ASN-7237,Vietnam,PMO - US,Direct Drop,EXW,Air,ARV,Adult,MYLAN LABORATORIES LTD (FORMERLY MATRIX LABORATORIES),"Abacavir 300mg, tablets, 60 Tabs",Abacavir,Generic,300mg,Tablet,Mylan (formerly Matrix) Nashik,50231,60,151,2399.39,15.89,0.26,5.17,749,7488.39,TRUE,7/2/10,7/2/10,,3/29/10
113-ZW-T30,FPQ-15380,SCMS-266490,ASN-31132,Zimbabwe,PMO - US,Direct Drop,EXW,Air,HRDT,HIV test - Ancillary,"Orgenics, Ltd","Chase Buffer, Determine, 100 Tests, 2.5ml x 1 Vial","Chase Buffer, Determine, 100 Tests, 2.5ml x 1 Vial",Determine,N/A,Test kit - Ancillary,"Alere Medical Co., Ltd.",50235,1,6500,32500,5,5,38.25,,,FALSE,5/14/15,5/14/15,,1/26/15
108-VN-T30,FPQ-4265,SCMS-57130,ASN-6266,Vietnam,PMO - US,Direct Drop,EXW,Air,ARV,Adult,Aurobindo Pharma Limited,"Stavudine 30mg, capsules, 60 Caps",Stavudine,Generic,30mg,Capsule,"Aurobindo Unit III, India",50255,60,10416,15103.2,1.45,0.02,29.6,,,FALSE,3/19/10,3/19/10,,11/13/09
113-ZW-T30,FPQ-13939,SCMS-240580,ASN-27033,Zimbabwe,PMO - US,Direct Drop,EXW,Air Charter,ARV,Adult,Aurobindo Pharma Limited,"Lamivudine/Tenofovir Disoproxil Fumarate 300/300mg, tablets, 30 Tabs",Lamivudine/Tenofovir Disoproxil Fumarate,Generic,300/300mg,Tablet - FDC,"Aurobindo Unit VII, IN",50261,30,18000,83700,4.65,0.16,86.04,1764,13959.22,TRUE,7/23/14,7/22/14,,5/26/14
110-ZM-T30,FPQ-13479,SCMS-223510,ASN-24256,Zambia,PMO - US,Direct Drop,EXW,Air,ARV,Adult,MYLAN LABORATORIES LTD (FORMERLY MATRIX LABORATORIES),"Zidovudine 300mg, tablets, 60 Tabs",Zidovudine,Generic,300mg,Tablet,Mylan (formerly Matrix) Nashik,50287,60,6160,40040,6.5,0.11,41.16,356,2543.67,TRUE,2/14/14,2/14/14,,1/16/14
113-ZW-T30,FPQ-13939,SCMS-234770,ASN-26184,Zimbabwe,PMO - US,Direct Drop,EXW,Air Charter,ARV,Adult,HETERO LABS LIMITED,"Nevirapine 200mg, tablets, 60 Tabs",Nevirapine,Generic,200mg,Tablet,Hetero Unit III Hyderabad IN,50294,60,78000,170040,2.18,0.04,174.8,5163,41158.49,TRUE,6/14/14,6/14/14,,4/11/14
116-ZA-T30,FPQ-13973,SCMS-238555,ASN-29257,South Africa,PMO - US,Direct Drop,DDP,Truck,ARV,Adult,PHARMACY DIRECT,"Emtricitabine/Tenofovir Disoproxil Fumarate 200/300mg, tablets, 30 Tabs",Emtricitabine/Tenofovir Disoproxil Fumarate,Generic,200/300mg,Tablet - FDC,"Aurobindo Unit III, India",50301,30,11,332.32,30.21,1.01,0.34,,,FALSE,11/5/14,11/5/14,,11/4/14
114-UG-T30,FPQ-11153,SCMS-177120,ASN-18910,Uganda,PMO - US,Direct Drop,EXW,Air,ARV,Pediatric,MICRO LABS LIMITED,"Efavirenz 50mg, capsule, 30 Caps",Efavirenz,Generic,50mg,Capsule,"Micro labs, Verna, Goa, India",50309,30,168,336,2,0.07,0.42,8,1021.34,TRUE,4/10/13,4/10/13,,2/7/13
161-ZA-T30,FPQ-6708,SCMS-93630,ASN-9855,South Africa,PMO - US,Direct Drop,DDP,Ocean,ARV,Adult,CIPLA LIMITED,"Tenofovir Disoproxil Fumarate 300mg, tablets, 30 Tabs",Tenofovir Disoproxil Fumarate,Generic,300mg,Tablet,"Cipla, Goa, India",50314,30,82500,565950,6.86,0.23,933.82,5624,7378.63,TRUE,4/4/11,4/4/11,,12/6/10
133-NG-T30,FPQ-4069,SCMS-51080,ASN-5104,Nigeria,PMO - US,Direct Drop,EXW,Air,HRDT,HIV test,"Orgenics, Ltd","HIV 1/2, Determine Complete HIV Kit, 100 Tests","HIV 1/2, Determine Complete HIV Kit",Determine,N/A,Test kit,Inverness Japan,50316,100,4817,385360,80,0.8,755.31,2305,43338.93,TRUE,11/16/09,11/16/09,,8/7/09
900-SZ-T30,FPQ-8386,SCMS-124160,ASN-13367,Swaziland,PMO - US,Direct Drop,EXW,Air,ARV,Adult,Aurobindo Pharma Limited,"Lamivudine/Zidovudine+Efavirenz 150/300mg+600mg, tablets, co-blister 60+30 Tabs",Lamivudine/Zidovudine+Efavirenz,Generic,150/300mg+600mg,Tablet - FDC + co-blister,"Aurobindo Unit III, India",50345,90,20000,272000,13.6,0.15,448.8,3295,17214.74,TRUE,2/6/12,2/6/12,,10/5/11
116-ZA-T30,FPQ-13035,SCMS-215370,ASN-24415,South Africa,PMO - US,Direct Drop,DDP,Truck,ARV,Adult,S. BUYS WHOLESALER,"Didanosine 400mg, delayed-release capsules, 30 Caps",Didanosine,Generic,400mg,Delayed-release capsules,"Aurobindo Unit III, India",50380,30,58,1068.21,18.42,0.61,1.32,,,FALSE,2/6/14,2/6/14,,12/2/13
109-TZ-T30,FPQ-7992,SCMS-117230,ASN-13952,Tanzania,PMO - US,Direct Drop,FCA,Air,ARV,Pediatric,LAWRENCE LABORATORIES (SUBSIDIARY OF BRISTOL MYERS SQUIBB),"Didanosine 25mg [Videx], chewable tablets, 60 Tabs",Didanosine,Videx,25mg,Chewable/dispersible tablet,Bristol-Myers Squibb Anagni IT,50383,60,3000,21000,7,0.12,34.65,,,FALSE,3/29/12,3/29/12,,8/4/11
116-ZA-T30,FPQ-14942,SCMS-259073,ASN-30671,South Africa,PMO - US,Direct Drop,DDP,Truck,ARV,Adult,PHARMACY DIRECT,"Didanosine 400mg, delayed-release capsules, 30 Caps",Didanosine,Generic,400mg,Delayed-release capsules,"Aurobindo Unit III, India",50438,30,6,85.3,14.22,0.47,0.09,,,FALSE,2/12/15,2/12/15,,2/12/15
107-RW-T30,FPQ-3859,SCMS-48830,ASN-5409,Rwanda,PMO - US,Direct Drop,CIP,Air,ARV,Adult,Aurobindo Pharma Limited,"Tenofovir Disoproxil Fumarate 300mg, tablets, 30 Tabs",Tenofovir Disoproxil Fumarate,Generic,300mg,Tablet,"Aurobindo Unit III, India",50483,30,250,2.5,0.01,0,0,24,280.23,TRUE,11/19/09,11/19/09,,7/16/09
116-ZA-T30,FPQ-15269,SCMS-267020,ASN-29764,South Africa,PMO - US,Direct Drop,DDP,Truck,ARV,Pediatric,S. BUYS WHOLESALER,"Lamivudine 10mg/ml, oral solution, Bottle, 240 ml",Lamivudine,Generic,10mg/ml,Oral solution,"Aurobindo Unit III, India",50498,240,36,228.01,6.33,0.03,0.27,,,FALSE,12/10/14,12/10/14,,12/10/14
106-HT-T30,FPQ-13494,SCMS-225412,ASN-26564,Haiti,PMO - US,Direct Drop,EXW,Air,HRDT,HIV test,"Orgenics, Ltd","HIV 1/2, Determine Complete HIV Kit, 100 Tests","HIV 1/2, Determine Complete HIV Kit",Determine,N/A,Test kit,"Alere Medical Co., Ltd.",50514,100,4500,450000,100,1,462.6,1825,17758.82,TRUE,8/7/14,8/7/14,,2/19/14
116-ZA-T30,FPQ-4359,SCMS-55000,ASN-5349,South Africa,PMO - US,Direct Drop,DDP,Truck,ARV,Pediatric,S. BUYS WHOLESALER,"Lopinavir/Ritonavir 80/20mg/ml [Kaletra], oral solution, cool, Bottle 5 x 60 ml",Lopinavir/Ritonavir,Kaletra,80/20mg/ml,Oral solution,ABBVIE (Abbott) Logis. UK,50524,300,100,4835.18,48.35,0.16,9.48,,,TRUE,10/19/09,10/19/09,,10/15/09
110-ZM-T30,FPQ-7439,SCMS-106740,ASN-11400,Zambia,PMO - US,Direct Drop,EXW,Air,HRDT,HIV test,"Orgenics, Ltd","HIV 1/2, Determine Complete HIV Kit, 100 Tests","HIV 1/2, Determine Complete HIV Kit",Determine,N/A,Test kit,Inverness Japan,50581,100,2835,226800,80,0.8,374.22,1094,24400.67,TRUE,7/22/11,7/25/11,,4/21/11
106-HT-T30,FPQ-4406,SCMS-57150,ASN-5587,Haiti,PMO - US,Direct Drop,EXW,Air,ARV,Adult,Aurobindo Pharma Limited,"Lopinavir/Ritonavir 200/50mg, tablets, 120 Tabs",Lopinavir/Ritonavir,Generic,200/50mg,Tablet,"Aurobindo Unit III, India",50607,120,740,27750,37.5,0.31,59.83,203,2228.92,TRUE,12/17/09,12/17/09,,11/19/09
108-VN-T30,FPQ-4265,SCMS-56300,ASN-6250,Vietnam,PMO - US,Direct Drop,EXW,Air,ARV,Adult,MYLAN LABORATORIES LTD (FORMERLY MATRIX LABORATORIES),"Tenofovir Disoproxil Fumarate 300mg, tablets, 30 Tabs",Tenofovir Disoproxil Fumarate,Generic,300mg,Tablet,Mylan (formerly Matrix) Nashik,50613,30,1680,12600,7.5,0.25,24.7,,,FALSE,3/20/10,3/20/10,,11/3/09
116-ZA-T30,FPQ-13973,SCMS-238552,ASN-27608,South Africa,PMO - US,Direct Drop,DDP,Truck,ARV,Pediatric,PHARMACY DIRECT,"Atazanavir 150mg [Reyataz], capsules, 60 Caps",Atazanavir,Reyataz,150mg,Capsule,"BMS Evansville, US",50626,60,6,132.03,22,0.37,0.14,,,FALSE,8/5/14,8/5/14,,8/5/14
116-ZA-T30,FPQ-13973,SCMS-238556,ASN-31854,South Africa,PMO - US,Direct Drop,DDP,Truck,ARV,Adult,PHARMACY DIRECT,"Zidovudine 300mg, tablets, 60 Tabs",Zidovudine,Generic,300mg,Tablet,"Aurobindo Unit III, India",50636,60,7,174.67,24.95,0.42,0.18,,,FALSE,4/28/15,4/28/15,,4/28/15
110-ZM-T30,FPQ-6263,SCMS-87280,ASN-8630,Zambia,PMO - US,Direct Drop,EXW,Air,HRDT,HIV test,"Trinity Biotech, Plc","HIV 1/2, Uni-Gold HIV Kit, 20 Tests","HIV 1/2, Uni-Gold HIV Kit",Uni-Gold,N/A,Test kit,"Trinity Biotech, Plc",50662,20,7000,224000,32,1.6,482.94,2304,33525.96,TRUE,11/23/10,11/23/10,,10/7/10
104-CI-T30,FPQ-3967,SCMS-52640,ASN-5258,Côte d'Ivoire,PMO - US,Direct Drop,FCA,Air,ARV,Adult,ABBVIE LOGISTICS (FORMERLY ABBOTT LOGISTICS BV),"Lopinavir/Ritonavir 200/50mg [Aluvia], tablets, 120 Tabs",Lopinavir/Ritonavir,Aluvia,200/50mg,Tablet,ABBVIE Ludwigshafen Germany,50665,120,10560,381849.6,36.16,0.3,748.43,2598,15873.33,TRUE,11/6/09,11/6/09,,9/11/09
116-ZA-T30,FPQ-11828,SCMS-183950,ASN-19166,South Africa,South Africa Field Office,Direct Drop,DDP,Truck,ARV,Adult,S. BUYS WHOLESALER,"Zidovudine 300mg [Retrovir], tablets, 60 Tabs",Zidovudine,Retrovir,300mg,Tablet,GSK Aranda,50706,60,2,31.73,15.86,0.26,0.04,,,FALSE,4/16/13,4/16/13,,
119-NA-T30,FPQ-7007,SCMS-98330,ASN-9834,Namibia,PMO - US,Direct Drop,EXW,Air,HRDT,HIV test,"Trinity Biotech, Plc","HIV 1/2, Uni-Gold HIV Kit, 20 Tests","HIV 1/2, Uni-Gold HIV Kit",Uni-Gold,N/A,Test kit,"Trinity Biotech, Plc",50723,20,520,16640,32,1.6,27.46,177,3496.34,TRUE,3/15/11,3/15/11,,2/2/11
106-HT-T30,FPQ-9066,SCMS-138600,ASN-15150,Haiti,PMO - US,Direct Drop,FCA,Air,ARV,Pediatric,LAWRENCE LABORATORIES (SUBSIDIARY OF BRISTOL MYERS SQUIBB),"Didanosine 25mg [Videx], chewable tablets, 60 Tabs",Didanosine,Videx,25mg,Chewable/dispersible tablet,Bristol-Myers Squibb Anagni IT,50730,60,120,840,7,0.12,1.18,26,575.17,TRUE,6/13/12,6/13/12,,2/24/12
161-ZA-T30,FPQ-5648,SCMS-75750,ASN-9483,South Africa,PMO - US,Direct Drop,DDP,Ocean,ARV,Adult,Aurobindo Pharma Limited,"Efavirenz 600mg, tablets, 30 Tabs",Efavirenz,Generic,600mg,Tablet,"Aurobindo Unit III, India",50739,30,120,541.2,4.51,0.15,1.17,10,19518.98,TRUE,2/1/11,3/4/11,,6/17/10
103-ML-T30,FPQ-15006,SCMS-260740,ASN-30241,Mali,PMO - US,Direct Drop,EXW,Air,HRDT,HIV test,"Orgenics, Ltd","HIV 1/2, Determine Complete HIV Kit, 100 Tests","HIV 1/2, Determine Complete HIV Kit",Determine,N/A,Test kit,"Alere Medical Co., Ltd.",50752,100,150,12000,80,0.8,12.34,66,2572.91,TRUE,2/18/15,2/18/15,,11/19/14
161-ZA-T30,FPQ-7175,SCMS-104050,ASN-12190,South Africa,PMO - US,Direct Drop,DDP,Ocean,ARV,Adult,CIPLA LIMITED,"Tenofovir Disoproxil Fumarate 300mg, tablets, 30 Tabs",Tenofovir Disoproxil Fumarate,Generic,300mg,Tablet,"Cipla, Goa, India",50754,30,112595,728489.6,6.47,0.22,1202.01,7991,9972.68,TRUE,12/9/11,12/9/11,,3/28/11
106-HT-T30,FPQ-11442,SCMS-177180,ASN-18919,Haiti,PMO - US,Direct Drop,EXW,Ocean,ARV,Adult,Aurobindo Pharma Limited,"Abacavir 300mg, tablets, 60 Tabs",Abacavir,Generic,300mg,Tablet,"Aurobindo Unit III, India",50755,60,2160,24840,11.5,0.19,30.73,,,FALSE,8/7/13,8/7/13,,3/11/13
109-TZ-T30,FPQ-4157,SCMS-52770,ASN-5791,Tanzania,PMO - US,Direct Drop,EXW,Air,HRDT,HIV test,"Standard Diagnostics, Inc.","HIV 1/2, Bioline 3.0 Kit, (no accessories), 30 Tests","HIV 1/2, Bioline 3.0 Kit (no accessories)",Bioline,N/A,Test kit,"Standard Diagnostics, Korea",50758,30,11990,287760,24,0.8,564.01,3997,28620.81,TRUE,2/10/10,2/10/10,,9/3/09
106-HT-T30,FPQ-14083,SCMS-240191,ASN-27659,Haiti,PMO - US,Direct Drop,EXW,Ocean,ARV,Pediatric,Aurobindo Pharma Limited,"Lamivudine 10mg/ml, oral solution, Bottle, 240 ml",Lamivudine,Generic,10mg/ml,Oral solution,"Aurobindo Unit III, India",50798,240,1650,2359.5,1.43,0.01,2.43,,,FALSE,10/28/14,10/28/14,,6/26/14
109-TZ-T30,FPQ-13048,SCMS-212160,ASN-22844,Tanzania,PMO - US,Direct Drop,EXW,Air,ARV,Adult,Aurobindo Pharma Limited,"Zidovudine 300mg, tablets, 60 Tabs",Zidovudine,Generic,300mg,Tablet,"Aurobindo Unit III, India",50802,60,11500,62445,5.43,0.09,77.24,632,4168.19,TRUE,12/31/13,12/31/13,,10/28/13
107-RW-T30,FPQ-10223,SCMS-152980,ASN-16610,Rwanda,PMO - US,Direct Drop,EXW,Ocean,ARV,Adult,HETERO LABS LIMITED,"Lamivudine/Nevirapine/Stavudine 150/200/30mg, tablets, 60 Tabs",Lamivudine/Nevirapine/Stavudine,Generic,150/200/30mg,Tablet - FDC,Hetero Unit III Hyderabad IN,50876,60,63410,278369.9,4.39,0.07,390.27,6589,17075.43,TRUE,1/11/13,1/11/13,,7/16/12
161-ZA-T30,FPQ-6708,SCMS-93470,ASN-11007,South Africa,PMO - US,Direct Drop,DDP,Air,ARV,Pediatric,GLAXOSMITHKLINE EXPORT LIMITED,"Abacavir 20mg/ml [Ziagen], oral solution, Bottle, 240 ml",Abacavir,Ziagen,20mg/ml,Oral solution,GSK Mississauga (Canada),50893,240,32000,320640,10.02,0.04,529.06,12374,11865.62,TRUE,7/11/11,7/11/11,,12/14/10
114-UG-T30,FPQ-13816,SCMS-231340,ASN-26447,Uganda,PMO - US,Direct Drop,EXW,Air,HRDT,HIV test,"Orgenics, Ltd","HIV 1/2, Determine Complete HIV Kit, 100 Tests","HIV 1/2, Determine Complete HIV Kit",Determine,N/A,Test kit,"Alere Medical Co., Ltd.",50901,100,6000,480000,80,0.8,493.44,2432,23178.68,TRUE,6/14/14,6/14/14,,3/19/14
102-BI-T30,FPQ-15186,SCMS-260840,ASN-33517,Burundi,PMO - US,Direct Drop,EXW,Air,HRDT,HIV test,"Orgenics, Ltd","HIV 1/2, Determine Complete HIV Kit, 100 Tests","HIV 1/2, Determine Complete HIV Kit",Determine,N/A,Test kit,"Alere Medical Co., Ltd.",50907,100,2018,161440,80,0.8,190.01,,,TRUE,8/21/15,8/21/15,,11/12/14
106-HT-T30,FPQ-15038,SCMS-262980,ASN-30463,Haiti,PMO - US,Direct Drop,EXW,Ocean,ARV,Adult,HETERO LABS LIMITED,"Lamivudine/Zidovudine 150/300mg, tablets, 60 Tabs",Lamivudine/Zidovudine,Generic,150/300mg,Tablet - FDC,Hetero Unit III Hyderabad IN,50910,60,31806,210237.66,6.61,0.11,216.12,,,FALSE,4/9/15,4/9/15,,1/7/15
107-RW-T30,FPQ-6341,SCMS-84960,ASN-9369,Rwanda,PMO - US,Direct Drop,EXW,Ocean,ARV,Adult,HETERO LABS LIMITED,"Nevirapine 200mg, tablets, 60 Tabs",Nevirapine,Generic,200mg,Tablet,Hetero Unit III Hyderabad IN,50918,60,206475,501734.25,2.43,0.04,1081.74,12077,19328.36,TRUE,3/1/11,3/1/11,,9/28/10
116-ZA-T30,FPQ-12522,SCMS-199289,ASN-28037,South Africa,PMO - US,Direct Drop,DDP,Truck,ARV,Adult,S. BUYS WHOLESALER,"Abacavir 300mg, tablets, 60 Tabs",Abacavir,Generic,300mg,Tablet,"Aurobindo Unit III, India",50968,60,91,6925.86,76.11,1.27,8.57,,,FALSE,8/29/14,8/29/14,,8/29/14
106-HT-T30,FPQ-9066,SCMS-138620,ASN-14952,Haiti,PMO - US,Direct Drop,EXW,Air,ARV,Pediatric,CIPLA LIMITED,"Lamivudine/Stavudine 30/6mg, dispersible tablets, 60 Tabs",Lamivudine/Stavudine,Generic,30/6mg,Chewable/dispersible tablet - FDC,"Cipla, Goa, India",50971,60,408,775.2,1.9,0.03,1.09,26,304.63,TRUE,6/12/12,6/12/12,,2/24/12
107-RW-T30,FPQ-6186,SCMS-83351,ASN-9598,Rwanda,PMO - US,Direct Drop,CIP,Air,ARV,Adult,MYLAN LABORATORIES LTD (FORMERLY MATRIX LABORATORIES),"Efavirenz/Lamivudine/Tenofovir Disoproxil Fumarate 600/300/300mg, tablets, 30 Tabs",Efavirenz/Lamivudine/Tenofovir Disoproxil Fumarate,Generic,600/300/300mg,Tablet - FDC,Mylan (formerly Matrix) Nashik,50976,30,5244,91665.12,17.48,0.58,197.63,,,TRUE,1/28/11,1/28/11,,9/28/10
105-SS-T30,FPQ-14470,SCMS-245260,ASN-29409,South Sudan,PMO - US,Direct Drop,EXW,Air,HRDT,HIV test - Ancillary,"Orgenics, Ltd","Capillary Tubes, for Determine, EDTA, 50uL,100 Pcs","HIV, Capillary Tubes, for Determine, EDTA, 50uL,100 Pcs",Determine,N/A,Test kit - Ancillary,"Alere Medical Co., Ltd.",50985,100,115,920,8,0.08,0.95,,,FALSE,12/22/14,12/22/14,,6/30/14
133-NG-T30,FPQ-15504,SCMS-270770,ASN-31786,Nigeria,PMO - US,Direct Drop,EXW,Air,HRDT,HIV test,"Orgenics, Ltd","HIV 1/2, Determine Complete HIV Kit, 100 Tests","HIV 1/2, Determine Complete HIV Kit",Determine,N/A,Test kit,"Alere Medical Co., Ltd.",51016,100,6360,566040,89,0.89,666.23,2579,28759.53,TRUE,5/7/15,5/7/15,,3/13/15
133-NG-T30,FPQ-12456,SCMS-196561,ASN-22345,Nigeria,PMO - US,Direct Drop,EXW,Air,HRDT,HIV test,"Orgenics, Ltd","HIV 1/2, Determine Complete HIV Kit, 100 Tests","HIV 1/2, Determine Complete HIV Kit",Determine,N/A,Test kit,"Alere Medical Co., Ltd.",51034,100,898,79922,89,0.89,98.86,364,6522.64,TRUE,11/7/13,11/7/13,,7/10/13
108-VN-T30,FPQ-10643,SCMS-160980,ASN-17428,Vietnam,PMO - US,Direct Drop,EXW,Air,ARV,Adult,Aurobindo Pharma Limited,"Nevirapine 200mg, tablets, 60 Tabs",Nevirapine,Generic,200mg,Tablet,"Aurobindo Unit III, India",51046,60,15945,35876.25,2.25,0.04,50.3,1479,5180.86,TRUE,12/26/12,12/26/12,,9/24/12
161-ZA-T30,FPQ-5648,SCMS-75660,ASN-9113,South Africa,PMO - US,Direct Drop,DDP,Ocean,ARV,Adult,Aurobindo Pharma Limited,"Efavirenz 600mg, tablets, 30 Tabs",Efavirenz,Generic,600mg,Tablet,"Aurobindo Unit III, India",51063,30,9572,43169.72,4.51,0.15,93.07,,,TRUE,10/12/10,2/1/11,,6/17/10
116-ZA-T30,FPQ-13035,SCMS-215370,ASN-24415,South Africa,PMO - US,Direct Drop,DDP,Truck,ARV,Adult,S. BUYS WHOLESALER,"Efavirenz 600mg, tablets, 30 Tabs",Efavirenz,Generic,600mg,Tablet,"Cipla, Goa, India",51073,30,757,11261.49,14.88,0.5,13.93,,,FALSE,2/6/14,2/6/14,,12/2/13
108-VN-T30,FPQ-6384,SCMS-87760,ASN-9568,Vietnam,PMO - US,Direct Drop,EXW,Air,ARV,Adult,MYLAN LABORATORIES LTD (FORMERLY MATRIX LABORATORIES),"Abacavir 300mg, tablets, 60 Tabs",Abacavir,Generic,300mg,Tablet,Mylan (formerly Matrix) Nashik,51098,60,540,8100,15,0.25,17.46,,,FALSE,2/28/11,2/28/11,,10/14/10
104-CI-T30,FPQ-12688,SCMS-201220,ASN-22164,Côte d'Ivoire,PMO - US,Direct Drop,EXW,Air,HRDT,HIV test,"Orgenics, Ltd","HIV 1/2, Determine Complete HIV Kit, 100 Tests","HIV 1/2, Determine Complete HIV Kit",Determine,N/A,Test kit,"Alere Medical Co., Ltd.",51134,100,1800,144000,80,0.8,178.13,730,10351.26,TRUE,11/7/13,11/7/13,,8/6/13
108-VN-T30,FPQ-6384,SCMS-87730,ASN-9118,Vietnam,PMO - US,Direct Drop,EXW,Air,ARV,Adult,STRIDES ARCOLAB LIMITED,"Lamivudine/Nevirapine/Zidovudine 150/200/300mg, tablets, 60 Tabs",Lamivudine/Nevirapine/Zidovudine,Generic,150/300/200mg,Tablet - FDC,"Strides, Bangalore, India.",51148,60,25000,275000,11,0.18,592.9,,,FALSE,12/22/10,12/22/10,,10/15/10
106-HT-T30,FPQ-4822,SCMS-63790,ASN-6064,Haiti,PMO - US,Direct Drop,EXW,Air,HRDT,HIV test,Orasure Technologies Inc.,"HIV 1/2, OraQuick Advance HIV Rapid Antibody Kit, 100 Tests","HIV 1/2, OraQuick Advance HIV Rapid Antibody Kit",OraQuick,N/A,Test kit,"Pacific Biotech, Thailand",51155,100,100,35000,350,3.5,75.46,240,5362.39,TRUE,3/2/10,3/2/10,,1/21/10
110-ZM-T30,FPQ-11390,SCMS-173910,ASN-18339,Zambia,PMO - US,Direct Drop,EXW,Air,HRDT,HIV test,"Trinity Biotech, Plc","HIV 1/2, Uni-Gold HIV Kit, 20 Tests","HIV 1/2, Uni-Gold HIV Kit",Uni-Gold,N/A,Test kit,"Trinity Biotech, Plc",51165,20,10500,336000,32,1.6,415.63,3445,39662.72,TRUE,3/15/13,3/15/13,,1/23/13
133-NG-T30,FPQ-4891,SCMS-64780,ASN-6619,Nigeria,PMO - US,Direct Drop,EXW,Air,HRDT,HIV test,"Orgenics, Ltd","HIV 1/2, Determine Complete HIV Kit, 100 Tests","HIV 1/2, Determine Complete HIV Kit",Determine,N/A,Test kit,Inverness Japan,51175,100,2685,214800,80,0.8,463.11,1284,21821.97,TRUE,5/5/10,5/5/10,,2/5/10
200-ZW-T30,FPQ-6488,SCMS-90690,ASN-13956,Zimbabwe,PMO - US,Direct Drop,FCA,Air,ARV,Pediatric,ABBVIE LOGISTICS (FORMERLY ABBOTT LOGISTICS BV),"Lopinavir/Ritonavir 80/20mg/ml [Kaletra], oral solution, cool, Bottle 5 x 60 ml",Lopinavir/Ritonavir,Kaletra,80/20mg/ml,Oral solution,ABBVIE (Abbott) Logis. UK,51217,300,1251,38555.82,30.82,0.1,83.13,1254,54424.24,TRUE,4/2/12,4/2/12,,11/10/10
116-ZA-T30,FPQ-13973,SCMS-238573,ASN-29122,South Africa,PMO - US,Direct Drop,DDP,Truck,ARV,Pediatric,PHARMACY DIRECT,"Lopinavir/Ritonavir 80/20mg/ml [Kaletra], oral solution, cool, Bottle 5 x 60 ml",Lopinavir/Ritonavir,Kaletra,80/20mg/ml,Oral solution,ABBVIE (Abbott) Logis. UK,51225,300,4,88.27,22.07,0.07,0.09,,,TRUE,10/29/14,10/29/14,,10/29/14
108-VN-T30,FPQ-15087,SCMS-261460,ASN-30940,Vietnam,PMO - US,Direct Drop,EXW,Air,ARV,Adult,HETERO LABS LIMITED,"Lamivudine 150mg, tablets, 60 Tabs",Lamivudine,Generic,150mg,Tablet,Hetero Unit III Hyderabad IN,51233,60,9400,16920,1.8,0.03,19.91,1030,1593.67,TRUE,3/31/15,3/31/15,,10/30/14
133-NG-T30,FPQ-10765,SCMS-162440,ASN-18601,Nigeria,PMO - US,Direct Drop,EXW,Air,HRDT,HIV test,"Orgenics, Ltd","HIV 1/2, Determine Complete HIV Kit, 100 Tests","HIV 1/2, Determine Complete HIV Kit",Determine,N/A,Test kit,"Alere Medical Co., Ltd.",51267,100,2887,256943,89,0.89,360.23,1247,26859.39,TRUE,1/9/13,4/2/13,,10/16/12
133-NG-T30,FPQ-10765,SCMS-162440,ASN-17646,Nigeria,PMO - US,Direct Drop,EXW,Air,HRDT,HIV test,"Orgenics, Ltd","HIV 1/2, Determine Complete HIV Kit, 100 Tests","HIV 1/2, Determine Complete HIV Kit",Determine,N/A,Test kit,"Alere Medical Co., Ltd.",51268,100,2744,244216,89,0.89,342.39,1235,25577.15,TRUE,1/9/13,1/17/13,,10/16/12
108-VN-T30,FPQ-11418,SCMS-176180,ASN-19098,Vietnam,PMO - US,Direct Drop,EXW,Air,ARV,Pediatric,Aurobindo Pharma Limited,"Zidovudine 10mg/ml, oral solution w/syringe, Bottle, 240 ml",Zidovudine,Generic,10mg/ml,Oral solution,"Aurobindo Unit III, India",51275,240,471,989.1,2.1,0.01,1.22,,,FALSE,5/22/13,5/22/13,,2/5/13
106-HT-T30,FPQ-11443,SCMS-180990,ASN-20370,Haiti,PMO - US,Direct Drop,EXW,Air,ARV,Pediatric,STRIDES ARCOLAB LIMITED,"Lamivudine/Nevirapine/Zidovudine 30/50/60mg, dispersible tablets, 60 Tabs",Lamivudine/Nevirapine/Zidovudine,Generic,30/50/60mg,Chewable/dispersible tablet - FDC,"Strides, Bangalore, India.",51340,60,4095,16380,4,0.07,20.26,176,3456.02,TRUE,7/24/13,7/24/13,,3/22/13
116-ZA-T30,FPQ-15269,SCMS-267020,ASN-29764,South Africa,PMO - US,Direct Drop,DDP,Truck,ARV,Adult,S. BUYS WHOLESALER,"Lopinavir/Ritonavir 200/50mg [Aluvia], tablets, 120 Tabs",Lopinavir/Ritonavir,Aluvia,200/50mg,Tablet,ABBVIE Ludwigshafen Germany,51346,120,47,971.91,20.68,0.17,1.14,,,FALSE,12/10/14,12/10/14,,12/10/14
117-ET-T30,FPQ-9209,SCMS-134730,ASN-14232,Ethiopia,PMO - US,Direct Drop,EXW,Air,HRDT,HIV test,"SHANGHAI KEHUA BIOENGINEERING CO.,LTD.  (KHB)","HIV 1/2, SKB Colloidal Gold, Diagnostic Kit, Antibody, 50 Tests","HIV 1/2, Colloidal Gold, Diagnostic Kit, Antibody",Colloidal Gold,N/A,Test kit,"KHB Test Kit Facility, Shanghai China",51380,1,1100,26950,24.5,24.5,37.78,780,7655.99,TRUE,4/2/12,4/2/12,,1/23/12
161-ZA-T30,FPQ-5648,SCMS-75650,ASN-9933,South Africa,PMO - US,Direct Drop,DDP,Ocean,ARV,Pediatric,Aurobindo Pharma Limited,"Lamivudine 10mg/ml, oral solution w/syringe, Bottle, 240 ml",Lamivudine,Generic,10mg/ml,Oral solution,"Aurobindo Unit III, India",51396,240,11640,24676.8,2.12,0.01,53.2,,,TRUE,3/17/11,3/17/11,,6/17/10
116-ZA-T30,FPQ-11828,SCMS-183950,ASN-19166,South Africa,South Africa Field Office,Direct Drop,DDP,Truck,ARV,Adult,S. BUYS WHOLESALER,"Lamivudine/Zidovudine 150/300mg, tablets, 60 Tabs",Lamivudine/Zidovudine,Generic,150/300mg,Tablet - FDC,"Cipla, Goa, India",51397,60,6658,94179.41,14.15,0.24,116.5,,,FALSE,4/16/13,4/16/13,,
133-NG-T30,FPQ-8117,SCMS-118190,ASN-12878,Nigeria,PMO - US,Direct Drop,EXW,Air,HRDT,HIV test,"Orgenics, Ltd","HIV 1/2, Determine Complete HIV Kit, 100 Tests","HIV 1/2, Determine Complete HIV Kit",Determine,N/A,Test kit,"Alere Medical Co., Ltd.",51408,100,2891,257299,89,0.89,424.54,1378,32667.09,TRUE,12/19/11,12/9/11,,8/15/11
106-HT-T30,FPQ-15038,SCMS-262910,ASN-30183,Haiti,PMO - US,Direct Drop,EXW,Ocean,ARV,Adult,Aurobindo Pharma Limited,"Efavirenz 600mg, tablets, 30 Tabs",Efavirenz,Generic,600mg,Tablet,"Aurobindo Unit VII, IN",51410,30,39554,130528.2,3.3,0.11,134.18,3823,11051.22,TRUE,3/13/15,3/13/15,,12/24/14
116-ZA-T30,FPQ-13973,SCMS-238552,ASN-27606,South Africa,PMO - US,Direct Drop,DDP,Truck,ARV,Adult,PHARMACY DIRECT,"Lamivudine 150mg, tablets, 60 Tabs",Lamivudine,Generic,150mg,Tablet,"Aurobindo Unit III, India",51432,60,73,667.44,9.14,0.15,0.69,,,FALSE,8/5/14,8/5/14,,8/5/14
103-CM-T30,FPQ-10128,SCMS-151600,ASN-16107,Cameroon,PMO - US,Direct Drop,EXW,Air,HRDT,HIV test - Ancillary,"Orgenics, Ltd","Chase Buffer, Determine, 100 Tests, 2.5ml x 1 Vial","Chase Buffer, Determine, 100 Tests, 2.5ml x 1 Vial",Determine,N/A,Test kit - Ancillary,"Alere Medical Co., Ltd.",51435,1,50,250,5,5,0.35,,,FALSE,9/10/12,9/10/12,,7/16/12
113-ZW-T30,FPQ-13032,SCMS-210170,ASN-22818,Zimbabwe,PMO - US,Direct Drop,EXW,Air,HRDT,HIV test,"Orgenics, Ltd","HIV 1/2, Determine Complete HIV Kit, 100 Tests","HIV 1/2, Determine Complete HIV Kit",Determine,N/A,Test kit,"Alere Medical Co., Ltd.",51440,100,2000,160000,80,0.8,197.92,,,FALSE,12/9/13,12/9/13,,10/18/13
102-BW-T30,FPQ-5353,SCMS-77130,ASN-7693,Botswana,PMO - US,Direct Drop,EXW,Air,HRDT,HIV test,"Trinity Biotech, Plc","HIV 1/2, Uni-Gold HIV Kit, 20 Tests","HIV 1/2, Uni-Gold HIV Kit",Uni-Gold,N/A,Test kit,"Trinity Biotech, Plc",51452,20,50,1600,32,1.6,3.45,26,659.27,TRUE,8/25/10,8/25/10,,6/23/10
116-ZA-T30,FPQ-12522,SCMS-199289,ASN-28034,South Africa,PMO - US,Direct Drop,DDP,Truck,ARV,Adult,S. BUYS WHOLESALER,"Zidovudine 300mg, tablets, 60 Tabs",Zidovudine,Generic,300mg,Tablet,Mylan (formerly Matrix) Nashik,51467,60,18,488,27.11,0.45,0.6,,,FALSE,8/29/14,8/29/14,,8/29/14
A02-SN-T50,FPQ-15907,SCMS-286880,ASN-32670,Senegal,PMO - US,Direct Drop,EXW,Air,ARV,Adult,HETERO LABS LIMITED,"Lamivudine 300mg, tablets, 30 Tabs",Lamivudine,Generic,300mg,Tablet,Hetero Unit III Hyderabad IN,51496,30,100,200,2,0.07,0.24,,,TRUE,6/23/15,6/23/15,,5/8/15
102-SS-T30,FPQ-9038,SCMS-137190,ASN-14092,South Sudan,PMO - US,Direct Drop,EXW,Air,HRDT,HIV test,"Orgenics, Ltd","HIV 1/2, Determine Complete HIV Kit, 100 Tests","HIV 1/2, Determine Complete HIV Kit",Determine,N/A,Test kit,"Alere Medical Co., Ltd.",51504,100,339,30171,89,0.89,42.3,,,FALSE,4/18/12,4/18/12,,2/15/12
116-ZA-T30,FPQ-4770,SCMS-60170,ASN-5934,South Africa,PMO - US,Direct Drop,DDP,Truck,ARV,Pediatric,S. BUYS WHOLESALER,"Efavirenz 50mg, capsule, 30 Caps",Efavirenz,Generic,50mg,Capsule,"Aurobindo Unit III, India",51525,30,230,959.89,4.17,0.14,2.07,,,FALSE,12/28/09,12/28/09,,12/23/09
116-ZA-T30,FPQ-14942,SCMS-259072,ASN-30377,South Africa,PMO - US,Direct Drop,DDP,Truck,ARV,Pediatric,PHARMACY DIRECT,"Lamivudine 10mg/ml, oral solution, Bottle, 240 ml",Lamivudine,Generic,10mg/ml,Oral solution,"Aurobindo Unit III, India",51531,240,11,56.85,5.17,0.02,0.06,,,FALSE,1/26/15,1/26/15,,1/26/15
122-HT-T30,FPQ-8671,SCMS-131050,ASN-13551,Haiti,PMO - US,Direct Drop,EXW,Air,MRDT,Malaria,"ACCESS BIO, INC.","Malaria, Antigen P.f., HRP2 CareStart Kit, 60 Tests","Malaria, Antigen P.f., HRP2 CareStart Kit",CareStart,N/A,Test kit,"Access BIO, L.C.",51535,60,2159,50520.6,23.4,0.39,70.83,5,5642.36,TRUE,2/14/12,2/14/12,,12/29/11
116-ZA-T30,FPQ-12522,SCMS-199283,ASN-27976,South Africa,PMO - US,Direct Drop,DDP,Truck,ARV,Adult,S. BUYS WHOLESALER,"Didanosine 250mg, delayed-release capsules, 30 Caps",Didanosine,Generic,250mg,Delayed-release capsules,"Aurobindo Unit III, India",51578,30,8,136.19,17.02,0.57,0.17,,,FALSE,8/27/14,8/27/14,,8/27/14
101-CD-T30,FPQ-14654,SCMS-253260,ASN-28279,"Congo, DRC",PMO - US,Direct Drop,EXW,Air,HRDT,HIV test,"Trinity Biotech, Plc","HIV 1/2, Uni-Gold HIV Kit, 20 Tests","HIV 1/2, Uni-Gold HIV Kit",Uni-Gold,N/A,Test kit,"Trinity Biotech, Plc",51579,20,423,13536,32,1.6,13.92,,,FALSE,11/4/14,11/4/14,,8/27/14
161-ZA-T30,FPQ-5303,SCMS-68950,ASN-7078,South Africa,PMO - US,Direct Drop,DDP,Air,ARV,Adult,Aurobindo Pharma Limited,"Nevirapine 200mg, tablets, 60 Tabs",Nevirapine,Generic,200mg,Tablet,"Aurobindo Unit III, India",51587,60,22372,65326.24,2.92,0.05,140.84,2655,6369.79,TRUE,6/9/10,6/9/10,,3/19/10
103-CM-T30,FPQ-16474,SCMS-291900,ASN-33189,Cameroon,PMO - US,Direct Drop,EXW,Air,HRDT,HIV test,Orasure Technologies Inc.,"HIV 1/2, OraQuick Advance HIV Rapid Antibody Kit, 100 Tests","HIV 1/2, OraQuick Advance HIV Rapid Antibody Kit",OraQuick,N/A,Test kit,"Pacific Biotech, Thailand",51608,100,25,8750,350,3.5,10.3,,,TRUE,7/23/15,7/23/15,,6/25/15
116-ZA-T30,FPQ-13035,SCMS-215370,ASN-24415,South Africa,PMO - US,Direct Drop,DDP,Truck,ARV,Pediatric,S. BUYS WHOLESALER,"Abacavir 20mg/ml [Ziagen], oral solution, Bottle, 240 ml",Abacavir,Ziagen,20mg/ml,Oral solution,GSK Mississauga (Canada),51641,240,6,144.28,24.05,0.1,0.18,,,FALSE,2/6/14,2/6/14,,12/2/13
105-SS-T30,FPQ-15569,SCMS-272160,ASN-31331,South Sudan,PMO - US,Direct Drop,EXW,Air,HRDT,HIV test,"Orgenics, Ltd","HIV 1/2, Determine Complete HIV Kit, 100 Tests","HIV 1/2, Determine Complete HIV Kit",Determine,N/A,Test kit,"Alere Medical Co., Ltd.",51668,100,100,8900,89,0.89,10.48,,,TRUE,6/3/15,6/3/15,,2/20/15
108-VN-T30,FPQ-8428,SCMS-123540,ASN-14321,Vietnam,PMO - US,Direct Drop,EXW,Air,ARV,Adult,MYLAN LABORATORIES LTD (FORMERLY MATRIX LABORATORIES),"Tenofovir Disoproxil Fumarate 300mg, tablets, 30 Tabs",Tenofovir Disoproxil Fumarate,Generic,300mg,Tablet,Mylan (formerly Matrix) Nashik,51690,30,7146,39303,5.5,0.18,64.85,,,FALSE,4/16/12,4/16/12,,10/3/11
901-GH-T30,FPQ-14101,SCMS-249120,ASN-28705,Ghana,PMO - US,Direct Drop,FCA,Air,ARV,Pediatric,ABBVIE LOGISTICS (FORMERLY ABBOTT LOGISTICS BV),"Lopinavir/Ritonavir 100/25mg [Aluvia], tablets, 60 Tabs",Lopinavir/Ritonavir,Generic,100/25mg,Tablet,ABBVIE Ludwigshafen Germany,51717,60,672,3991.68,5.94,0.1,4.1,88,1472.41,TRUE,11/12/14,11/12/14,,7/18/14
110-ZM-T30,FPQ-7439,SCMS-106740,ASN-11399,Zambia,PMO - US,Direct Drop,EXW,Air,HRDT,HIV test,"Orgenics, Ltd","HIV 1/2, Determine Complete HIV Kit, 100 Tests","HIV 1/2, Determine Complete HIV Kit",Determine,N/A,Test kit,Inverness Japan,51755,100,1729,138320,80,0.8,228.23,667,15123.48,TRUE,7/22/11,7/22/11,,4/21/11
116-ZA-T30,FPQ-11828,SCMS-183950,ASN-19166,South Africa,South Africa Field Office,Direct Drop,DDP,Truck,ARV,Adult,S. BUYS WHOLESALER,"Efavirenz 600mg, tablets, 30 Tabs",Efavirenz,Generic,600mg,Tablet,"Cipla, Goa, India",51763,30,911,14646.84,16.08,0.54,18.12,,,FALSE,4/16/13,4/16/13,,
108-VN-T30,FPQ-13034,SCMS-210040,ASN-24696,Vietnam,PMO - US,Direct Drop,FCA,Air,ARV,Adult,ABBVIE LOGISTICS (FORMERLY ABBOTT LOGISTICS BV),"Lopinavir/Ritonavir 200/50mg [Aluvia], tablets, 120 Tabs",Lopinavir/Ritonavir,Aluvia,200/50mg,Tablet,ABBVIE Ludwigshafen Germany,51775,120,7031,427625.4,60.82,0.51,528.97,1720,5324.08,TRUE,4/7/14,4/7/14,,10/10/13
161-ZA-T30,FPQ-5648,SCMS-75660,ASN-8261,South Africa,PMO - US,Direct Drop,DDP,Ocean,ARV,Adult,Aurobindo Pharma Limited,"Efavirenz 600mg, tablets, 30 Tabs",Efavirenz,Generic,600mg,Tablet,"Aurobindo Unit III, India",51803,30,17701,79831.51,4.51,0.15,172.12,1552,18114.34,TRUE,10/12/10,10/12/10,,6/17/10
161-ZA-T30,FPQ-6708,SCMS-93570,ASN-12387,South Africa,PMO - US,Direct Drop,DDP,Ocean,ARV,Adult,Aurobindo Pharma Limited,"Tenofovir Disoproxil Fumarate 300mg, tablets, 30 Tabs",Tenofovir Disoproxil Fumarate,Generic,300mg,Tablet,"Aurobindo Unit III, India",51817,30,42131,280171.16,6.65,0.22,462.28,,,TRUE,10/5/11,11/24/11,,12/14/10
104-CI-T30,FPQ-6252,SCMS-85430,ASN-8572,Côte d'Ivoire,PMO - US,Direct Drop,EXW,Air,HRDT,HIV test - Ancillary,"CHEMBIO DIAGNOSTIC SYSTEMS, INC.","HIV 1/2, Stat-Pak Buffer Only, 20 Tests","HIV 1/2, Stat-Pak Buffer Only",Stat-Pak,N/A,Test kit - Ancillary,Chembio Diagnostics Sys. Inc.,51818,1,660,1650,2.5,2.5,3.56,,,TRUE,11/24/10,11/24/10,,9/16/10
102-SZ-T30,FPQ-10537,SCMS-159091,ASN-17894,Swaziland,PMO - US,Direct Drop,EXW,Air,HRDT,HIV test,"Orgenics, Ltd","HIV 1/2, Determine Complete HIV Kit, 100 Tests","HIV 1/2, Determine Complete HIV Kit",Determine,N/A,Test kit,"Alere Medical Co., Ltd.",51820,100,240,19200,80,0.8,26.92,100,2274.64,TRUE,5/17/13,5/17/13,,9/12/12
116-ZA-T30,FPQ-5630,SCMS-72760,ASN-7111,South Africa,PMO - US,Direct Drop,DDP,Truck,ARV,Pediatric,S. BUYS WHOLESALER,"Efavirenz 200mg, capsule, 90 Caps",Efavirenz,Generic,200mg,Capsule,"Aurobindo Unit III, India",51821,90,50,1636.37,32.73,0.36,3.53,,,TRUE,5/12/10,5/12/10,,5/5/10
116-ZA-T30,FPQ-14942,SCMS-259079,ASN-33852,South Africa,PMO - US,Direct Drop,DDP,Truck,ARV,Pediatric,PHARMACY DIRECT,"Abacavir 20mg/ml, oral solution, Bottle, 240 ml",Abacavir,Generic,20mg/ml,Oral solution,"Aurobindo Unit III, India",51833,240,26,493.97,19,0.08,0.51,,,FALSE,8/24/15,8/24/15,,10/9/14
161-ZA-T30,FPQ-6708,SCMS-93640,ASN-9950,South Africa,PMO - US,Direct Drop,DDP,Ocean,ARV,Adult,CIPLA LIMITED,"Tenofovir Disoproxil Fumarate 300mg, tablets, 30 Tabs",Tenofovir Disoproxil Fumarate,Generic,300mg,Tablet,"Cipla, Goa, India",51871,30,44293,303849.97,6.86,0.23,501.35,2951,5567.75,TRUE,4/5/11,4/8/11,,12/14/10
133-NG-T30,FPQ-10765,SCMS-162440,ASN-17649,Nigeria,PMO - US,Direct Drop,EXW,Air,HRDT,HIV test,"Orgenics, Ltd","HIV 1/2, Determine Complete HIV Kit, 100 Tests","HIV 1/2, Determine Complete HIV Kit",Determine,N/A,Test kit,"Alere Medical Co., Ltd.",51883,100,2744,244216,89,0.89,342.39,1235,25577.2,TRUE,1/9/13,1/17/13,,10/16/12
116-ZA-T30,FPQ-13973,SCMS-238555,ASN-29257,South Africa,PMO - US,Direct Drop,DDP,Truck,ARV,Adult,PHARMACY DIRECT,"Zidovudine 300mg, tablets, 60 Tabs",Zidovudine,Generic,300mg,Tablet,"Aurobindo Unit III, India",51888,60,10,249.54,24.95,0.42,0.26,,,FALSE,11/5/14,11/5/14,,11/4/14
109-TZ-T30,FPQ-13945,SCMS-235420,ASN-26517,Tanzania,PMO - US,Direct Drop,EXW,Air,HRDT,HIV test,"Orgenics, Ltd","HIV 1/2, Determine Complete HIV Kit, 100 Tests","HIV 1/2, Determine Complete HIV Kit",Determine,N/A,Test kit,"Alere Medical Co., Ltd.",51895,100,672,53760,80,0.8,55.27,277,4379.48,TRUE,8/29/14,8/29/14,,4/29/14
901-CM-T30,FPQ-12837,SCMS-204300,ASN-21708,Cameroon,PMO - US,Direct Drop,EXW,Air,ARV,Adult,Aurobindo Pharma Limited,"Lamivudine/Tenofovir Disoproxil Fumarate 300/300mg, tablets, 30 Tabs",Lamivudine/Tenofovir Disoproxil Fumarate,Generic,300/300mg,Tablet - FDC,"Aurobindo Unit VII, IN",51911,30,32400,150660,4.65,0.16,186.37,3227,26930.79,TRUE,11/7/13,10/30/13,,8/23/13
117-ET-T30,FPQ-4502,SCMS-58060,ASN-5747,Ethiopia,PMO - US,Direct Drop,EXW,Air,ARV,Adult,MYLAN LABORATORIES LTD (FORMERLY MATRIX LABORATORIES),"Lamivudine 150mg, tablets, 60 Tabs",Lamivudine,Generic,150mg,Tablet,Mylan (formerly Matrix) Nashik,51928,60,50000,130000,2.6,0.04,280.28,2504,7354.24,TRUE,12/30/09,12/30/09,,11/25/09
116-ZA-T30,FPQ-12522,SCMS-199283,ASN-27976,South Africa,PMO - US,Direct Drop,DDP,Truck,ARV,Adult,S. BUYS WHOLESALER,"Nevirapine 200mg, tablets, 60 Tabs",Nevirapine,Generic,200mg,Tablet,"Aurobindo Unit III, India",51969,60,67,1321.12,19.72,0.33,1.63,,,FALSE,8/27/14,8/27/14,,8/27/14
107-RW-T30,FPQ-6341,SCMS-84970,ASN-10317,Rwanda,PMO - US,Direct Drop,EXW,Ocean,ARV,Adult,HETERO LABS LIMITED,"Lamivudine/Tenofovir Disoproxil Fumarate 300/300mg, tablets, 30 Tabs",Lamivudine/Tenofovir Disoproxil Fumarate,Generic,300/300mg,Tablet - FDC,Hetero Unit III Hyderabad IN,51990,30,82981,776702.2,9.36,0.31,1674.57,6683,14760.6,TRUE,5/31/11,5/31/11,,9/28/10
102-GY-T30,FPQ-8053,SCMS-115830,ASN-11820,Guyana,PMO - US,Direct Drop,EXW,Air,HRDT,HIV test,"Orgenics, Ltd","HIV 1/2, Determine Complete HIV Kit, 100 Tests","HIV 1/2, Determine Complete HIV Kit",Determine,N/A,Test kit,Inverness Japan,51999,100,915,91500,100,1,150.98,439,11941.94,TRUE,9/6/11,9/6/11,,7/20/11
106-HT-T30,FPQ-12041,SCMS-189221,ASN-22217,Haiti,PMO - US,Direct Drop,EXW,Air,HRDT,HIV test,"SHANGHAI KEHUA BIOENGINEERING CO.,LTD.  (KHB)","HIV 1/2, SKB Colloidal Gold, Diagnostic Kit, Antibody, 50 Tests","HIV 1/2, Colloidal Gold, Diagnostic Kit, Antibody",Colloidal Gold,N/A,Test kit,"KHB Test Kit Facility, Shanghai China",52034,1,350,8575,24.5,24.5,10.61,240,2933.25,TRUE,12/12/13,12/12/13,,5/21/13
102-KE-T30,FPQ-7498,SCMS-106790,ASN-11121,Kenya,PMO - US,Direct Drop,EXW,Air,HRDT,HIV test,"Orgenics, Ltd","HIV 1/2, Determine Complete HIV Kit, 100 Tests","HIV 1/2, Determine Complete HIV Kit",Determine,N/A,Test kit,Inverness Japan,52049,100,10000,890000,89,0.89,1468.5,2951,31923.61,TRUE,7/8/11,7/8/11,,4/21/11
116-ZA-T30,FPQ-15269,SCMS-267020,ASN-29764,South Africa,PMO - US,Direct Drop,DDP,Truck,ARV,Adult,S. BUYS WHOLESALER,"Lamivudine 150mg [Epivir], tablets, 60 Tabs",Lamivudine,Epivir,150mg,Tablet,GSK Cape Town Factory (South Africa),52068,60,983,10106.64,10.28,0.17,11.9,,,FALSE,12/10/14,12/10/14,,12/10/14
161-ZA-T30,FPQ-6262,SCMS-83830,ASN-9942,South Africa,PMO - US,Direct Drop,DDP,Ocean,ARV,Adult,Aurobindo Pharma Limited,"Lamivudine/Zidovudine 150/300mg, tablets, 60 Tabs",Lamivudine/Zidovudine,Generic,150/300mg,Tablet - FDC,"Aurobindo Unit III, India",52081,60,25000,209000,8.36,0.14,450.6,2275,3073.74,TRUE,5/3/11,5/3/11,,9/24/10
107-RW-T30,FPQ-4248,SCMS-43860,ASN-8371,Rwanda,PMO - US,Direct Drop,CIP,Air,ARV,Adult,MYLAN LABORATORIES LTD (FORMERLY MATRIX LABORATORIES),"Lamivudine/Zidovudine 150/300mg, tablets, 60 Tabs",Lamivudine/Zidovudine,Generic,150/300mg,Tablet - FDC,Mylan (formerly Matrix) Nashik,52093,60,21080,189720,9,0.15,371.85,1716,17074.8,TRUE,10/10/10,10/10/10,,4/15/10
116-ZA-T30,FPQ-11828,SCMS-183950,ASN-19166,South Africa,South Africa Field Office,Direct Drop,DDP,Truck,ARV,Adult,S. BUYS WHOLESALER,"Didanosine 250mg, delayed-release capsules, 30 Caps",Didanosine,Generic,250mg,Delayed-release capsules,"Aurobindo Unit III, India",52131,30,64,987.12,15.42,0.51,1.22,,,FALSE,4/16/13,4/16/13,,
133-NG-T30,FPQ-10765,SCMS-162440,ASN-18600,Nigeria,PMO - US,Direct Drop,EXW,Air,HRDT,HIV test,"Orgenics, Ltd","HIV 1/2, Determine Complete HIV Kit, 100 Tests","HIV 1/2, Determine Complete HIV Kit",Determine,N/A,Test kit,"Alere Medical Co., Ltd.",52144,100,2880,256320,89,0.89,359.36,1249,26380.35,TRUE,1/9/13,3/20/13,,10/16/12
116-ZA-T30,FPQ-3560,SCMS-50940,ASN-5472,South Africa,PMO - US,Direct Drop,DDP,Truck,ARV,Pediatric,S. BUYS WHOLESALER,"Stavudine 1mg/ml, powder for oral solution, 200 ml",Stavudine,Generic,1mg/ml,Oral solution,"Aurobindo Unit III, India",52175,200,1700,4270.78,2.51,0.01,8.37,,,TRUE,10/8/09,10/14/09,,8/3/09
106-HT-T30,FPQ-4389,SCMS-58030,ASN-7025,Haiti,PMO - US,Direct Drop,FCA,Air,ARV,Pediatric,ABBVIE LOGISTICS (FORMERLY ABBOTT LOGISTICS BV),"Lopinavir/Ritonavir 100/25mg [Aluvia], tablets, 60 Tabs",Lopinavir/Ritonavir,Generic,100/25mg,Tablet,ABBVIE Ludwigshafen Germany,52206,60,300,2712,9.04,0.15,5.85,44,1075.54,TRUE,6/18/10,6/18/10,,11/13/09
107-RW-T30,FPQ-12409,SCMS-193930,ASN-22289,Rwanda,PMO - US,Direct Drop,CIP,Air,ARV,Adult,MERCK SHARP & DOHME IDEA GMBH (FORMALLY MERCK SHARP & DOHME B.V.),"Indinavir 400mg [Crixivan], capsules, 180 Caps",Indinavir,Crixivan,400mg,Capsule,"MSD, Haarlem, NL",52228,180,36,1800,50,0.28,2.23,,,TRUE,10/19/13,10/19/13,,6/13/13
108-VN-T30,FPQ-7427,SCMS-105550,ASN-12036,Vietnam,PMO - US,Direct Drop,EXW,Air,ARV,Adult,HETERO LABS LIMITED,"Tenofovir Disoproxil Fumarate 300mg, tablets, 30 Tabs",Tenofovir Disoproxil Fumarate,Generic,300mg,Tablet,Hetero Unit III Hyderabad IN,52241,30,10000,60000,6,0.2,99,865,7878.43,TRUE,10/19/11,10/19/11,,4/14/11
107-RW-T30,FPQ-8741,SCMS-129750,ASN-14450,Rwanda,PMO - US,Direct Drop,CIP,Air,ARV,Adult,CIPLA LIMITED,"Tenofovir Disoproxil Fumarate 300mg, tablets, 30 Tabs",Tenofovir Disoproxil Fumarate,Generic,300mg,Tablet,"Cipla, Goa, India",52244,30,768,4369.92,5.69,0.19,6.13,55,393.29,TRUE,5/23/12,5/23/12,,3/13/12
104-CI-T30,FPQ-13629,SCMS-228920,ASN-29320,Côte d'Ivoire,PMO - US,Direct Drop,EXW,Air,ARV,Adult,MYLAN LABORATORIES LTD (FORMERLY MATRIX LABORATORIES),"Atazanavir/Ritonavir 300/100mg, tablets, 30 Tabs",Atazanavir/Ritonavir,Generic,300/100mg,Tablet,Mylan (formerly Matrix) Nashik,52258,30,2500,50000,20,0.67,51.4,343,3978.49,TRUE,12/4/14,12/4/14,,3/3/14
102-KE-T30,FPQ-4250,SCMS-55901,ASN-5639,Kenya,PMO - US,Direct Drop,EXW,Air,HRDT,HIV test,"Trinity Biotech, Plc","HIV 1/2, Uni-Gold HIV Kit, 20 Tests","HIV 1/2, Uni-Gold HIV Kit",Uni-Gold,N/A,Test kit,"Trinity Biotech, Plc",52280,20,1000,32000,32,1.6,62.72,347,4259.57,TRUE,1/11/10,1/11/10,,10/22/09
108-VN-T30,FPQ-7565,SCMS-107630,ASN-11362,Vietnam,PMO - US,Direct Drop,EXW,Air,ARV,Adult,STRIDES ARCOLAB LIMITED,"Efavirenz 600mg, tablets, 30 Tabs",Efavirenz,Generic,600mg,Tablet,"Strides, Bangalore, India.",52286,30,33000,135300,4.1,0.14,223.24,,,FALSE,7/26/11,7/26/11,,5/2/11
105-DO-T30,FPQ-11295,SCMS-172491,ASN-20972,Dominican Republic,PMO - US,Direct Drop,EXW,Air,HRDT,HIV test,"Trinity Biotech, Plc","HIV 1/2, Uni-Gold HIV Kit, 20 Tests","HIV 1/2, Uni-Gold HIV Kit",Uni-Gold,N/A,Test kit,"Trinity Biotech, Plc",52341,20,412,13184,32,1.6,16.31,123,1375.8,TRUE,8/10/13,8/10/13,,1/11/13
108-VN-T30,FPQ-11418,SCMS-176300,ASN-19787,Vietnam,PMO - US,Direct Drop,EXW,Air,ARV,Adult,HETERO LABS LIMITED,"Lamivudine/Nevirapine/Zidovudine 150/200/300mg, tablets, 60 Tabs",Lamivudine/Nevirapine/Zidovudine,Generic,150/300/200mg,Tablet - FDC,Hetero Unit III Hyderabad IN,52353,60,6900,56649,8.21,0.14,70.07,,,FALSE,7/1/13,7/1/13,,2/6/13
110-ZM-T30,FPQ-14827,SCMS-256510,ASN-29092,Zambia,PMO - US,Direct Drop,EXW,Air,HRDT,HIV test,"Orgenics, Ltd","HIV 1/2, Determine Complete HIV Kit, 100 Tests","HIV 1/2, Determine Complete HIV Kit",Determine,N/A,Test kit,"Alere Medical Co., Ltd.",52354,100,1364,109120,80,0.8,112.18,553,7845.09,TRUE,3/11/15,3/11/15,,9/19/14
114-UG-T30,FPQ-14407,SCMS-244450,ASN-28699,Uganda,PMO - US,Direct Drop,FCA,Air,ARV,Pediatric,ABBVIE LOGISTICS (FORMERLY ABBOTT LOGISTICS BV),"Lopinavir/Ritonavir 100/25mg [Aluvia], tablets, 60 Tabs",Lopinavir/Ritonavir,Generic,100/25mg,Tablet,ABBVIE Ludwigshafen Germany,52364,60,724,4300.56,5.94,0.1,4.42,82,1042.36,TRUE,11/6/14,11/6/14,,6/23/14
901-GH-T30,FPQ-14101,SCMS-245410,ASN-28061,Ghana,PMO - US,Direct Drop,EXW,Ocean,ARV,Adult,STRIDES ARCOLAB LIMITED,"Efavirenz 600mg, tablets, 30 Tabs",Efavirenz,Generic,600mg,Tablet,"Strides, Bangalore, India.",52367,30,167716,535014.06,3.19,0.11,549.99,10803,24636.23,TRUE,11/10/14,11/10/14,,7/8/14
161-ZA-T30,FPQ-7400,SCMS-104220,ASN-12745,South Africa,PMO - US,Direct Drop,DDP,Ocean,ARV,Pediatric,GLAXOSMITHKLINE EXPORT LIMITED,"Abacavir 20mg/ml [Ziagen], oral solution, Bottle, 240 ml",Abacavir,Ziagen,20mg/ml,Oral solution,GSK Mississauga (Canada),52380,240,17337,160887.36,9.28,0.04,265.46,6680,3755.91,TRUE,1/9/12,1/9/12,,3/30/11
104-CI-T30,FPQ-12136,SCMS-188320,ASN-23834,Côte d'Ivoire,PMO - US,Direct Drop,EXW,Air,HRDT,HIV test,"CHEMBIO DIAGNOSTIC SYSTEMS, INC.","HIV 1/2, Stat-Pak HIV, Kit, 20 Tests","HIV 1/2, Stat-Pak HIV, Kit",Stat-Pak,N/A,Test kit,Chembio Diagnostics Sys. Inc.,52383,20,1900,55100,29,1.45,68.16,763,7153.63,TRUE,1/31/14,1/31/14,,5/21/13
116-ZA-T30,FPQ-14942,SCMS-259079,ASN-33851,South Africa,PMO - US,Direct Drop,DDP,Truck,ARV,Adult,PHARMACY DIRECT,"Tenofovir Disoproxil Fumarate 300mg, tablets, 30 Tabs",Tenofovir Disoproxil Fumarate,Generic,300mg,Tablet,Mylan (formerly Matrix) Nashik,52388,30,36,534.69,14.85,0.5,0.55,,,FALSE,8/24/15,8/24/15,,10/9/14
114-UG-T30,FPQ-12477,SCMS-198700,ASN-21821,Uganda,PMO - US,Direct Drop,EXW,Ocean,ARV,Adult,STRIDES ARCOLAB LIMITED,"Efavirenz 600mg, tablets, 30 Tabs",Efavirenz,Generic,600mg,Tablet,"Strides, Bangalore, India.",52398,30,71348,227600.12,3.19,0.11,281.54,4334,8144.11,TRUE,11/8/13,11/8/13,,7/30/13
101-CD-T30,FPQ-14100,SCMS-239410,ASN-26738,"Congo, DRC",PMO - US,Direct Drop,EXW,Air,HRDT,HIV test,"Trinity Biotech, Plc","HIV 1/2, Uni-Gold HIV Kit, 20 Tests","HIV 1/2, Uni-Gold HIV Kit",Uni-Gold,N/A,Test kit,"Trinity Biotech, Plc",52436,20,2,64,32,1.6,0.07,,,FALSE,9/5/14,9/5/14,,5/20/14
107-RW-T30,FPQ-8365,SCMS-126470,ASN-13518,Rwanda,PMO - US,Direct Drop,FCA,Air,ARV,Pediatric,ABBVIE LOGISTICS (FORMERLY ABBOTT LOGISTICS BV),"Lopinavir/Ritonavir 100/25mg [Aluvia], tablets, 60 Tabs",Lopinavir/Ritonavir,Generic,100/25mg,Tablet,ABBVIE Ludwigshafen Germany,52460,60,1395,10755.45,7.71,0.13,17.75,188,3035.87,TRUE,1/27/12,1/27/12,,11/11/11
114-UG-T30,FPQ-12309,SCMS-192030,ASN-20922,Uganda,PMO - US,Direct Drop,EXW,Air,ARV,Adult,MYLAN LABORATORIES LTD (FORMERLY MATRIX LABORATORIES),"Lamivudine/Nevirapine/Zidovudine 150/200/300mg, tablets, 60 Tabs",Lamivudine/Nevirapine/Zidovudine,Generic,150/300/200mg,Tablet - FDC,Mylan (formerly Matrix) Nashik,52465,60,60678,491491.8,8.1,0.13,607.98,8402,28304.85,TRUE,8/16/13,8/16/13,,6/14/13
133-NG-T30,FPQ-14305,SCMS-240830,ASN-27469,Nigeria,PMO - US,Direct Drop,EXW,Air,HRDT,HIV test,"Orgenics, Ltd","HIV 1/2, Determine Complete HIV Kit, 100 Tests","HIV 1/2, Determine Complete HIV Kit",Determine,N/A,Test kit,"Alere Medical Co., Ltd.",52488,100,3154,280706,89,0.89,288.57,1279,19112.91,TRUE,8/19/14,9/9/14,,6/2/14
116-ZA-T30,FPQ-5630,SCMS-72760,ASN-7111,South Africa,PMO - US,Direct Drop,DDP,Truck,ARV,Adult,S. BUYS WHOLESALER,"Emtricitabine/Tenofovir Disoproxil Fumarate 200/300mg [Truvada], tablets, 30 Tabs",Emtricitabine/Tenofovir Disoproxil Fumarate,Truvada,300/200mg,Tablet - FDC,"Aspen-OSD, Port Elizabeth, SA",52520,30,200,9382.78,46.91,1.56,20.23,,,FALSE,5/12/10,5/12/10,,5/5/10
116-ZA-T30,FPQ-12522,SCMS-199283,ASN-27976,South Africa,PMO - US,Direct Drop,DDP,Truck,ARV,Adult,S. BUYS WHOLESALER,"Didanosine 400mg, delayed-release capsules, 30 Caps",Didanosine,Generic,400mg,Delayed-release capsules,"Aurobindo Unit III, India",52524,30,23,502.94,21.87,0.73,0.62,,,FALSE,8/27/14,8/27/14,,8/27/14
117-ET-T30,FPQ-6976,SCMS-98310,ASN-10666,Ethiopia,PMO - US,Direct Drop,EXW,Air,ARV,Adult,Aurobindo Pharma Limited,"Didanosine 250mg, delayed-release capsules, 30 Caps",Didanosine,Generic,250mg,Delayed-release capsules,"Aurobindo Unit III, India",52540,30,1625,21125,13,0.43,34.86,111,1206.62,TRUE,5/4/11,5/4/11,,2/1/11
108-VN-T30,FPQ-13976,SCMS-236050,ASN-27943,Vietnam,PMO - US,Direct Drop,EXW,Air,ARV,Adult,MYLAN LABORATORIES LTD (FORMERLY MATRIX LABORATORIES),"Lamivudine/Nevirapine/Zidovudine 150/200/300mg, tablets, 60 Tabs",Lamivudine/Nevirapine/Zidovudine,Generic,150/300/200mg,Tablet - FDC,Mylan (formerly Matrix) Nashik,52541,60,10000,81000,8.1,0.13,83.27,,,FALSE,10/30/14,10/30/14,,4/30/14
107-RW-T30,FPQ-8932,SCMS-129870,ASN-13476,Rwanda,PMO - US,Direct Drop,EXW,Air,ARV,Adult,Aurobindo Pharma Limited,"Lamivudine/Tenofovir Disoproxil Fumarate 300/300mg, tablets, 30 Tabs",Lamivudine/Tenofovir Disoproxil Fumarate,Generic,300/300mg,Tablet - FDC,"Aurobindo Unit VII, IN",52617,30,2800,14980,5.35,0.18,21,273,2964.49,TRUE,1/24/12,1/24/12,,12/13/11
104-CI-T30,FPQ-6252,SCMS-85440,ASN-8566,Côte d'Ivoire,PMO - US,Direct Drop,EXW,Air,HRDT,HIV test,"Orgenics, Ltd","HIV 1/2, Determine HIV Kit, without Lancets, 100 Tests","HIV 1/2, Determine HIV Kit, without Lancets",Determine,N/A,Test kit,Inverness Japan,52629,100,275,21367.5,77.7,0.78,46.07,64,2319.8,TRUE,11/22/10,11/22/10,,9/16/10
901-LR-T30,FPQ-8135,SCMS-118680,ASN-12405,Liberia,PMO - US,Direct Drop,EXW,Air,HRDT,HIV test,"Standard Diagnostics, Inc.","HIV 1/2, Bioline 3.0 Kit, Lancets, Capillary pipets, Alcohol swabs included, 25 Tests","HIV 1/2, Bioline 3.0 Kit, Lancets, Capillary pipets, Alcohol swabs included",Bioline,N/A,Test kit,"Standard Diagnostics, Korea",52631,25,70,1400,20,0.8,2.31,25,648.95,TRUE,10/20/11,10/20/11,,8/18/11
106-HT-T30,FPQ-12590,SCMS-210470,ASN-24370,Haiti,PMO - US,Direct Drop,EXW,Ocean,ARV,Pediatric,Aurobindo Pharma Limited,"Nevirapine 10mg/ml, oral suspension w/syringe, Bottle, 240 ml",Nevirapine,Generic,10mg/ml,Oral suspension,"Aurobindo Unit III, India",52636,240,2040,3080.4,1.51,0.01,3.81,820,2214.69,TRUE,5/9/14,5/9/14,,10/24/13
105-GY-T30,FPQ-8025,SCMS-116170,ASN-12905,Guyana,PMO - US,Direct Drop,FCA,Air,ARV,Pediatric,ABBVIE LOGISTICS (FORMERLY ABBOTT LOGISTICS BV),"Lopinavir/Ritonavir 80/20mg/ml [Kaletra], oral solution, cool, Bottle 5 x 60 ml",Lopinavir/Ritonavir,Kaletra,80/20mg/ml,Oral solution,ABBVIE (Abbott) Logis. UK,52646,300,51,4192.2,82.2,0.27,6.92,99,1454.81,TRUE,11/30/11,11/30/11,,7/27/11
116-ZA-T30,FPQ-12522,SCMS-199283,ASN-27980,South Africa,PMO - US,Direct Drop,DDP,Truck,ARV,Pediatric,S. BUYS WHOLESALER,"Abacavir 20mg/ml, oral solution w/syringe, Bottle, 240 ml",Abacavir,Generic,20mg/ml,Oral solution,"Aurobindo Unit III, India",52670,240,34,932.3,27.42,0.11,1.15,,,FALSE,8/27/14,8/27/14,,8/27/14
114-UG-T30,FPQ-13116,SCMS-212630,ASN-23223,Uganda,PMO - US,Direct Drop,EXW,Air,ARV,Pediatric,ABBVIE LOGISTICS (FORMERLY ABBOTT LOGISTICS BV),"Lopinavir/Ritonavir 80/20mg/ml [Kaletra], oral solution, cool, Bottle 5 x 60 ml",Lopinavir/Ritonavir,Kaletra,80/20mg/ml,Oral solution,ABBVIE (Abbott) Logis. UK,52677,300,188,5794.16,30.82,0.1,5.96,221,2553.06,TRUE,3/4/14,3/4/14,,10/30/13
133-NG-T30,FPQ-14305,SCMS-240830,ASN-27468,Nigeria,PMO - US,Direct Drop,EXW,Air,HRDT,HIV test,"Orgenics, Ltd","HIV 1/2, Determine Complete HIV Kit, 100 Tests","HIV 1/2, Determine Complete HIV Kit",Determine,N/A,Test kit,"Alere Medical Co., Ltd.",52687,100,6340,564260,89,0.89,580.06,2571,37297.95,TRUE,8/19/14,8/27/14,,6/2/14
114-UG-T30,FPQ-4373,SCMS-58250,ASN-6151,Uganda,PMO - US,Direct Drop,EXW,Air,ARV,Pediatric,EMCURE PHARMACEUTICALS LTD,"Atazanavir 150mg, capsules, 60 Caps",Atazanavir,Generic,150mg,Capsule,"Emcure Plot No.P-2, I.T-B.T. Park, Phase II, MIDC, Hinjwadi, Pune, India",52704,60,384,10018.56,26.09,0.43,19.64,40,990.07,TRUE,3/9/10,3/9/10,,12/2/09
108-VN-T30,FPQ-9001,SCMS-131690,ASN-14517,Vietnam,PMO - US,Direct Drop,EXW,Air,ARV,Adult,MYLAN LABORATORIES LTD (FORMERLY MATRIX LABORATORIES),"Efavirenz/Lamivudine/Tenofovir Disoproxil Fumarate 600/300/300mg, tablets, 30 Tabs",Efavirenz/Lamivudine/Tenofovir Disoproxil Fumarate,Generic,600/300/300mg,Tablet - FDC,Mylan (formerly Matrix) Nashik,52706,30,42392,597727.2,14.1,0.47,838.01,,,FALSE,5/16/12,5/16/12,,1/16/12
116-ZA-T30,FPQ-13973,SCMS-238571,ASN-26885,South Africa,PMO - US,Direct Drop,DDP,Truck,ARV,Pediatric,PHARMACY DIRECT,"Lopinavir/Ritonavir 80/20mg/ml [Kaletra], oral solution, cool, Bottle 5 x 60 ml",Lopinavir/Ritonavir,Kaletra,80/20mg/ml,Oral solution,ABBVIE (Abbott) Logis. UK,52710,300,2,44.13,22.06,0.07,0.05,,,TRUE,6/25/14,6/25/14,,6/26/14
102-SD-T30,FPQ-6991,SCMS-100470,ASN-10241,Sudan,PMO - US,Direct Drop,EXW,Air,HRDT,HIV test,"Trinity Biotech, Plc","HIV 1/2, Uni-Gold HIV Kit, 20 Tests","HIV 1/2, Uni-Gold HIV Kit",Uni-Gold,N/A,Test kit,"Trinity Biotech, Plc",52725,20,132,4224,32,1.6,6.97,50,1595.38,TRUE,4/23/11,4/23/11,,2/25/11
105-GH-T30,FPQ-13872,SCMS-235800,ASN-26460,Ghana,PMO - US,Direct Drop,EXW,Air,ARV,Adult,STRIDES ARCOLAB LIMITED,"Efavirenz 600mg, tablets, 30 Tabs",Efavirenz,Generic,600mg,Tablet,"Strides, Bangalore, India.",52736,30,47716,152214.05,3.19,0.11,156.48,3077,22734.92,TRUE,7/17/14,7/17/14,,4/23/14
102-BI-T30,FPQ-9231,SCMS-141800,ASN-14660,Burundi,PMO - US,Direct Drop,EXW,Air,HRDT,HIV test,"SHANGHAI KEHUA BIOENGINEERING CO.,LTD.  (KHB)","HIV 1/2, SKB Colloidal Gold, Diagnostic Kit, Antibody, 50 Tests","HIV 1/2, Colloidal Gold, Diagnostic Kit, Antibody",Colloidal Gold,N/A,Test kit,"KHB Test Kit Facility, Shanghai China",52756,1,23,563.5,24.5,24.5,0.79,21,1327.6,TRUE,6/5/12,6/5/12,,4/9/12
105-GH-T30,FPQ-14667,SCMS-254770,ASN-30499,Ghana,PMO - US,Direct Drop,EXW,Air,ARV,Pediatric,MYLAN LABORATORIES LTD (FORMERLY MATRIX LABORATORIES),"Lamivudine/Zidovudine 30/60mg, dispersible tablets, 60 Tabs",Lamivudine/Zidovudine,Generic,30/60mg,Chewable/dispersible tablet - FDC,"Mylan,  H-12 & H-13, India",52793,60,11022,21933.78,1.99,0.03,22.55,1976,12580,TRUE,4/10/15,4/10/15,,9/25/14
110-ZM-T30,FPQ-9074,SCMS-134350,ASN-13766,Zambia,PMO - US,Direct Drop,EXW,Air,ARV,Adult,Aurobindo Pharma Limited,"Emtricitabine/Tenofovir Disoproxil Fumarate 200/300mg, tablets, 30 Tabs",Emtricitabine/Tenofovir Disoproxil Fumarate,Generic,200/300mg,Tablet - FDC,"Aurobindo Unit III, India",52795,30,100000,735000,7.35,0.24,1030.47,9389,51294.87,TRUE,3/5/12,3/5/12,,1/24/12
105-DO-T30,FPQ-7858,SCMS-117390,ASN-12265,Dominican Republic,PMO - US,Direct Drop,EXW,Air,HRDT,HIV test,"Orgenics, Ltd","HIV 1/2, Determine Complete HIV Kit, 100 Tests","HIV 1/2, Determine Complete HIV Kit",Determine,N/A,Test kit,Inverness Japan,52799,100,1000,92000,92,0.92,151.8,399,8776.57,TRUE,10/7/11,10/7/11,,8/4/11
116-ZA-T30,FPQ-14942,SCMS-259074,ASN-31070,South Africa,PMO - US,Direct Drop,DDP,Truck,ARV,Pediatric,PHARMACY DIRECT,"Lamivudine 10mg/ml, oral solution, Bottle, 240 ml",Lamivudine,Generic,10mg/ml,Oral solution,"Aurobindo Unit III, India",52803,240,4,20.67,5.17,0.02,0.02,,,FALSE,3/9/15,3/9/15,,3/9/15
133-NG-T30,FPQ-15504,SCMS-270771,ASN-32758,Nigeria,PMO - US,Direct Drop,EXW,Air,HRDT,HIV test,"Orgenics, Ltd","HIV 1/2, Determine Complete HIV Kit, 100 Tests","HIV 1/2, Determine Complete HIV Kit",Determine,N/A,Test kit,"Alere Medical Co., Ltd.",52837,100,4657,414473,89,0.89,487.83,2307,21672.24,TRUE,6/30/15,6/26/15,,3/13/15
116-ZA-T30,FPQ-14942,SCMS-259075,ASN-32137,South Africa,PMO - US,Direct Drop,DDP,Truck,ARV,Pediatric,PHARMACY DIRECT,"Atazanavir 150mg [Reyataz], capsules, 60 Caps",Atazanavir,Reyataz,150mg,Capsule,"BMS Evansville, US",52853,60,9,143.1,15.9,0.26,0.15,,,FALSE,5/12/15,5/12/15,,5/11/15
116-ZA-T30,FPQ-11828,SCMS-183950,ASN-19166,South Africa,South Africa Field Office,Direct Drop,DDP,Truck,ARV,Pediatric,S. BUYS WHOLESALER,"Abacavir 20mg/ml [Ziagen], oral solution, Bottle, 240 ml",Abacavir,Ziagen,20mg/ml,Oral solution,GSK Mississauga (Canada),52854,240,91,2074.51,22.8,0.1,2.57,,,FALSE,4/16/13,4/16/13,,
108-VN-T30,FPQ-4265,SCMS-57140,ASN-6264,Vietnam,PMO - US,Direct Drop,EXW,Air,ARV,Adult,Aurobindo Pharma Limited,"Stavudine 30mg, capsules, 60 Caps",Stavudine,Generic,30mg,Capsule,"Aurobindo Unit III, India",52856,60,24612,35687.4,1.45,0.02,69.95,4762,17541.06,TRUE,3/17/10,3/17/10,,11/13/09
161-ZA-T30,FPQ-5303,SCMS-68980,ASN-7663,South Africa,PMO - US,Direct Drop,DDP,Air,ARV,Adult,Aurobindo Pharma Limited,"Lamivudine 150mg, tablets, 60 Tabs",Lamivudine,Generic,150mg,Tablet,"Aurobindo Unit III, India",52871,60,33711,85288.83,2.53,0.04,183.88,1810,2016.42,TRUE,8/24/10,9/20/10,,3/19/10
106-HT-T30,FPQ-11442,SCMS-177161,ASN-19232,Haiti,PMO - US,Direct Drop,EXW,Ocean,ARV,Adult,HETERO LABS LIMITED,"Lamivudine/Nevirapine/Zidovudine 150/200/300mg, tablets, 60 Tabs",Lamivudine/Nevirapine/Zidovudine,Generic,150/300/200mg,Tablet - FDC,Hetero Unit III Hyderabad IN,52945,60,30096,247088.16,8.21,0.14,305.65,4278,7567.99,TRUE,7/25/13,7/25/13,,3/7/13
901-CM-T30,FPQ-12837,SCMS-204300,ASN-21707,Cameroon,PMO - US,Direct Drop,EXW,Air,ARV,Adult,Aurobindo Pharma Limited,"Lamivudine/Tenofovir Disoproxil Fumarate 300/300mg, tablets, 30 Tabs",Lamivudine/Tenofovir Disoproxil Fumarate,Generic,300/300mg,Tablet - FDC,"Aurobindo Unit VII, IN",52963,30,32426,150780.9,4.65,0.16,186.52,3234,26980.59,TRUE,11/7/13,11/7/13,,8/23/13
116-ZA-T30,FPQ-14942,SCMS-259077,ASN-33477,South Africa,PMO - US,Direct Drop,DDP,Truck,ARV,Adult,PHARMACY DIRECT,"Zidovudine 300mg, tablets, 60 Tabs",Zidovudine,Generic,300mg,Tablet,"Aurobindo Unit III, India",52973,60,7,126.22,18.03,0.3,0.13,,,FALSE,7/24/15,7/24/15,,10/9/14
104-CI-T30,FPQ-5022,SCMS-64530,ASN-6101,Côte d'Ivoire,PMO - US,Direct Drop,EXW,Air,ARV,Adult,Aurobindo Pharma Limited,"Abacavir/Lamivudine 600/300mg, scored tablets, 30 Tabs",Abacavir/Lamivudine,Generic,600/300mg,Tablet - FDC,"Aurobindo Unit III, India",52999,30,1461,29950.5,20.5,0.68,64.57,154780,1664.12,TRUE,3/5/10,3/5/10,,2/3/10
107-RW-T30,FPQ-9910,SCMS-147040,ASN-15275,Rwanda,PMO - US,Direct Drop,EXW,Air,ARV,Adult,Aurobindo Pharma Limited,"Didanosine 400mg, delayed-release capsules, 30 Caps",Didanosine,Generic,400mg,Delayed-release capsules,"Aurobindo Unit III, India",53002,30,1467,29340,20,0.67,41.13,114,4822.01,TRUE,6/29/12,6/29/12,,6/1/12
102-KE-T30,FPQ-6406,SCMS-88211,ASN-9550,Kenya,PMO - US,Direct Drop,EXW,Air,HRDT,HIV test,"Orgenics, Ltd","HIV 1/2, Determine Complete HIV Kit, 100 Tests","HIV 1/2, Determine Complete HIV Kit",Determine,N/A,Test kit,Inverness Japan,53064,100,1,89,89,0.89,0.19,1370,14515.01,TRUE,2/10/11,2/10/11,,11/22/10
106-HT-T30,FPQ-11443,SCMS-180940,ASN-19819,Haiti,PMO - US,Direct Drop,EXW,Ocean,ARV,Pediatric,Aurobindo Pharma Limited,"Abacavir/Lamivudine 60/30mg, tablets, 60 Tabs",Abacavir/Lamivudine,Generic,60/30mg,Tablet - FDC,"Aurobindo Unit III, India",53106,60,1393,6407.8,4.6,0.08,7.93,,,FALSE,9/2/13,9/2/13,,3/22/13
107-RW-T30,FPQ-13651,SCMS-227730,ASN-24931,Rwanda,PMO - US,Direct Drop,EXW,Air,ARV,Pediatric,MICRO LABS LIMITED,"Efavirenz 50mg, capsule, 30 Caps",Efavirenz,Generic,50mg,Capsule,"Micro labs, Verna, Goa, India",53108,30,924,1755.6,1.9,0.06,1.8,45,1411.52,TRUE,4/4/14,4/4/14,,2/28/14
109-TZ-T30,FPQ-6936,SCMS-100633,ASN-10902,Tanzania,PMO - US,Direct Drop,EXW,Air,HRDT,HIV test,"Standard Diagnostics, Inc.","HIV 1/2, Bioline 3.0 Kit, Lancets, Capillary pipets, Alcohol swabs included, 25 Tests","HIV 1/2, Bioline 3.0 Kit, Lancets, Capillary pipets, Alcohol swabs included",Bioline,N/A,Test kit,"Standard Diagnostics, Korea",53226,25,10000,200000,20,0.8,330,3334,23489.63,TRUE,6/27/11,6/27/11,,5/2/11
116-ZA-T30,FPQ-5535,SCMS-71370,ASN-7373,South Africa,PMO - US,Direct Drop,DDP,Truck,ARV,Pediatric,S. BUYS WHOLESALER,"Didanosine 100mg [Videx],chewable tablets, 60 Tabs",Didanosine,Videx,100mg,Chewable/dispersible tablet,"BMS Meymac, France",53233,60,10,164.62,16.46,0.27,0.35,,,FALSE,5/31/10,5/31/10,,4/21/10
104-CI-T30,FPQ-11294,SCMS-173131,ASN-19636,Côte d'Ivoire,PMO - US,Direct Drop,EXW,Air,HRDT,HIV test,"Orgenics, Ltd","HIV 1/2, Determine Complete HIV Kit, 100 Tests","HIV 1/2, Determine Complete HIV Kit",Determine,N/A,Test kit,"Alere Medical Co., Ltd.",53234,100,2945,235600,80,0.8,291.44,1280,125.42,TRUE,6/4/13,6/4/13,,1/15/13
116-ZA-T30,FPQ-12522,SCMS-199289,ASN-28033,South Africa,PMO - US,Direct Drop,DDP,Truck,ARV,Pediatric,S. BUYS WHOLESALER,"Abacavir 20mg/ml, oral solution w/syringe, Bottle, 240 ml",Abacavir,Generic,20mg/ml,Oral solution,"Aurobindo Unit III, India",53254,240,135,3650.16,27.04,0.11,4.52,,,FALSE,8/29/14,8/29/14,,8/29/14
133-NG-T30,FPQ-12812,SCMS-210330,ASN-23441,Nigeria,PMO - US,Direct Drop,EXW,Air,HRDT,HIV test,"Trinity Biotech, Plc","HIV 1/2, Uni-Gold HIV Kit, 20 Tests","HIV 1/2, Uni-Gold HIV Kit",Uni-Gold,N/A,Test kit,"Trinity Biotech, Plc",53272,20,31842,1018944,32,1.6,1260.43,9312,77833.24,TRUE,1/24/14,1/24/14,,10/15/13
109-TZ-T30,FPQ-7909,SCMS-115000,ASN-11742,Tanzania,PMO - US,Direct Drop,EXW,Air,HRDT,HIV test,"Trinity Biotech, Plc","HIV 1/2, Uni-Gold HIV Kit, 20 Tests","HIV 1/2, Uni-Gold HIV Kit",Uni-Gold,N/A,Test kit,"Trinity Biotech, Plc",53281,20,450,14400,32,1.6,23.76,149,2242.31,TRUE,10/5/11,10/5/11,,7/14/11
102-KE-T30,FPQ-6406,SCMS-88211,ASN-9548,Kenya,PMO - US,Direct Drop,EXW,Air,HRDT,HIV test,"Orgenics, Ltd","HIV 1/2, Determine Complete HIV Kit, 100 Tests","HIV 1/2, Determine Complete HIV Kit",Determine,N/A,Test kit,Inverness Japan,53292,100,2849,253561,89,0.89,546.68,783,9162.21,TRUE,2/10/11,2/10/11,,11/22/10
102-ML-T30,FPQ-13391,SCMS-221930,ASN-24507,Mali,PMO - US,Direct Drop,EXW,Air,HRDT,HIV test,"Orgenics, Ltd","HIV 1/2, Determine Complete HIV Kit, 100 Tests","HIV 1/2, Determine Complete HIV Kit",Determine,N/A,Test kit,"Alere Medical Co., Ltd.",53327,100,431,34480,80,0.8,35.45,186,5346.38,TRUE,3/19/14,3/19/14,,1/22/14
161-ZA-T30,FPQ-6262,SCMS-83830,ASN-8795,South Africa,PMO - US,Direct Drop,DDP,Ocean,ARV,Adult,Aurobindo Pharma Limited,"Zidovudine 300mg, tablets, 60 Tabs",Zidovudine,Generic,300mg,Tablet,"Aurobindo Unit III, India",53338,60,77143,565458.2,7.33,0.12,1219.13,3894,3161.68,TRUE,12/8/10,12/8/10,,9/24/10
102-GY-T30,FPQ-9180,SCMS-139650,ASN-15044,Guyana,PMO - US,Direct Drop,EXW,Air,HRDT,HIV test,"Orgenics, Ltd","HIV 1/2, Determine Complete HIV Kit, 100 Tests","HIV 1/2, Determine Complete HIV Kit",Determine,N/A,Test kit,"Alere Medical Co., Ltd.",53349,100,300,30000,100,1,42.06,137,3825.21,TRUE,6/18/12,6/18/12,,4/9/12
110-ZM-T30,FPQ-8315,SCMS-120582,ASN-15743,Zambia,PMO - US,Direct Drop,EXW,Air,HRDT,HIV test,"Trinity Biotech, Plc","HIV 1/2, Uni-Gold HIV Kit, 20 Tests","HIV 1/2, Uni-Gold HIV Kit",Uni-Gold,N/A,Test kit,"Trinity Biotech, Plc",53371,20,7280,232960,32,1.6,384.38,2391,25818.23,TRUE,8/16/12,8/16/12,,9/19/11
116-ZA-T30,FPQ-5535,SCMS-71370,ASN-7374,South Africa,PMO - US,Direct Drop,DDP,Truck,ARV,Adult,S. BUYS WHOLESALER,"Stavudine 20mg [Zerit], capsules, 60 Caps",Stavudine,Zerit,20mg,Capsule,"BMS Meymac, France",53421,60,200,1213.75,6.07,0.1,2.62,,,TRUE,6/4/10,6/4/10,,4/21/10
900-TZ-T30,FPQ-10396,SCMS-157661,ASN-17082,Tanzania,PMO - US,Direct Drop,EXW,Air,HRDT,HIV test,"Orgenics, Ltd","HIV 1/2, Determine Complete HIV Kit, 100 Tests","HIV 1/2, Determine Complete HIV Kit",Determine,N/A,Test kit,"Alere Medical Co., Ltd.",53532,100,2744,219520,80,0.8,307.77,1303,22223.95,TRUE,12/7/12,12/7/12,,10/4/12
109-TZ-T30,FPQ-12868,SCMS-205680,ASN-22152,Tanzania,PMO - US,Direct Drop,EXW,Air,ARV,Adult,Aurobindo Pharma Limited,"Abacavir 300mg, tablets, 60 Tabs",Abacavir,Generic,300mg,Tablet,"Aurobindo Unit III, India",53556,60,19000,216600,11.4,0.19,267.93,1909,9612.49,TRUE,11/21/13,11/21/13,,9/9/13
133-NG-T30,FPQ-12456,SCMS-196561,ASN-22346,Nigeria,PMO - US,Direct Drop,EXW,Air,HRDT,HIV test,"Orgenics, Ltd","HIV 1/2, Determine Complete HIV Kit, 100 Tests","HIV 1/2, Determine Complete HIV Kit",Determine,N/A,Test kit,"Alere Medical Co., Ltd.",53560,100,3038,270382,89,0.89,334.46,1234,21084.84,TRUE,11/7/13,11/8/13,,7/10/13
117-ET-T30,FPQ-9098,SCMS-133510,ASN-14558,Ethiopia,PMO - US,Direct Drop,EXW,Air,HRDT,HIV test,"Trinity Biotech, Plc","HIV 1/2, Uni-Gold HIV Kit, 20 Tests","HIV 1/2, Uni-Gold HIV Kit",Uni-Gold,N/A,Test kit,"Trinity Biotech, Plc",53591,20,165,5280,32,1.6,7.4,138,794.72,TRUE,4/25/12,4/25/12,,1/23/12
106-HT-T30,FPQ-11443,SCMS-180940,ASN-19819,Haiti,PMO - US,Direct Drop,EXW,Ocean,ARV,Pediatric,Aurobindo Pharma Limited,"Lamivudine 10mg/ml, oral solution w/syringe, Bottle, 240 ml",Lamivudine,Generic,10mg/ml,Oral solution,"Aurobindo Unit III, India",53616,240,1932,2762.76,1.43,0.01,3.42,,,FALSE,9/2/13,9/2/13,,3/22/13
161-ZA-T30,FPQ-7175,SCMS-103480,ASN-12823,South Africa,PMO - US,Direct Drop,DDP,Ocean,ARV,Adult,Aurobindo Pharma Limited,"Abacavir 300mg, tablets, 60 Tabs",Abacavir,Generic,300mg,Tablet,"Aurobindo Unit III, India",53618,60,6155,91894.15,14.93,0.25,151.63,590,146.5,TRUE,1/4/12,1/4/12,,3/24/11
114-UG-T30,FPQ-8498,SCMS-126380,ASN-13697,Uganda,PMO - US,Direct Drop,CIP,Air,ARV,Adult,MERCK SHARP & DOHME IDEA GMBH (FORMALLY MERCK SHARP & DOHME B.V.),"Raltegravir 400mg [Isentress], tablets, 60 Tabs",Raltegravir,Isentress,400mg,Tablet,"MSD, Haarlem, NL",53625,60,231,21136.5,91.5,1.52,34.88,23,250,TRUE,2/14/12,2/14/12,,11/2/11
116-ZA-T30,FPQ-5630,SCMS-72760,ASN-7116,South Africa,PMO - US,Direct Drop,DDP,Truck,ARV,Pediatric,S. BUYS WHOLESALER,"Abacavir 20mg/ml [Ziagen], oral solution, Bottle, 240 ml",Abacavir,Ziagen,20mg/ml,Oral solution,GSK Mississauga (Canada),53650,240,40,656.64,16.42,0.07,1.42,,,TRUE,5/14/10,5/14/10,,5/5/10
110-ZM-T30,FPQ-11390,SCMS-173920,ASN-19076,Zambia,PMO - US,Direct Drop,EXW,Air,HRDT,HIV test,"Orgenics, Ltd","HIV 1/2, Determine Complete HIV Kit, 100 Tests","HIV 1/2, Determine Complete HIV Kit",Determine,N/A,Test kit,"Alere Medical Co., Ltd.",53659,100,2910,232800,80,0.8,287.97,2910,21684.99,TRUE,6/5/13,6/6/13,,1/23/13
104-CI-T30,FPQ-13629,SCMS-228900,ASN-25499,Côte d'Ivoire,PMO - US,Direct Drop,FCA,Air,ARV,Pediatric,ABBVIE LOGISTICS (FORMERLY ABBOTT LOGISTICS BV),"Lopinavir/Ritonavir 80/20mg/ml [Kaletra], oral solution, cool, Bottle 5 x 60 ml",Lopinavir/Ritonavir,Kaletra,80/20mg/ml,Oral solution,ABBVIE (Abbott) Logis. UK,53665,300,600,18492,30.82,0.1,19.01,554,5848.39,TRUE,4/16/14,4/16/14,,3/3/14
161-ZA-T30,FPQ-7175,SCMS-103810,ASN-12497,South Africa,PMO - US,Direct Drop,DDP,Ocean,ARV,Pediatric,CIPLA LIMITED,"Lamivudine 10mg/ml, oral solution, Bottle, 240 ml",Lamivudine,Generic,10mg/ml,Oral solution,"Cipla, Goa, India",53675,240,9960,20517.6,2.06,0.01,33.85,3670,9021.5,TRUE,12/7/11,12/7/11,,3/28/11
116-ZA-T30,FPQ-4359,SCMS-54980,ASN-5373,South Africa,PMO - US,Direct Drop,DDP,Truck,ARV,Adult,S. BUYS WHOLESALER,"Didanosine EC 400mg [Videx EC], delayed-release capsules, Blister 3 x 10 Caps",Didanosine EC,Videx EC,400mg,Delayed-release capsules - blister,"BMS Meymac, France",53683,30,140,3996.98,28.55,0.95,7.83,,,FALSE,10/19/09,10/19/09,,10/15/09
104-CI-T30,FPQ-13602,SCMS-228060,ASN-28330,Côte d'Ivoire,PMO - US,Direct Drop,EXW,Air,HRDT,HIV test,"Orgenics, Ltd","HIV 1/2, Determine Complete HIV Kit, 100 Tests","HIV 1/2, Determine Complete HIV Kit",Determine,N/A,Test kit,"Alere Medical Co., Ltd.",53691,100,1470,117600,80,0.8,120.89,595,7651.46,TRUE,10/7/14,10/7/14,,2/26/14
116-ZA-T30,FPQ-4770,SCMS-60170,ASN-5933,South Africa,PMO - US,Direct Drop,DDP,Truck,ARV,Pediatric,S. BUYS WHOLESALER,"Zidovudine 10mg/ml [Retrovir], oral solution, Bottle, 200 ml",Zidovudine,Retrovir,10mg/ml,Oral solution,GSK Mississauga (Canada),53738,200,120,866.06,7.22,0.04,1.87,,,FALSE,12/29/09,12/29/09,,12/23/09
108-VN-T30,FPQ-15087,SCMS-261440,ASN-30320,Vietnam,PMO - US,Direct Drop,EXW,Air,ARV,Adult,HETERO LABS LIMITED,"Lamivudine 150mg, tablets, 60 Tabs",Lamivudine,Generic,150mg,Tablet,Hetero Unit III Hyderabad IN,53759,60,5600,10080,1.8,0.03,11.86,606,1328.13,TRUE,3/10/15,3/10/15,,10/30/14
110-ZM-T30,FPQ-8315,SCMS-120570,ASN-13031,Zambia,PMO - US,Direct Drop,EXW,Air,HRDT,HIV test,"Orgenics, Ltd","HIV 1/2, Determine Complete HIV Kit, 100 Tests","HIV 1/2, Determine Complete HIV Kit",Determine,N/A,Test kit,"Alere Medical Co., Ltd.",53775,100,2884,230720,80,0.8,380.69,1374,25052.44,TRUE,12/20/11,12/20/11,,9/22/11
102-GY-T30,FPQ-5496,SCMS-71610,ASN-8225,Guyana,PMO - US,Direct Drop,EXW,Air,HRDT,HIV test,"Trinity Biotech, Plc","HIV 1/2, Uni-Gold HIV Kit, 20 Tests","HIV 1/2, Uni-Gold HIV Kit",Uni-Gold,N/A,Test kit,"Trinity Biotech, Plc",53822,20,1686,53952,32,1.6,116.32,564,5806.53,TRUE,10/6/10,10/6/10,,6/21/10
116-ZA-T30,FPQ-11828,SCMS-183950,ASN-19166,South Africa,South Africa Field Office,Direct Drop,DDP,Truck,ARV,Pediatric,S. BUYS WHOLESALER,"Efavirenz 200mg, capsule, 90 Caps",Efavirenz,Generic,200mg,Capsule,"Aurobindo Unit III, India",53852,90,545,13007.18,23.87,0.27,16.09,,,FALSE,4/16/13,4/16/13,,
117-ET-T30,FPQ-7065,SCMS-98700,ASN-11275,Ethiopia,PMO - US,Direct Drop,EXW,Ocean,ARV,Adult,Aurobindo Pharma Limited,"Lopinavir/Ritonavir 200/50mg, tablets, 120 Tabs",Lopinavir/Ritonavir,Generic,200/50mg,Tablet,"Aurobindo Unit III, India",53877,120,13703,460420.8,33.6,0.28,759.69,3476,11729.82,TRUE,9/21/11,9/21/11,,2/15/11
101-CD-T30,FPQ-16001,SCMS-280210,ASN-31750,"Congo, DRC",PMO - US,Direct Drop,EXW,Air,HRDT,HIV test,"Trinity Biotech, Plc","HIV 1/2, Uni-Gold HIV Kit, 20 Tests","HIV 1/2, Uni-Gold HIV Kit",Uni-Gold,N/A,Test kit,"Trinity Biotech, Plc",53878,20,40,1280,32,1.6,1.51,,,FALSE,7/2/15,7/2/15,,3/16/15
105-SS-T30,FPQ-15569,SCMS-272170,ASN-32108,South Sudan,PMO - US,Direct Drop,EXW,Air,HRDT,HIV test - Ancillary,"Orgenics, Ltd","Chase Buffer, Determine, 100 Tests, 2.5ml x 1 Vial","Chase Buffer, Determine, 100 Tests, 2.5ml x 1 Vial",Determine,N/A,Test kit - Ancillary,"Alere Medical Co., Ltd.",53922,1,15,75,5,5,0.09,,,TRUE,7/2/15,7/7/15,,2/20/15
116-ZA-T30,FPQ-13214,SCMS-215410,ASN-23875,South Africa,PMO - US,Direct Drop,DDP,Truck,ARV,Pediatric,S. BUYS WHOLESALER,"Abacavir 20mg/ml, oral solution w/syringe, Bottle, 240 ml",Abacavir,Generic,20mg/ml,Oral solution,"Aurobindo Unit III, India",53945,240,446,10825.73,24.27,0.1,11.13,,,FALSE,1/13/14,1/13/14,,12/2/13
116-ZA-T30,FPQ-14942,SCMS-259071,ASN-29597,South Africa,PMO - US,Direct Drop,DDP,Truck,ARV,Adult,PHARMACY DIRECT,"Emtricitabine/Tenofovir Disoproxil Fumarate 200/300mg, tablets, 30 Tabs",Emtricitabine/Tenofovir Disoproxil Fumarate,Generic,200/300mg,Tablet - FDC,"Aurobindo Unit III, India",53958,30,11,240.14,21.83,0.73,0.25,,,FALSE,11/28/14,11/28/14,,11/28/14
800-LS-T30,FPQ-13954,SCMS-233580,ASN-25539,Lesotho,PMO - US,Direct Drop,EXW,Air,HRDT,HIV test,"Trinity Biotech, Plc","HIV 1/2, Uni-Gold HIV Kit, 20 Tests","HIV 1/2, Uni-Gold HIV Kit",Uni-Gold,N/A,Test kit,"Trinity Biotech, Plc",53971,20,2500,80000,32,1.6,82.24,,,TRUE,5/7/14,5/7/14,,4/2/14
116-ZA-T30,FPQ-11828,SCMS-183950,ASN-19166,South Africa,South Africa Field Office,Direct Drop,DDP,Truck,ARV,Pediatric,S. BUYS WHOLESALER,"Abacavir 20mg/ml [Ziagen], oral solution, Bottle, 240 ml",Abacavir,Ziagen,20mg/ml,Oral solution,GSK Mississauga (Canada),53981,240,220,7811.75,35.51,0.15,9.66,,,FALSE,4/16/13,4/16/13,,
105-SS-T30,FPQ-12623,SCMS-200911,ASN-22749,South Sudan,PMO - US,Direct Drop,EXW,Air,HRDT,HIV test,"Orgenics, Ltd","HIV 1/2, Determine Complete HIV Kit, 100 Tests","HIV 1/2, Determine Complete HIV Kit",Determine,N/A,Test kit,"Alere Medical Co., Ltd.",53989,100,350,31150,89,0.89,38.53,,,FALSE,1/24/14,1/24/14,,8/5/13
151-NG-T30,FPQ-9984,SCMS-150370,ASN-17272,Nigeria,PMO - US,Direct Drop,EXW,Air,ARV,Adult,MYLAN LABORATORIES LTD (FORMERLY MATRIX LABORATORIES),"Atazanavir/Ritonavir 300/100mg, tablets, 30 Tabs",Atazanavir/Ritonavir,Generic,300/100mg,Tablet,Mylan (formerly Matrix) Nashik,53997,30,37927,853357.5,22.5,0.75,1196.41,5059,25732.17,TRUE,12/12/12,12/12/12,,6/26/12
100-ZM-T30,FPQ-12546,SCMS-201860,ASN-21891,Zambia,PMO - US,Direct Drop,EXW,Ocean,ARV,Adult,Aurobindo Pharma Limited,"Efavirenz/Emtricitabine/Tenofovir Disoproxil Fumarate 600/200/300mg, tablets, 30 Tabs",Efavirenz/Emtricitabine/Tenofovir Disoproxil Fumarate,Generic,600/200/300mg,Tablet - FDC,"Aurobindo Unit VII, IN",54019,30,77654,916317.2,11.8,0.39,1133.48,8725,54417.75,TRUE,2/25/14,2/25/14,,8/19/13
106-HT-T30,FPQ-9621,SCMS-147150,ASN-16343,Haiti,PMO - US,Direct Drop,EXW,Air,ARV,Adult,Aurobindo Pharma Limited,"Didanosine 400mg, delayed-release capsules, 30 Caps",Didanosine,Generic,400mg,Delayed-release capsules,"Aurobindo Unit III, India",54035,30,48,960,20,0.67,1.35,4,970.79,TRUE,10/4/12,10/4/12,,8/3/12
108-VN-T30,FPQ-5094,SCMS-68700,ASN-7337,Vietnam,PMO - US,Direct Drop,FCA,Air,ARV,Adult,ABBVIE LOGISTICS (FORMERLY ABBOTT LOGISTICS BV),"Ritonavir 100mg [Norvir], capsules, cool, 4 x 84 Caps",Ritonavir,Norvir,100mg,Capsule,ABBVIE (Abbott) Logis. UK,54045,336,20,6137.6,306.88,0.91,13.23,57,5795.92,TRUE,8/2/10,8/2/10,,3/31/10
116-ZA-T30,FPQ-13035,SCMS-215370,ASN-24415,South Africa,PMO - US,Direct Drop,DDP,Truck,ARV,Adult,S. BUYS WHOLESALER,"Abacavir 300mg, tablets, 60 Tabs",Abacavir,Generic,300mg,Tablet,"Aurobindo Unit III, India",54064,60,94,6070.54,64.58,1.08,7.51,,,FALSE,2/6/14,2/6/14,,12/2/13
108-VN-T30,FPQ-15292,SCMS-268450,ASN-30674,Vietnam,PMO - US,Direct Drop,FCA,Air,ARV,Adult,ABBVIE LOGISTICS (FORMERLY ABBOTT LOGISTICS BV),"Lopinavir/Ritonavir 200/50mg [Aluvia], tablets, 120 Tabs",Lopinavir/Ritonavir,Aluvia,200/50mg,Tablet,ABBVIE Ludwigshafen Germany,54100,120,9000,547200,60.8,0.51,644.05,2235,5134.12,TRUE,3/31/15,3/31/15,,12/18/14
161-ZA-T30,FPQ-5303,SCMS-68860,ASN-6886,South Africa,PMO - US,Direct Drop,DDP,Air,ARV,Adult,Aurobindo Pharma Limited,"Efavirenz 600mg, tablets, 30 Tabs",Efavirenz,Generic,600mg,Tablet,"Aurobindo Unit III, India",54150,30,54000,252180,4.67,0.16,543.7,4568,6105.79,TRUE,6/1/10,6/4/10,,3/19/10
108-VN-T30,FPQ-4081,SCMS-51480,ASN-4802,Vietnam,PMO - US,Direct Drop,FCA,Air,ARV,Adult,ABBVIE LOGISTICS (FORMERLY ABBOTT LOGISTICS BV),"Lopinavir/Ritonavir 200/50mg [Aluvia], tablets, 120 Tabs",Lopinavir/Ritonavir,Aluvia,200/50mg,Tablet,ABBVIE Ludwigshafen Germany,54180,120,1400,115080,82.2,0.68,225.56,209,954.38,TRUE,10/1/09,10/1/09,,8/12/09
108-VN-T30,FPQ-9001,SCMS-131720,ASN-15177,Vietnam,PMO - US,Direct Drop,FCA,Air,ARV,Pediatric,LAWRENCE LABORATORIES (SUBSIDIARY OF BRISTOL MYERS SQUIBB),"Didanosine 25mg [Videx], chewable tablets, 60 Tabs",Didanosine,Videx,25mg,Chewable/dispersible tablet,Bristol-Myers Squibb Anagni IT,54208,60,300,2100,7,0.12,2.94,81,541.75,TRUE,6/20/12,6/20/12,,1/13/12
901-NA-T30,FPQ-14728,SCMS-252620,ASN-27961,Namibia,PMO - US,Direct Drop,EXW,Air,ARV,Adult,MYLAN LABORATORIES LTD (FORMERLY MATRIX LABORATORIES),"Efavirenz/Emtricitabine/Tenofovir Disoproxil Fumarate 600/200/300mg, tablets, 30 Tabs",Efavirenz/Emtricitabine/Tenofovir Disoproxil Fumarate,Generic,600/200/300mg,Tablet - FDC,"Mylan,  H-12 & H-13, India",54243,30,36000,378000,10.5,0.35,388.58,4171,20371.77,TRUE,9/29/14,9/29/14,,8/19/14
116-ZA-T30,FPQ-11828,SCMS-183950,ASN-19166,South Africa,South Africa Field Office,Direct Drop,DDP,Truck,ARV,Adult,S. BUYS WHOLESALER,"Zidovudine 300mg, tablets, 60 Tabs",Zidovudine,Generic,300mg,Tablet,"Aurobindo Unit III, India",54246,60,53,1337.93,25.24,0.42,1.66,,,FALSE,4/16/13,4/16/13,,
161-ZA-T30,FPQ-6262,SCMS-91340,ASN-10011,South Africa,PMO - US,Direct Drop,DDP,Air,ARV,Pediatric,ASPEN PHARMACARE,"Abacavir 20mg/ml [Ziagen], oral solution, Bottle, 240 ml",Abacavir,Ziagen,20mg/ml,Oral solution,GSK Mississauga (Canada),54248,240,12000,120240,10.02,0.04,259.24,,12474.06,TRUE,2/9/11,3/17/11,,11/19/10
105-GY-T30,FPQ-10268,SCMS-154470,ASN-16561,Guyana,PMO - US,Direct Drop,EXW,Air,ARV,Adult,Aurobindo Pharma Limited,"Lopinavir/Ritonavir 200/50mg, tablets, 120 Tabs",Lopinavir/Ritonavir,Generic,200/50mg,Tablet,"Aurobindo Unit III, India",54251,120,954,22896,24,0.2,32.1,243,2492.47,TRUE,10/19/12,10/19/12,,7/27/12
109-TZ-T30,FPQ-6795,SCMS-103290,ASN-10811,Tanzania,PMO - US,Direct Drop,FCA,Air,ARV,Adult,LAWRENCE LABORATORIES (SUBSIDIARY OF BRISTOL MYERS SQUIBB),"Didanosine EC 400mg [Videx EC], delayed-release capsules, Blister 3 x 10 Caps",Didanosine EC,Videx EC,400mg,Delayed-release capsules - blister,Bristol-Myers Squibb Anagni IT,54265,30,772,18273.24,23.67,0.79,30.15,,,FALSE,6/27/11,6/27/11,,4/14/11
106-HT-T30,FPQ-6485,SCMS-89560,ASN-9086,Haiti,PMO - US,Direct Drop,EXW,Air,HRDT,HIV test,"Orgenics, Ltd","HIV 1/2, Determine HIV Kit, without Lancets, 100 Tests","HIV 1/2, Determine HIV Kit, without Lancets",Determine,N/A,Test kit,Inverness Japan,54271,100,2500,244200,97.68,0.98,526.5,568,5631.87,TRUE,12/21/10,12/21/10,,11/1/10
104-CI-T30,FPQ-15618,SCMS-272190,ASN-31869,Côte d'Ivoire,PMO - US,Direct Drop,EXW,Air,HRDT,HIV test,"Orgenics, Ltd","HIV 1/2, Determine Complete HIV Kit, 100 Tests","HIV 1/2, Determine Complete HIV Kit",Determine,N/A,Test kit,"Alere Medical Co., Ltd.",54280,100,5750,460000,80,0.8,541.42,3374,24821.13,TRUE,5/20/15,5/20/15,,3/13/15
161-ZA-T30,FPQ-5648,SCMS-75750,ASN-9197,South Africa,PMO - US,Direct Drop,DDP,Ocean,ARV,Adult,Aurobindo Pharma Limited,"Efavirenz 600mg, tablets, 30 Tabs",Efavirenz,Generic,600mg,Tablet,"Aurobindo Unit III, India",54296,30,32083,144694.33,4.51,0.15,311.96,2808,630.5,TRUE,2/1/11,2/1/11,,6/17/10
111-MZ-T30,FPQ-10606,SCMS-162150,ASN-16937,Mozambique,PMO - US,Direct Drop,EXW,Air,HRDT,HIV test,"Trinity Biotech, Plc","HIV 1/2, Uni-Gold HIV Kit, 20 Tests","HIV 1/2, Uni-Gold HIV Kit",Uni-Gold,N/A,Test kit,"Trinity Biotech, Plc",54304,20,23,736,32,1.6,1.03,8,558.46,TRUE,12/24/12,12/24/12,,10/10/12
116-ZA-T30,FPQ-12522,SCMS-199283,ASN-27978,South Africa,PMO - US,Direct Drop,DDP,Truck,ARV,Adult,S. BUYS WHOLESALER,"Emtricitabine/Tenofovir Disoproxil Fumarate 200/300mg, tablets, 30 Tabs",Emtricitabine/Tenofovir Disoproxil Fumarate,Generic,200/300mg,Tablet - FDC,"Aurobindo Unit III, India",54312,30,14,472.13,33.72,1.12,0.58,,,FALSE,8/27/14,8/27/14,,8/27/14
109-TZ-T30,FPQ-10619,SCMS-161830,ASN-17463,Tanzania,PMO - US,Direct Drop,EXW,Air,HRDT,HIV test,"Orgenics, Ltd","HIV 1/2, Determine Complete HIV Kit, 100 Tests","HIV 1/2, Determine Complete HIV Kit",Determine,N/A,Test kit,"Alere Medical Co., Ltd.",54348,100,1568,125440,80,0.8,175.87,678,12950.74,TRUE,12/31/12,12/31/12,,10/4/12
116-ZA-T30,FPQ-14942,SCMS-259079,ASN-33851,South Africa,PMO - US,Direct Drop,DDP,Truck,ARV,Pediatric,PHARMACY DIRECT,"Efavirenz 200mg, capsule, 90 Caps",Efavirenz,Generic,200mg,Capsule,"Aurobindo Unit III, India",54385,90,47,857.74,18.25,0.2,0.88,,,FALSE,8/24/15,8/24/15,,10/9/14
161-ZA-T30,FPQ-5303,SCMS-68750,ASN-8175,South Africa,PMO - US,Direct Drop,DDP,Air,ARV,Adult,CIPLA LIMITED,"Tenofovir Disoproxil Fumarate 300mg, tablets, 30 Tabs",Tenofovir Disoproxil Fumarate,Generic,300mg,Tablet,"Cipla, Goa, India",54440,30,72558,567403.56,7.82,0.26,1223.32,4942,3646.13,TRUE,10/13/10,10/13/10,,3/19/10
107-RW-T30,FPQ-8365,SCMS-126490,ASN-14125,Rwanda,PMO - US,Direct Drop,EXW,Air,ARV,Adult,Aurobindo Pharma Limited,"Didanosine 250mg, delayed-release capsules, 30 Caps",Didanosine,Generic,250mg,Delayed-release capsules,"Aurobindo Unit III, India",54461,30,754,9802,13,0.43,16.17,,,FALSE,3/30/12,3/30/12,,11/9/11
111-MZ-T30,FPQ-10880,SCMS-164000,ASN-18531,Mozambique,PMO - US,Direct Drop,EXW,Air,HRDT,HIV test,"Orgenics, Ltd","HIV 1/2, Determine Complete HIV Kit, 100 Tests","HIV 1/2, Determine Complete HIV Kit",Determine,N/A,Test kit,"Alere Medical Co., Ltd.",54465,100,2928,234240,80,0.8,289.75,1325,13303.36,TRUE,3/20/13,3/20/13,,11/6/12
151-NG-T30,FPQ-14780,SCMS-254170,ASN-32901,Nigeria,PMO - US,Direct Drop,EXW,Air,ARV,Adult,EMCURE PHARMACEUTICALS LTD,"Atazanavir/Ritonavir 300/100mg, tablets, 30 Tabs",Atazanavir/Ritonavir,Generic,300/100mg,Tablet,"Emcure Plot No.P-2, I.T-B.T. Park, Phase II, MIDC, Hinjwadi, Pune, India",54471,30,11440,205920,18,0.6,211.69,,,TRUE,8/5/15,8/5/15,,8/29/14
111-MZ-T30,FPQ-13093,SCMS-211561,ASN-25197,Mozambique,PMO - US,Direct Drop,EXW,Air,HRDT,HIV test,"Orgenics, Ltd","HIV 1/2, Determine Complete HIV Kit, 100 Tests","HIV 1/2, Determine Complete HIV Kit",Determine,N/A,Test kit,"Alere Medical Co., Ltd.",54487,100,5102,408160,80,0.8,419.59,3543,13789.73,TRUE,5/2/14,5/30/14,,11/13/13
109-TZ-T30,FPQ-13675,SCMS-225870,ASN-25988,Tanzania,PMO - US,Direct Drop,EXW,Air,HRDT,HIV test,"Orgenics, Ltd","HIV 1/2, Determine Complete HIV Kit, 100 Tests","HIV 1/2, Determine Complete HIV Kit",Determine,N/A,Test kit,"Alere Medical Co., Ltd.",54501,100,350,28000,80,0.8,28.78,144,2631.39,TRUE,7/15/14,7/15/14,,3/5/14
116-ZA-T30,FPQ-4770,SCMS-60170,ASN-5934,South Africa,PMO - US,Direct Drop,DDP,Truck,ARV,Adult,S. BUYS WHOLESALER,"Lamivudine 150mg [Epivir], tablets, 60 Tabs",Lamivudine,Epivir,150mg,Tablet,GSK Cape Town Factory (South Africa),54513,60,3200,19098.79,5.97,0.1,41.18,,,FALSE,12/28/09,12/28/09,,12/23/09
116-ZA-T30,FPQ-15269,SCMS-267020,ASN-29764,South Africa,PMO - US,Direct Drop,DDP,Truck,ARV,Pediatric,S. BUYS WHOLESALER,"Efavirenz 200mg, capsule, 90 Caps",Efavirenz,Generic,200mg,Capsule,"Aurobindo Unit III, India",54529,90,77,1608.43,20.89,0.23,1.89,,,FALSE,12/10/14,12/10/14,,12/10/14
151-NG-T30,FPQ-4574,SCMS-59990,ASN-6679,Nigeria,PMO - US,Direct Drop,FCA,Air,ARV,Adult,Hoffmann-La Roche ltd Basel,"Saquinavir 200mg [Invirase], capsules, 270 Caps",Saquinavir,Invirase,200mg,Capsule,Roche Basel,54536,270,11,1062.3,96.57,0.36,2.29,6,2502.05,TRUE,5/21/10,5/21/10,,12/22/09
108-VN-T30,FPQ-13524,SCMS-226200,ASN-25786,Vietnam,PMO - US,Direct Drop,EXW,Air,ARV,Adult,Aurobindo Pharma Limited,"Nevirapine 200mg, tablets, 60 Tabs",Nevirapine,Generic,200mg,Tablet,"Aurobindo Unit III, India",54542,60,6600,14850,2.25,0.04,15.27,657,1192.25,TRUE,6/6/14,6/6/14,,3/10/14
161-ZA-T30,FPQ-5303,SCMS-68950,ASN-7077,South Africa,PMO - US,Direct Drop,DDP,Air,ARV,Adult,Aurobindo Pharma Limited,"Nevirapine 200mg, tablets, 60 Tabs",Nevirapine,Generic,200mg,Tablet,"Aurobindo Unit III, India",54545,60,38400,112128,2.92,0.05,241.75,4528,6369.79,TRUE,6/9/10,6/9/10,,3/19/10
102-KE-T30,FPQ-6116,SCMS-80830,ASN-7826,Kenya,PMO - US,Direct Drop,EXW,Air,HRDT,HIV test,"Trinity Biotech, Plc","HIV 1/2, Uni-Gold HIV Kit, 20 Tests","HIV 1/2, Uni-Gold HIV Kit",Uni-Gold,N/A,Test kit,"Trinity Biotech, Plc",54562,20,1515,48480,32,1.6,104.52,518,4851,TRUE,9/20/10,9/20/10,,8/4/10
116-ZA-T30,FPQ-11828,SCMS-183950,ASN-19166,South Africa,South Africa Field Office,Direct Drop,DDP,Truck,ARV,Adult,S. BUYS WHOLESALER,"Lamivudine 150mg [Epivir], tablets, 60 Tabs",Lamivudine,Epivir,150mg,Tablet,GSK Ware (UK),54579,60,1021,7656.67,7.5,0.12,9.47,,,FALSE,4/16/13,4/16/13,,
104-CI-T30,FPQ-8366,SCMS-124290,ASN-13788,Côte d'Ivoire,PMO - US,Direct Drop,EXW,Air,ARV,Adult,MYLAN LABORATORIES LTD (FORMERLY MATRIX LABORATORIES),"Abacavir/Lamivudine/Zidovudine 300/150/300mg, tablets, 60 Tabs",Abacavir/Lamivudine/Zidovudine,Generic,300/150/300mg,Tablet - FDC,Mylan (formerly Matrix) Nashik,54635,60,2080,58240,28,0.47,96.1,316,3095.28,TRUE,3/9/12,3/9/12,,10/10/11
102-MW-T30,FPQ-12745,SCMS-203140,ASN-22167,Malawi,PMO - US,Direct Drop,EXW,Air,HRDT,HIV test,"Orgenics, Ltd","HIV 1/2, Determine Complete HIV Kit, 100 Tests","HIV 1/2, Determine Complete HIV Kit",Determine,N/A,Test kit,"Alere Medical Co., Ltd.",54661,100,260,20800,80,0.8,25.73,109,2384.79,TRUE,10/30/13,10/30/13,,9/4/13
114-UG-T30,FPQ-12855,SCMS-203960,ASN-24026,Uganda,PMO - US,Direct Drop,CIP,Air,ARV,Adult,MYLAN LABORATORIES LTD (FORMERLY MATRIX LABORATORIES),"Abacavir/Lamivudine 600/300mg, tablets, 30 Tabs",Abacavir/Lamivudine,Generic,600/300mg,Tablet - FDC,Mylan (formerly Matrix) Nashik,54666,30,8215,110820.35,13.49,0.45,137.08,805,1003.18,TRUE,1/22/14,1/22/14,,8/22/13
161-ZA-T30,FPQ-5303,SCMS-68950,ASN-7101,South Africa,PMO - US,Direct Drop,DDP,Air,ARV,Adult,Aurobindo Pharma Limited,"Lamivudine 150mg, tablets, 60 Tabs",Lamivudine,Generic,150mg,Tablet,"Aurobindo Unit III, India",54676,60,67120,169813.6,2.53,0.04,366.12,3230,4116.81,TRUE,6/11/10,6/11/10,,3/19/10
101-KE-T30,FPQ-10314,SCMS-153910,ASN-17658,Kenya,PMO - US,Direct Drop,CIP,Air,HRDT,HIV test,"Orgenics, Ltd","HIV 1/2, Determine Complete HIV Kit, 100 Tests","HIV 1/2, Determine Complete HIV Kit",Determine,N/A,Test kit,"Alere Medical Co., Ltd.",54679,100,7435,661715,89,0.89,927.72,1479,91.67,TRUE,2/28/13,2/28/13,,11/6/12
133-NG-T30,FPQ-12812,SCMS-210350,ASN-22886,Nigeria,PMO - US,Direct Drop,EXW,Air,HRDT,HIV test,"Orgenics, Ltd","HIV 1/2, Determine Complete HIV Kit, 100 Tests","HIV 1/2, Determine Complete HIV Kit",Determine,N/A,Test kit,"Alere Medical Co., Ltd.",54729,100,5983,532487,89,0.89,658.69,2425,39069.63,TRUE,12/23/13,12/10/13,,11/1/13
108-VN-T30,FPQ-12051,SCMS-188680,ASN-20555,Vietnam,PMO - US,Direct Drop,EXW,Air,ARV,Adult,Aurobindo Pharma Limited,"Nevirapine 200mg, tablets, 60 Tabs",Nevirapine,Generic,200mg,Tablet,"Aurobindo Unit III, India",54744,60,4000,9000,2.25,0.04,11.13,,,FALSE,9/3/13,9/3/13,,5/17/13
116-ZA-T30,FPQ-11828,SCMS-183950,ASN-19166,South Africa,South Africa Field Office,Direct Drop,DDP,Truck,ARV,Pediatric,S. BUYS WHOLESALER,"Efavirenz 50mg, capsule, 30 Caps",Efavirenz,Generic,50mg,Capsule,"Aurobindo Unit III, India",54753,30,131,398.4,3.04,0.1,0.49,,,FALSE,4/16/13,4/16/13,,
200-ZW-T30,FPQ-6488,SCMS-90710,ASN-12598,Zimbabwe,PMO - US,Direct Drop,FCA,Air,ARV,Pediatric,ABBVIE LOGISTICS (FORMERLY ABBOTT LOGISTICS BV),"Lopinavir/Ritonavir 100/25mg [Aluvia], tablets, 60 Tabs",Lopinavir/Ritonavir,Generic,100/25mg,Tablet,ABBVIE Ludwigshafen Germany,54755,60,5625,43368.75,7.71,0.13,93.5,665,7549.41,TRUE,11/21/11,11/21/11,,11/10/10
116-ZA-T30,FPQ-13214,SCMS-215410,ASN-23875,South Africa,PMO - US,Direct Drop,DDP,Truck,ARV,Adult,S. BUYS WHOLESALER,"Lopinavir/Ritonavir 200/50mg [Aluvia], tablets, 120 Tabs",Lopinavir/Ritonavir,Aluvia,200/50mg,Tablet,ABBVIE Ludwigshafen Germany,54770,120,133,3075.65,23.13,0.19,3.16,,,FALSE,1/13/14,1/13/14,,12/2/13
106-HT-T30,FPQ-4034,SCMS-51230,ASN-4995,Haiti,PMO - US,Direct Drop,EXW,Air,HRDT,HIV test,Orasure Technologies Inc.,"HIV 1/2, OraQuick Advance HIV Rapid Antibody Kit, 100 Tests","HIV 1/2, OraQuick Advance HIV Rapid Antibody Kit",OraQuick,N/A,Test kit,"Pacific Biotech, Thailand",54780,100,200,70000,350,3.5,137.2,480,9334.68,TRUE,10/7/09,10/7/09,,9/1/09
151-NG-T30,FPQ-16312,SCMS-287720,ASN-32933,Nigeria,PMO - US,Direct Drop,FCA,Air,ARV,Pediatric,ABBVIE LOGISTICS (FORMERLY ABBOTT LOGISTICS BV),"Lopinavir/Ritonavir 100/25mg [Aluvia], tablets, 60 Tabs",Lopinavir/Ritonavir,Generic,100/25mg,Tablet,ABBVIE Ludwigshafen Germany,54781,60,2890,17166.6,5.94,0.1,20.21,,,TRUE,7/7/15,7/7/15,,5/7/15
107-RW-T30,FPQ-15065,SCMS-263330,ASN-30488,Rwanda,PMO - US,Direct Drop,EXW,Air,HRDT,HIV test,"SHANGHAI KEHUA BIOENGINEERING CO.,LTD.  (KHB)","HIV 1/2, SKB Colloidal Gold, Diagnostic Kit, Antibody, 50 Tests","HIV 1/2, Colloidal Gold, Diagnostic Kit, Antibody",Colloidal Gold,N/A,Test kit,"KHB Test Kit Facility, Shanghai China",54792,1,4099,100425.5,24.5,24.5,103.24,2733,36060,TRUE,2/18/15,2/18/15,,12/18/14
116-ZA-T30,FPQ-14942,SCMS-259075,ASN-32138,South Africa,PMO - US,Direct Drop,DDP,Truck,ARV,Pediatric,PHARMACY DIRECT,"Efavirenz 50mg, capsule, 30 Caps",Efavirenz,Generic,50mg,Capsule,"Aurobindo Unit III, India",54827,30,3,6.49,2.16,0.07,0.01,,,FALSE,5/12/15,5/12/15,,5/11/15
107-RW-T30,FPQ-9168,SCMS-137551,ASN-15765,Rwanda,PMO - US,Direct Drop,EXW,Air,ARV,Adult,MYLAN LABORATORIES LTD (FORMERLY MATRIX LABORATORIES),"Lamivudine/Tenofovir Disoproxil Fumarate 300/300mg, tablets, 30 Tabs",Lamivudine/Tenofovir Disoproxil Fumarate,Generic,300/300mg,Tablet - FDC,Mylan (formerly Matrix) Nashik,54828,30,131704,683543.75,5.19,0.17,958.33,10818,119695.66,TRUE,8/16/12,8/16/12,,5/31/12
108-VN-T30,FPQ-10287,SCMS-156160,ASN-16915,Vietnam,PMO - US,Direct Drop,EXW,Air,ARV,Adult,CIPLA LIMITED,"Zidovudine 300mg, tablets, 60 Tabs",Zidovudine,Generic,300mg,Tablet,"Cipla, Goa, India",54829,60,1475,9735,6.6,0.11,13.65,96,678.83,TRUE,11/15/12,11/15/12,,8/15/12
133-NG-T30,FPQ-10765,SCMS-162440,ASN-17524,Nigeria,PMO - US,Direct Drop,EXW,Air,HRDT,HIV test,"Orgenics, Ltd","HIV 1/2, Determine Complete HIV Kit, 100 Tests","HIV 1/2, Determine Complete HIV Kit",Determine,N/A,Test kit,"Alere Medical Co., Ltd.",54840,100,2744,244216,89,0.89,342.39,1186,24927.19,TRUE,1/9/13,1/8/13,,10/16/12
116-ZA-T30,FPQ-14942,SCMS-259079,ASN-33851,South Africa,PMO - US,Direct Drop,DDP,Truck,ARV,Adult,PHARMACY DIRECT,"Didanosine 250mg, delayed-release capsules, 30 Caps",Didanosine,Generic,250mg,Delayed-release capsules,"Aurobindo Unit III, India",54934,30,6,71.03,11.84,0.39,0.07,,,FALSE,8/24/15,8/24/15,,10/9/14
117-ET-T30,FPQ-5582,SCMS-72370,ASN-6930,Ethiopia,PMO - US,Direct Drop,EXW,Air,ARV,Adult,Aurobindo Pharma Limited,"Didanosine 250mg, delayed-release capsules, 30 Caps",Didanosine,Generic,250mg,Delayed-release capsules,"Aurobindo Unit III, India",54952,30,3000,39000,13,0.43,84.08,201,1120.57,TRUE,5/21/10,5/21/10,,4/29/10
116-ZA-T30,FPQ-5630,SCMS-72760,ASN-7111,South Africa,PMO - US,Direct Drop,DDP,Truck,ARV,Pediatric,S. BUYS WHOLESALER,"Nevirapine 10mg/ml [Viramune], oral suspension, Bottle, 240 ml",Nevirapine,Viramune,10mg/ml,Oral suspension,Boehringer Ingelheim Roxane US,54955,240,20,310.55,15.53,0.06,0.67,,,FALSE,5/12/10,5/12/10,,5/5/10
116-ZA-T30,FPQ-5535,SCMS-71370,ASN-7373,South Africa,PMO - US,Direct Drop,DDP,Truck,ARV,Adult,S. BUYS WHOLESALER,"Nevirapine 200mg, tablets, 60 Tabs",Nevirapine,Generic,200mg,Tablet,"Cipla, Goa, India",54956,60,450,10244.69,22.77,0.38,22.09,,,FALSE,5/31/10,5/31/10,,4/21/10
108-VN-T30,FPQ-13976,SCMS-235630,ASN-28049,Vietnam,PMO - US,Direct Drop,FCA,Air,ARV,Adult,ABBVIE LOGISTICS (FORMERLY ABBOTT LOGISTICS BV),"Ritonavir 100mg [Norvir], film coated tablets, 30 Tabs",Ritonavir,Norvir,100mg,Tablet,ABBVIE Ludwigshafen Germany,54957,30,100,2326,23.26,0.78,2.39,,,TRUE,10/7/14,10/7/14,,4/30/14
116-ZA-T30,FPQ-12522,SCMS-199280,ASN-24433,South Africa,PMO - US,Direct Drop,DDP,Truck,ARV,Adult,S. BUYS WHOLESALER,"Lamivudine/Nevirapine/Stavudine 150/200/30mg, tablets, 60 Tabs",Lamivudine/Nevirapine/Stavudine,Generic,150/200/30mg,Tablet - FDC,"Cipla, Goa, India",54960,60,4,120.98,30.24,0.5,0.15,,,FALSE,2/7/14,2/7/14,,8/13/13
102-KE-T30,FPQ-6114,SCMS-80820,ASN-8590,Kenya,PMO - US,Direct Drop,EXW,Air,HRDT,HIV test,"Orgenics, Ltd","HIV 1/2, Determine Complete HIV Kit, 100 Tests","HIV 1/2, Determine Complete HIV Kit",Determine,N/A,Test kit,Inverness Japan,54965,100,1,89,89,0.89,0.19,1233,13753.58,TRUE,11/12/10,11/12/10,,8/27/10
104-CI-T30,FPQ-8327,SCMS-124790,ASN-13658,Côte d'Ivoire,PMO - US,Direct Drop,FCA,Ocean,ARV,Adult,ABBVIE LOGISTICS (FORMERLY ABBOTT LOGISTICS BV),"Lopinavir/Ritonavir 200/50mg [Aluvia], tablets, 120 Tabs",Lopinavir/Ritonavir,Aluvia,200/50mg,Tablet,ABBVIE Ludwigshafen Germany,54973,120,14420,444424.4,30.82,0.26,733.3,,,TRUE,3/23/12,3/23/12,,11/18/11
109-TZ-T30,FPQ-12588,SCMS-202300,ASN-22082,Tanzania,PMO - US,Direct Drop,FCA,Air,ARV,Pediatric,ABBVIE LOGISTICS (FORMERLY ABBOTT LOGISTICS BV),"Lopinavir/Ritonavir 100/25mg [Aluvia], tablets, 60 Tabs",Lopinavir/Ritonavir,Generic,100/25mg,Tablet,ABBVIE Ludwigshafen Germany,54984,60,2736,16251.84,5.94,0.1,20.1,328,3940.54,TRUE,11/21/13,11/21/13,,8/9/13
133-NG-T30,FPQ-7634,SCMS-108730,ASN-12331,Nigeria,PMO - US,Direct Drop,EXW,Air,HRDT,HIV test,"CHEMBIO DIAGNOSTIC SYSTEMS, INC.","HIV 1/2, Stat-Pak HIV, Kit, 20 Tests","HIV 1/2, Stat-Pak HIV, Kit",Stat-Pak,N/A,Test kit,Chembio Diagnostics Sys. Inc.,54986,20,1301,37729,29,1.45,62.25,376,2162.26,TRUE,10/12/11,10/12/11,,5/18/11
116-ZA-T30,FPQ-13973,SCMS-238550,ASN-30792,South Africa,PMO - US,Direct Drop,DDP,Truck,ARV,Adult,PHARMACY DIRECT,"Lamivudine/Zidovudine 150/300mg, tablets, 60 Tabs",Lamivudine/Zidovudine,Generic,150/300mg,Tablet - FDC,"Aurobindo Unit III, India",55009,60,3,93.57,31.19,0.52,0.1,,,FALSE,2/19/15,2/19/15,,5/8/14
109-TZ-T30,FPQ-12540,SCMS-198801,ASN-21502,Tanzania,PMO - US,Direct Drop,EXW,Ocean,ARV,Adult,MYLAN LABORATORIES LTD (FORMERLY MATRIX LABORATORIES),"Efavirenz/Emtricitabine/Tenofovir Disoproxil Fumarate 600/200/300mg, tablets, 30 Tabs",Efavirenz/Emtricitabine/Tenofovir Disoproxil Fumarate,Generic,600/200/300mg,Tablet - FDC,Mylan (formerly Matrix) Nashik,55017,30,163929,2047473.2,12.49,0.42,2532.72,21675,20312.64,TRUE,10/23/13,10/23/13,,8/27/13
114-UG-T30,FPQ-10788,SCMS-162740,ASN-17430,Uganda,PMO - US,Direct Drop,DAP,Air,ARV,Adult,ASPEN PHARMACARE,"Darunavir 300mg [Prezista], tablets, 120 Tabs",Darunavir,Prezista,300mg,Tablet,"Aspen-OSD, Port Elizabeth, SA",55018,120,312,20779.2,66.6,0.55,25.7,,,FALSE,12/14/12,12/14/12,,10/25/12
104-CI-T30,FPQ-6183,SCMS-83691,ASN-8512,Côte d'Ivoire,PMO - US,Direct Drop,CIP,Air,ARV,Adult,MERCK SHARP & DOHME IDEA GMBH (FORMALLY MERCK SHARP & DOHME B.V.),"Efavirenz/Emtricitabine/Tenofovir Disoproxil Fumarate 600/200/300mg [Atripla], tablets, 30 Tabs",Efavirenz/Emtricitabine/Tenofovir Disoproxil Fumarate,Atripla,600/200/300mg,Tablet - FDC,"MSD, Haarlem, NL",55030,30,2000,100800,50.4,1.68,217.32,269,1315.14,TRUE,10/27/10,10/27/10,,9/10/10
900-UG-T30,FPQ-10089,SCMS-149400,ASN-15428,Uganda,PMO - US,Direct Drop,EXW,Air,ARV,Adult,Aurobindo Pharma Limited,"Efavirenz 600mg, tablets, 30 Tabs",Efavirenz,Generic,600mg,Tablet,"Aurobindo Unit III, India",55049,30,54383,184902.2,3.4,0.11,259.23,4668,20869.6,TRUE,7/23/12,7/18/12,,6/12/12
107-RW-T30,FPQ-6186,SCMS-83360,ASN-9434,Rwanda,PMO - US,Direct Drop,CIP,Air,ARV,Adult,HETERO LABS LIMITED,"Efavirenz 600mg, tablets, 30 Tabs",Efavirenz,Generic,600mg,Tablet,Hetero Unit III Hyderabad IN,55050,30,2094,9067.02,4.33,0.14,19.55,,,TRUE,1/11/11,1/11/11,,9/27/10
105-GY-T30,FPQ-12057,SCMS-189040,ASN-19842,Guyana,PMO - US,Direct Drop,EXW,Air,ARV,Adult,Aurobindo Pharma Limited,"Stavudine 15mg, capsules, 60 Caps",Stavudine,Generic,15mg,Capsule,"Aurobindo Unit III, India",55053,60,10,13,1.3,0.02,0.02,1,618.89,TRUE,7/1/13,7/1/13,,5/23/13
117-ET-T30,FPQ-15928,SCMS-280470,ASN-32557,Ethiopia,PMO - US,Direct Drop,EXW,Air,HRDT,HIV test,"Trinity Biotech, Plc","HIV 1/2, Uni-Gold HIV Kit, 20 Tests","HIV 1/2, Uni-Gold HIV Kit",Uni-Gold,N/A,Test kit,"Trinity Biotech, Plc",55064,20,170,5440,32,1.6,6.4,58,143.57,TRUE,6/24/15,6/24/15,,3/17/15
133-NG-T30,FPQ-12456,SCMS-196561,ASN-22348,Nigeria,PMO - US,Direct Drop,EXW,Air,HRDT,HIV test,"Orgenics, Ltd","HIV 1/2, Determine Complete HIV Kit, 100 Tests","HIV 1/2, Determine Complete HIV Kit",Determine,N/A,Test kit,"Alere Medical Co., Ltd.",55072,100,3053,271717,89,0.89,336.11,1240,20705.23,TRUE,11/7/13,11/7/13,,7/10/13
116-ZA-T30,FPQ-15269,SCMS-267020,ASN-29764,South Africa,PMO - US,Direct Drop,DDP,Truck,ARV,Adult,S. BUYS WHOLESALER,"Didanosine 250mg, delayed-release capsules, 30 Caps",Didanosine,Generic,250mg,Delayed-release capsules,"Aurobindo Unit III, India",55083,30,4,54.01,13.5,0.45,0.06,,,FALSE,12/10/14,12/10/14,,12/10/14
107-RW-T30,FPQ-8741,SCMS-129520,ASN-15268,Rwanda,PMO - US,Direct Drop,EXW,Ocean,ARV,Pediatric,CIPLA LIMITED,"Lamivudine 10mg/ml, oral solution, Bottle, 240 ml",Lamivudine,Generic,10mg/ml,Oral solution,"Cipla, Goa, India",55085,240,7840,13720,1.75,0.01,19.24,2995,20193.21,TRUE,8/27/12,8/27/12,,3/9/12
133-NG-T30,FPQ-15504,SCMS-270760,ASN-31768,Nigeria,PMO - US,Direct Drop,EXW,Air,HRDT,HIV test,"CHEMBIO DIAGNOSTIC SYSTEMS, INC.","HIV 1/2, Stat-Pak HIV, Kit, 20 Tests","HIV 1/2, Stat-Pak HIV, Kit",Stat-Pak,N/A,Test kit,Chembio Diagnostics Sys. Inc.,55087,20,1620,51840,32,1.6,61.02,,,TRUE,4/30/15,4/30/15,,1/26/15
116-ZA-T30,FPQ-12522,SCMS-199289,ASN-28033,South Africa,PMO - US,Direct Drop,DDP,Truck,ARV,Pediatric,S. BUYS WHOLESALER,"Efavirenz 50mg, capsule, 30 Caps",Efavirenz,Generic,50mg,Capsule,"Aurobindo Unit III, India",55093,30,99,328.31,3.32,0.11,0.41,,,FALSE,8/29/14,8/29/14,,8/29/14
105-SS-T30,FPQ-15569,SCMS-272140,ASN-31129,South Sudan,PMO - US,Direct Drop,EXW,Air,HRDT,HIV test,"Trinity Biotech, Plc","HIV 1/2, Uni-Gold HIV Kit, 20 Tests","HIV 1/2, Uni-Gold HIV Kit",Uni-Gold,N/A,Test kit,"Trinity Biotech, Plc",55138,20,450,14400,32,1.6,16.95,,,FALSE,5/8/15,5/8/15,,2/20/15
110-ZM-T30,FPQ-4141,SCMS-53261,ASN-5853,Zambia,PMO - US,Direct Drop,EXW,Air,HRDT,HIV test,"Orgenics, Ltd","HIV 1/2, Determine Complete HIV Kit, 100 Tests","HIV 1/2, Determine Complete HIV Kit",Determine,N/A,Test kit,Inverness Japan,55159,100,1820,131040,72,0.72,256.84,,,FALSE,1/28/10,1/28/10,,9/11/09
116-ZA-T30,FPQ-3596,SCMS-50360,ASN-5451,South Africa,PMO - US,Direct Drop,DDP,Truck,ARV,Adult,S. BUYS WHOLESALER,"Zidovudine 300mg, tablets, 60 Tabs",Zidovudine,Generic,300mg,Tablet,"Aurobindo Unit III, India",55160,60,1600,41783.61,26.11,0.44,81.9,,,TRUE,10/29/09,10/29/09,,9/22/09
114-UG-T30,FPQ-5276,SCMS-68290,ASN-6736,Uganda,PMO - US,Direct Drop,FCA,Air,ARV,Adult,ABBVIE LOGISTICS (FORMERLY ABBOTT LOGISTICS BV),"Lopinavir/Ritonavir 200/50mg [Aluvia], tablets, 120 Tabs",Lopinavir/Ritonavir,Aluvia,200/50mg,Tablet,ABBVIE Ludwigshafen Germany,55180,120,100,3616,36.16,0.3,7.8,36,1084.27,TRUE,5/4/10,5/4/10,,3/18/10
109-TZ-T30,FPQ-8071,SCMS-116830,ASN-13082,Tanzania,PMO - US,Direct Drop,EXW,Air,HRDT,HIV test,"Trinity Biotech, Plc","HIV 1/2, Uni-Gold HIV Kit, 20 Tests","HIV 1/2, Uni-Gold HIV Kit",Uni-Gold,N/A,Test kit,"Trinity Biotech, Plc",55188,20,450,14400,32,1.6,23.76,148,1938.15,TRUE,2/9/12,2/9/12,,7/28/11
110-PK-T30,FPQ-9348,SCMS-143510,ASN-15070,Pakistan,PMO - US,Direct Drop,EXW,Air,HRDT,HIV test,"Orgenics, Ltd","HIV 1/2, Determine Complete HIV Kit, 100 Tests","HIV 1/2, Determine Complete HIV Kit",Determine,N/A,Test kit,"Alere Medical Co., Ltd.",55206,100,4484,358720,80,0.8,502.93,2134,32272,TRUE,7/20/12,7/20/12,,4/19/12
116-ZA-T30,FPQ-14942,SCMS-259075,ASN-32122,South Africa,PMO - US,Direct Drop,DDP,Truck,ARV,Adult,PHARMACY DIRECT,"Nevirapine 200mg, tablets, 60 Tabs",Nevirapine,Generic,200mg,Tablet,"Aurobindo Unit III, India",55220,60,20,256.48,12.82,0.21,0.26,,,FALSE,5/12/15,5/12/15,,5/11/15
161-ZA-T30,FPQ-5303,SCMS-68940,ASN-8249,South Africa,PMO - US,Direct Drop,DDP,Air,ARV,Adult,Aurobindo Pharma Limited,"Efavirenz 600mg, tablets, 30 Tabs",Efavirenz,Generic,600mg,Tablet,"Aurobindo Unit III, India",55225,30,31680,147945.6,4.67,0.16,318.97,2970,4263.08,TRUE,9/7/10,11/17/10,,3/19/10
108-VN-T30,FPQ-9001,SCMS-131690,ASN-14517,Vietnam,PMO - US,Direct Drop,EXW,Air,ARV,Adult,MYLAN LABORATORIES LTD (FORMERLY MATRIX LABORATORIES),"Abacavir 300mg, tablets, 60 Tabs",Abacavir,Generic,300mg,Tablet,Mylan (formerly Matrix) Nashik,55238,60,368,4784,13,0.22,6.71,,,FALSE,5/16/12,5/16/12,,1/16/12
161-ZA-T30,FPQ-5303,SCMS-68981,ASN-8442,South Africa,PMO - US,Direct Drop,DDP,Air,ARV,Adult,Aurobindo Pharma Limited,"Nevirapine 200mg, tablets, 60 Tabs",Nevirapine,Generic,200mg,Tablet,"Aurobindo Unit III, India",55253,60,26400,77088,2.92,0.05,166.2,3113,5159.33,TRUE,12/8/10,12/8/10,,3/19/10
108-VN-T30,FPQ-5899,SCMS-77280,ASN-8060,Vietnam,PMO - US,Direct Drop,EXW,Air,ARV,Adult,MYLAN LABORATORIES LTD (FORMERLY MATRIX LABORATORIES),"Abacavir 300mg, tablets, 60 Tabs",Abacavir,Generic,300mg,Tablet,Mylan (formerly Matrix) Nashik,55297,60,100,1574,15.74,0.26,3.39,10,3896.68,TRUE,9/20/10,9/20/10,,6/30/10
108-VN-T30,FPQ-16194,SCMS-285490,ASN-33143,Vietnam,PMO - US,Direct Drop,EXW,Air,ARV,Adult,HETERO LABS LIMITED,"Efavirenz/Lamivudine/Tenofovir Disoproxil Fumarate 600/300/300mg, tablets, 30 Tabs",Efavirenz/Lamivudine/Tenofovir Disoproxil Fumarate,Generic,600/300/300mg,Tablet - FDC,Hetero Unit III Hyderabad IN,55304,30,15284,145198,9.5,0.32,170.9,,,FALSE,9/7/15,9/7/15,,5/13/15
161-ZA-T30,FPQ-5303,SCMS-68940,ASN-8124,South Africa,PMO - US,Direct Drop,DDP,Air,ARV,Adult,Aurobindo Pharma Limited,"Efavirenz 600mg, tablets, 30 Tabs",Efavirenz,Generic,600mg,Tablet,"Aurobindo Unit III, India",55322,30,31680,147945.6,4.67,0.16,318.97,2970,4263.07,TRUE,9/7/10,10/27/10,,3/19/10
161-ZA-T30,FPQ-5303,SCMS-68860,ASN-6933,South Africa,PMO - US,Direct Drop,DDP,Air,ARV,Adult,Aurobindo Pharma Limited,"Efavirenz 600mg, tablets, 30 Tabs",Efavirenz,Generic,600mg,Tablet,"Aurobindo Unit III, India",55331,30,53916,251787.72,4.67,0.16,542.85,4561,6105.79,TRUE,6/1/10,6/8/10,,3/19/10
108-VN-T30,FPQ-6384,SCMS-87710,ASN-9710,Vietnam,PMO - US,Direct Drop,FCA,Air,ARV,Adult,ABBVIE LOGISTICS (FORMERLY ABBOTT LOGISTICS BV),"Ritonavir 100mg [Norvir], capsules, cool, 4 x 84 Caps",Ritonavir,Norvir,100mg,Capsule,ABBVIE (Abbott) Logis. UK,55376,336,18,3717.18,206.51,0.61,8.01,55,3785.84,TRUE,2/25/11,2/25/11,,10/14/10
109-TZ-T30,FPQ-12588,SCMS-202310,ASN-22266,Tanzania,PMO - US,Direct Drop,FCA,Air,ARV,Pediatric,ABBVIE LOGISTICS (FORMERLY ABBOTT LOGISTICS BV),"Lopinavir/Ritonavir 80/20mg/ml [Kaletra], oral solution, cool, Bottle 5 x 60 ml",Lopinavir/Ritonavir,Kaletra,80/20mg/ml,Oral solution,ABBVIE (Abbott) Logis. UK,55401,300,264,8136.48,30.82,0.1,10.06,257,2160.36,TRUE,11/21/13,11/21/13,,8/9/13
107-RW-T30,FPQ-15065,SCMS-263310,ASN-30276,Rwanda,PMO - US,Direct Drop,EXW,Air,HRDT,HIV test,"Trinity Biotech, Plc","HIV 1/2, Uni-Gold HIV Kit, 20 Tests","HIV 1/2, Uni-Gold HIV Kit",Uni-Gold,N/A,Test kit,"Trinity Biotech, Plc",55453,20,369,11808,32,1.6,12.14,115,1729.95,TRUE,2/18/15,2/18/15,,12/16/14
104-CI-T30,FPQ-3967,SCMS-52710,ASN-5582,Côte d'Ivoire,PMO - US,Direct Drop,CIP,Air,ARV,Adult,MERCK SHARP & DOHME IDEA GMBH (FORMALLY MERCK SHARP & DOHME B.V.),"Efavirenz/Emtricitabine/Tenofovir Disoproxil Fumarate 600/200/300mg [Atripla], tablets, 30 Tabs",Efavirenz/Emtricitabine/Tenofovir Disoproxil Fumarate,Atripla,600/200/300mg,Tablet - FDC,"MSD, Haarlem, NL",55474,30,5320,268128,50.4,1.68,525.53,464,30,TRUE,12/18/09,12/18/09,,9/25/09
117-ET-T30,FPQ-9096,SCMS-133350,ASN-15835,Ethiopia,PMO - US,Direct Drop,EXW,Air,HRDT,HIV test,"Trinity Biotech, Plc","HIV 1/2, Uni-Gold HIV Kit, 20 Tests","HIV 1/2, Uni-Gold HIV Kit",Uni-Gold,N/A,Test kit,"Trinity Biotech, Plc",55504,20,27,864,32,1.6,1.21,10,490.23,TRUE,8/29/12,8/29/12,,1/23/12
109-TZ-T30,FPQ-9211,SCMS-136920,ASN-14274,Tanzania,PMO - US,Direct Drop,EXW,Air,HRDT,HIV test,"Orgenics, Ltd","HIV 1/2, Determine Complete HIV Kit, 100 Tests","HIV 1/2, Determine Complete HIV Kit",Determine,N/A,Test kit,"Alere Medical Co., Ltd.",55518,100,2870,229600,80,0.8,321.9,1368,24308.25,TRUE,5/8/12,5/8/12,,2/17/12
117-ET-T30,FPQ-9096,SCMS-133390,ASN-13875,Ethiopia,PMO - US,Direct Drop,EXW,Air,HRDT,HIV test,"SHANGHAI KEHUA BIOENGINEERING CO.,LTD.  (KHB)","HIV 1/2, SKB Colloidal Gold, Diagnostic Kit, Antibody, 50 Tests","HIV 1/2, Colloidal Gold, Diagnostic Kit, Antibody",Colloidal Gold,N/A,Test kit,"KHB Test Kit Facility, Shanghai China",55520,1,175,4287.5,24.5,24.5,6.01,1,1437.62,TRUE,3/14/12,3/14/12,,1/23/12
161-ZA-T30,FPQ-6708,SCMS-93500,ASN-9847,South Africa,PMO - US,Direct Drop,DDP,Ocean,ARV,Pediatric,Aurobindo Pharma Limited,"Nevirapine 10mg/ml, oral suspension w/syringe, Bottle, 240 ml",Nevirapine,Generic,10mg/ml,Oral suspension,"Aurobindo Unit III, India",55522,240,27910,59169.2,2.12,0.01,97.63,10346,3961.7,TRUE,4/4/11,4/4/11,,12/14/10
116-ZA-T30,FPQ-13973,SCMS-238551,ASN-26882,South Africa,PMO - US,Direct Drop,DDP,Truck,ARV,Adult,PHARMACY DIRECT,"Didanosine 400mg, delayed-release capsules, 30 Caps",Didanosine,Generic,400mg,Delayed-release capsules,"Aurobindo Unit III, India",55568,30,8,157.41,19.68,0.66,0.16,,,FALSE,6/25/14,6/25/14,,6/25/14
108-VN-T30,FPQ-14516,SCMS-249040,ASN-29768,Vietnam,PMO - US,Direct Drop,EXW,Air,ARV,Adult,MYLAN LABORATORIES LTD (FORMERLY MATRIX LABORATORIES),"Lamivudine/Zidovudine 150/300mg, tablets, 60 Tabs",Lamivudine/Zidovudine,Generic,150/300mg,Tablet - FDC,Mylan (formerly Matrix) Nashik,55643,60,10000,64900,6.49,0.11,66.72,,,FALSE,2/5/15,2/5/15,,8/8/14
900-TZ-T30,FPQ-10396,SCMS-157661,ASN-17083,Tanzania,PMO - US,Direct Drop,EXW,Air,HRDT,HIV test,"Orgenics, Ltd","HIV 1/2, Determine Complete HIV Kit, 100 Tests","HIV 1/2, Determine Complete HIV Kit",Determine,N/A,Test kit,"Alere Medical Co., Ltd.",55679,100,2744,219520,80,0.8,307.77,1303,22158.58,TRUE,12/7/12,11/30/12,,10/4/12
106-HT-T30,FPQ-9635,SCMS-148420,ASN-15616,Haiti,PMO - US,Direct Drop,EXW,Air,ARV,Adult,STRIDES ARCOLAB LIMITED,"Lamivudine/Stavudine 150/30mg, tablets, 60 Tabs",Lamivudine/Stavudine,Generic,150/30mg,Tablet - FDC,"Strides, Bangalore, India.",55706,60,384,1121.28,2.92,0.05,1.57,20,950.05,TRUE,8/7/12,8/7/12,,6/28/12
108-VN-T30,FPQ-16194,SCMS-285500,ASN-33266,Vietnam,PMO - US,Direct Drop,EXW,Air,ARV,Adult,HETERO LABS LIMITED,"Efavirenz/Lamivudine/Tenofovir Disoproxil Fumarate 600/300/300mg, tablets, 30 Tabs",Efavirenz/Lamivudine/Tenofovir Disoproxil Fumarate,Generic,600/300/300mg,Tablet - FDC,Hetero Unit III Hyderabad IN,55712,30,15552,147744,9.5,0.32,173.89,,,FALSE,9/3/15,9/3/15,,5/13/15
111-MZ-T30,FPQ-12686,SCMS-205500,ASN-22375,Mozambique,PMO - US,Direct Drop,EXW,Air,HRDT,HIV test,"Orgenics, Ltd","HIV 1/2, Determine Complete HIV Kit, 100 Tests","HIV 1/2, Determine Complete HIV Kit",Determine,N/A,Test kit,"Alere Medical Co., Ltd.",55715,100,645,51600,80,0.8,63.83,267,3453.53,TRUE,11/4/13,11/4/13,,9/11/13
116-ZA-T30,FPQ-14942,SCMS-259074,ASN-31070,South Africa,PMO - US,Direct Drop,DDP,Truck,ARV,Adult,PHARMACY DIRECT,"Didanosine 400mg, delayed-release capsules, 30 Caps",Didanosine,Generic,400mg,Delayed-release capsules,"Aurobindo Unit III, India",55716,30,6,85.31,14.22,0.47,0.09,,,FALSE,3/9/15,3/9/15,,3/9/15
111-MZ-T30,FPQ-14235,SCMS-247370,ASN-30197,Mozambique,PMO - US,Direct Drop,CIP,Air,ARV,Adult,MERCK SHARP & DOHME IDEA GMBH (FORMALLY MERCK SHARP & DOHME B.V.),"Raltegravir 400mg [Isentress], tablets, 60 Tabs",Raltegravir,Isentress,400mg,Tablet,"MSD, Haarlem, NL",55730,60,40,2220,55.5,0.92,2.28,,,TRUE,1/20/15,1/20/15,,7/25/14
109-TZ-T30,FPQ-5900,SCMS-76980,ASN-7443,Tanzania,PMO - US,Direct Drop,EXW,Air,ARV,Adult,Aurobindo Pharma Limited,"Nevirapine 200mg, tablets, 60 Tabs",Nevirapine,Generic,200mg,Tablet,"Aurobindo Unit III, India",55737,60,28755,74763,2.6,0.04,161.19,3392,20294.85,TRUE,8/7/10,8/7/10,,6/24/10
119-NA-T30,FPQ-4857,SCMS-62730,ASN-6358,Namibia,PMO - US,Direct Drop,EXW,Air,HRDT,HIV test,"Trinity Biotech, Plc","HIV 1/2, Uni-Gold HIV Kit, 20 Tests","HIV 1/2, Uni-Gold HIV Kit",Uni-Gold,N/A,Test kit,"Trinity Biotech, Plc",55764,20,2000,64000,32,1.6,137.98,687,17918.72,TRUE,4/29/10,4/29/10,,1/8/10
116-ZA-T30,FPQ-12523,SCMS-199315,ASN-27212,South Africa,PMO - US,Direct Drop,DDP,Truck,ARV,Pediatric,S. BUYS WHOLESALER,"Atazanavir 150mg [Reyataz], capsules, 60 Caps",Atazanavir,Reyataz,150mg,Capsule,"BMS Evansville, US",55765,60,1,25.69,25.69,0.43,0.03,,,TRUE,7/11/14,7/11/14,,7/11/14
107-RW-T30,FPQ-3859,SCMS-48910,ASN-5880,Rwanda,PMO - US,Direct Drop,CIP,Air,ARV,Adult,Aurobindo Pharma Limited,"Abacavir 300mg, tablets, 60 Tabs",Abacavir,Generic,300mg,Tablet,"Aurobindo Unit III, India",55783,60,9270,179189.1,19.33,0.32,351.21,1010,16847.52,TRUE,1/27/10,1/27/10,,7/17/09
102-SD-T30,FPQ-8261,SCMS-120441,ASN-12834,Sudan,PMO - US,Direct Drop,EXW,Air,HRDT,HIV test,"Orgenics, Ltd","HIV 1/2, Determine Complete HIV Kit, 100 Tests","HIV 1/2, Determine Complete HIV Kit",Determine,N/A,Test kit,"Alere Medical Co., Ltd.",55814,100,129,11481,89,0.89,18.94,60,1133.17,TRUE,1/6/12,1/6/12,,9/14/11
106-HT-T30,FPQ-9635,SCMS-164450,ASN-17492,Haiti,PMO - US,Direct Drop,EXW,Air,ARV,Pediatric,Aurobindo Pharma Limited,"Abacavir/Lamivudine 60/30mg, tablets, 60 Tabs",Abacavir/Lamivudine,Generic,60/30mg,Tablet - FDC,"Aurobindo Unit III, India",55862,60,2516,11573.6,4.6,0.08,16.23,118,1442.83,TRUE,1/4/13,1/4/13,,11/5/12
116-ZA-T30,FPQ-11828,SCMS-183950,ASN-19166,South Africa,South Africa Field Office,Direct Drop,DDP,Truck,ARV,Adult,S. BUYS WHOLESALER,"Lamivudine/Zidovudine 150/300mg, tablets, 60 Tabs",Lamivudine/Zidovudine,Generic,150/300mg,Tablet - FDC,"Cipla, Goa, India",55890,60,1152,34884.66,30.28,0.5,43.15,,,FALSE,4/16/13,4/16/13,,
151-NG-T30,FPQ-14780,SCMS-254171,ASN-32962,Nigeria,PMO - US,Direct Drop,EXW,Air,ARV,Adult,EMCURE PHARMACEUTICALS LTD,"Atazanavir/Ritonavir 300/100mg, tablets, 30 Tabs",Atazanavir/Ritonavir,Generic,300/100mg,Tablet,"Emcure Plot No.P-2, I.T-B.T. Park, Phase II, MIDC, Hinjwadi, Pune, India",55894,30,9070,163260,18,0.6,167.83,,,TRUE,7/23/15,7/23/15,,8/29/14
109-TZ-T30,FPQ-10619,SCMS-161830,ASN-17467,Tanzania,PMO - US,Direct Drop,EXW,Air,HRDT,HIV test,"Orgenics, Ltd","HIV 1/2, Determine Complete HIV Kit, 100 Tests","HIV 1/2, Determine Complete HIV Kit",Determine,N/A,Test kit,"Alere Medical Co., Ltd.",55904,100,2352,188160,80,0.8,263.8,1016,19026.72,TRUE,12/31/12,12/31/12,,10/4/12
133-NG-T30,FPQ-12456,SCMS-196560,ASN-21219,Nigeria,PMO - US,Direct Drop,EXW,Air,HRDT,HIV test,"Orgenics, Ltd","HIV 1/2, Determine Complete HIV Kit, 100 Tests","HIV 1/2, Determine Complete HIV Kit",Determine,N/A,Test kit,"Alere Medical Co., Ltd.",55914,100,3072,273408,89,0.89,338.21,1248,13383.47,TRUE,9/18/13,9/24/13,,7/10/13
116-ZA-T30,FPQ-13973,SCMS-238555,ASN-29257,South Africa,PMO - US,Direct Drop,DDP,Truck,ARV,Pediatric,PHARMACY DIRECT,"Lamivudine 10mg/ml, oral solution, Bottle, 240 ml",Lamivudine,Generic,10mg/ml,Oral solution,"Aurobindo Unit III, India",55922,240,20,143.05,7.15,0.03,0.15,,,FALSE,11/5/14,11/5/14,,11/4/14
106-HT-T30,FPQ-13797,SCMS-233970,ASN-27794,Haiti,PMO - US,Direct Drop,EXW,Air,ARV,Pediatric,CIPLA LIMITED,"Lamivudine/Zidovudine 30/60mg, dispersible tablets, 60 Tabs",Lamivudine/Zidovudine,Generic,30/60mg,Chewable/dispersible tablet - FDC,"Cipla, Goa, India",56005,60,3184,6336.16,1.99,0.03,6.51,250,2794.21,TRUE,10/14/14,10/14/14,,4/30/14
105-SS-T30,FPQ-15569,SCMS-272160,ASN-31321,South Sudan,PMO - US,Direct Drop,EXW,Air,HRDT,HIV test - Ancillary,"Orgenics, Ltd","Capillary Tubes, for Determine, EDTA, 50uL,100 Pcs","HIV, Capillary Tubes, for Determine, EDTA, 50uL,100 Pcs",Determine,N/A,Test kit - Ancillary,"Alere Medical Co., Ltd.",56016,100,45,360,8,0.08,0.42,,,FALSE,6/3/15,6/3/15,,2/20/15
116-ZA-T30,FPQ-13973,SCMS-238554,ASN-28627,South Africa,PMO - US,Direct Drop,DDP,Truck,ARV,Adult,PHARMACY DIRECT,"Zidovudine 300mg, tablets, 60 Tabs",Zidovudine,Generic,300mg,Tablet,"Aurobindo Unit III, India",56022,60,5,124.77,24.95,0.42,0.13,,,FALSE,10/3/14,10/3/14,,10/3/14
107-RW-T30,FPQ-13874,SCMS-232310,ASN-25924,Rwanda,PMO - US,Direct Drop,EXW,Air,HRDT,HIV test,"SHANGHAI KEHUA BIOENGINEERING CO.,LTD.  (KHB)","HIV 1/2, SKB Colloidal Gold, Diagnostic Kit, Antibody, 50 Tests","HIV 1/2, Colloidal Gold, Diagnostic Kit, Antibody",Colloidal Gold,N/A,Test kit,"KHB Test Kit Facility, Shanghai China",56029,1,4230,103635,24.5,24.5,106.54,2820,37130.88,TRUE,4/28/14,6/16/14,,4/3/14
133-NG-T30,FPQ-16329,SCMS-289130,ASN-32957,Nigeria,PMO - US,Direct Drop,EXW,Air,HRDT,HIV test,"Orgenics, Ltd","HIV 1/2, Determine Complete HIV Kit, 100 Tests","HIV 1/2, Determine Complete HIV Kit",Determine,N/A,Test kit,"Alere Medical Co., Ltd.",56057,100,6388,568532,89,0.89,669.16,2590,,TRUE,7/14/15,7/14/15,,5/26/15
110-ZM-T30,FPQ-12252,SCMS-189240,ASN-20477,Zambia,PMO - US,Direct Drop,EXW,Air,HRDT,HIV test,"Orgenics, Ltd","HIV 1/2, Determine Complete HIV Kit, 100 Tests","HIV 1/2, Determine Complete HIV Kit",Determine,N/A,Test kit,"Alere Medical Co., Ltd.",56084,100,2929,234320,80,0.8,289.85,1214,18875.83,TRUE,8/5/13,7/31/13,,5/22/13
109-TZ-T30,FPQ-9211,SCMS-136930,ASN-14646,Tanzania,PMO - US,Direct Drop,EXW,Air,HRDT,HIV test,"Orgenics, Ltd","HIV 1/2, Determine Complete HIV Kit, 100 Tests","HIV 1/2, Determine Complete HIV Kit",Determine,N/A,Test kit,"Alere Medical Co., Ltd.",56106,100,2737,218960,80,0.8,306.98,1300,23269.06,TRUE,5/25/12,5/25/12,,2/17/12
108-VN-T30,FPQ-13976,SCMS-236110,ASN-28248,Vietnam,PMO - US,Direct Drop,EXW,Air,ARV,Adult,MYLAN LABORATORIES LTD (FORMERLY MATRIX LABORATORIES),"Lamivudine/Zidovudine 150/300mg, tablets, 60 Tabs",Lamivudine/Zidovudine,Generic,150/300mg,Tablet - FDC,Mylan (formerly Matrix) Nashik,56107,60,16185,105040.65,6.49,0.11,107.98,,,FALSE,11/3/14,11/3/14,,4/30/14
116-ZA-T30,FPQ-4359,SCMS-54981,ASN-5475,South Africa,PMO - US,Direct Drop,DDP,Truck,ARV,Adult,S. BUYS WHOLESALER,"Stavudine 30mg, capsules, 60 Caps",Stavudine,Generic,30mg,Capsule,"Aurobindo Unit III, India",56118,60,4500,20364.96,4.53,0.08,39.92,,,TRUE,10/27/09,10/27/09,,10/15/09
901-CM-T30,FPQ-12837,SCMS-204290,ASN-23425,Cameroon,PMO - US,Direct Drop,EXW,Air,ARV,Adult,Aurobindo Pharma Limited,"Efavirenz/Lamivudine/Tenofovir Disoproxil Fumarate 600/300/300mg, tablets, 30 Tabs",Efavirenz/Lamivudine/Tenofovir Disoproxil Fumarate,Generic,600/300/300mg,Tablet - FDC,"Aurobindo Unit VII, IN",56125,30,37732,420711.8,11.15,0.37,520.42,4962,63818.03,TRUE,1/8/14,1/8/14,,8/23/13
104-CI-T30,FPQ-4698,SCMS-62980,ASN-6559,Côte d'Ivoire,PMO - US,Direct Drop,CIP,Air,ARV,Adult,MERCK SHARP & DOHME IDEA GMBH (FORMALLY MERCK SHARP & DOHME B.V.),"Indinavir 400mg [Crixivan], capsules, 180 Caps",Indinavir,Crixivan,400mg,Capsule,"MSD, Haarlem, NL",56165,180,2000,100000,50,0.28,215.6,518,1434.5,TRUE,4/27/10,4/27/10,,2/12/10
116-ZA-T30,FPQ-5535,SCMS-71370,ASN-7373,South Africa,PMO - US,Direct Drop,DDP,Truck,ARV,Adult,S. BUYS WHOLESALER,"Abacavir 300mg [Ziagen], tablets, Blister 6 x 10 Tabs",Abacavir,Ziagen,300mg,Tablet - blister,GSK Ware (UK),56167,60,100,3988.5,39.88,0.66,8.6,,,FALSE,5/31/10,5/31/10,,4/21/10
113-ZW-T30,FPQ-13939,SCMS-234730,ASN-26146,Zimbabwe,PMO - US,Direct Drop,EXW,Air Charter,ARV,Adult,CIPLA LIMITED,"Lamivudine/Tenofovir Disoproxil Fumarate 300/300mg, tablets, 30 Tabs",Lamivudine/Tenofovir Disoproxil Fumarate,Generic,300/300mg,Tablet - FDC,"Cipla, Kurkumbh, India",56194,30,25811,118472.49,4.59,0.15,121.79,2829,24936.5,TRUE,6/14/14,6/14/14,,5/12/14
102-KE-T30,FPQ-9119,SCMS-132950,ASN-13560,Kenya,PMO - US,Direct Drop,EXW,Air,HRDT,HIV test,"Trinity Biotech, Plc","HIV 1/2, Uni-Gold HIV Kit, 20 Tests","HIV 1/2, Uni-Gold HIV Kit",Uni-Gold,N/A,Test kit,"Trinity Biotech, Plc",56234,20,18000,576000,32,1.6,807.55,5876,40091.65,TRUE,2/16/12,2/16/12,,1/6/12
101-CD-T30,FPQ-14584,SCMS-249220,ASN-27933,"Congo, DRC",PMO - US,Direct Drop,EXW,Air,ARV,Pediatric,Aurobindo Pharma Limited,"Nevirapine 50mg, dispersible tablets (tablets for oral suspension), 30 Tabs",Nevirapine,Generic,50mg,Chewable/dispersible tablet,"Aurobindo Unit III, India",56301,30,440,550,1.25,0.04,0.57,,,FALSE,11/10/14,11/10/14,,7/18/14
116-ZA-T30,FPQ-13214,SCMS-215410,ASN-23875,South Africa,PMO - US,Direct Drop,DDP,Truck,ARV,Pediatric,S. BUYS WHOLESALER,"Lamivudine 10mg/ml, oral solution w/syringe, Bottle, 240 ml",Lamivudine,Generic,10mg/ml,Oral solution,"Aurobindo Unit III, India",56310,240,4,26.78,6.7,0.03,0.03,,,FALSE,1/13/14,1/13/14,,12/2/13
161-ZA-T30,FPQ-5303,SCMS-69000,ASN-7021,South Africa,PMO - US,Direct Drop,DDP,Air,ARV,Adult,Aurobindo Pharma Limited,"Zidovudine 300mg, tablets, 60 Tabs",Zidovudine,Generic,300mg,Tablet,"Aurobindo Unit III, India",56320,60,26540,197192.2,7.43,0.12,425.15,1431,4885.21,TRUE,6/8/10,6/8/10,,3/19/10
106-HT-T30,FPQ-9635,SCMS-148440,ASN-15571,Haiti,PMO - US,Direct Drop,EXW,Ocean,ARV,Adult,MYLAN LABORATORIES LTD (FORMERLY MATRIX LABORATORIES),"Lopinavir/Ritonavir 200/50mg, tablets, 120 Tabs",Lopinavir/Ritonavir,Generic,200/50mg,Tablet,Mylan (formerly Matrix) Nashik,56331,120,2160,54000,25,0.21,75.71,,,FALSE,10/22/12,10/22/12,,6/28/12
104-CI-T30,FPQ-13622,SCMS-228860,ASN-25486,Côte d'Ivoire,PMO - US,Direct Drop,EXW,Air,ARV,Adult,Aurobindo Pharma Limited,"Didanosine 250mg, delayed-release capsules, 30 Caps",Didanosine,Generic,250mg,Delayed-release capsules,"Aurobindo Unit III, India",56332,30,1200,9096,7.58,0.25,9.35,96,1510.05,TRUE,4/29/14,4/29/14,,3/3/14
111-MZ-T30,FPQ-13134,SCMS-215590,ASN-24044,Mozambique,PMO - US,Direct Drop,EXW,Air,ARV,Adult,Aurobindo Pharma Limited,"Didanosine 400mg, delayed-release capsules, 30 Caps",Didanosine,Generic,400mg,Delayed-release capsules,"Aurobindo Unit III, India",56335,30,800,16000,20,0.67,16.45,62,1045.5,TRUE,3/2/14,3/2/14,,11/26/13
105-SS-T30,FPQ-14470,SCMS-245250,ASN-27328,South Sudan,PMO - US,Direct Drop,EXW,Air,HRDT,HIV test - Ancillary,"Orgenics, Ltd","Chase Buffer, Determine, 100 Tests, 2.5ml x 1 Vial","Chase Buffer, Determine, 100 Tests, 2.5ml x 1 Vial",Determine,N/A,Test kit - Ancillary,"Alere Medical Co., Ltd.",56367,1,160,800,5,5,0.82,,,FALSE,10/3/14,10/3/14,,6/30/14
116-ZA-T30,FPQ-14942,SCMS-259072,ASN-30377,South Africa,PMO - US,Direct Drop,DDP,Truck,ARV,Adult,PHARMACY DIRECT,"Emtricitabine/Tenofovir Disoproxil Fumarate 200/300mg, tablets, 30 Tabs",Emtricitabine/Tenofovir Disoproxil Fumarate,Generic,200/300mg,Tablet - FDC,"Aurobindo Unit III, India",56395,30,11,240.14,21.83,0.73,0.25,,,FALSE,1/26/15,1/26/15,,1/26/15
900-UG-T30,FPQ-10089,SCMS-149400,ASN-15427,Uganda,PMO - US,Direct Drop,EXW,Air,ARV,Adult,Aurobindo Pharma Limited,"Efavirenz 600mg, tablets, 30 Tabs",Efavirenz,Generic,600mg,Tablet,"Aurobindo Unit III, India",56416,30,20617,70097.8,3.4,0.11,98.28,1770,7651.56,TRUE,7/23/12,7/23/12,,6/12/12
116-ZA-T30,FPQ-14942,SCMS-295800,ASN-33865,South Africa,PMO - US,Direct Drop,DDP,Truck,ARV,Adult,PHARMACY DIRECT,"Didanosine 400mg, delayed-release capsules, 30 Caps",Didanosine,Generic,400mg,Delayed-release capsules,"Aurobindo Unit III, India",56464,30,8,122.18,15.27,0.51,0.13,,,FALSE,8/24/15,8/24/15,,8/24/15
116-ZA-T30,FPQ-14942,SCMS-259076,ASN-32524,South Africa,PMO - US,Direct Drop,DDP,Truck,ARV,Adult,PHARMACY DIRECT,"Efavirenz 600mg, tablets, 30 Tabs",Efavirenz,Generic,600mg,Tablet,"Aurobindo Unit III, India",56465,30,38,428.22,11.27,0.38,0.44,,,FALSE,6/2/15,6/2/15,,6/2/15
800-CM-T30,FPQ-12570,SCMS-200901,ASN-25986,Cameroon,PMO - US,Direct Drop,EXW,Air,HRDT,HIV test,"Orgenics, Ltd","HIV 1/2, Determine Complete HIV Kit, 100 Tests","HIV 1/2, Determine Complete HIV Kit",Determine,N/A,Test kit,"Alere Medical Co., Ltd.",56468,100,5000,400000,80,0.8,494.8,2020,29918.58,TRUE,6/10/14,6/10/14,,8/6/13
110-ZM-T30,FPQ-6263,SCMS-87290,ASN-9001,Zambia,PMO - US,Direct Drop,EXW,Air,HRDT,HIV test,"Orgenics, Ltd","HIV 1/2, Determine Complete HIV Kit, 100 Tests","HIV 1/2, Determine Complete HIV Kit",Determine,N/A,Test kit,Inverness Japan,56487,100,2814,225120,80,0.8,485.36,1363,22746.62,TRUE,12/17/10,12/21/10,,10/7/10
133-NG-T30,FPQ-7553,SCMS-108700,ASN-12000,Nigeria,PMO - US,Direct Drop,EXW,Air,HRDT,HIV test,"Trinity Biotech, Plc","HIV 1/2, Uni-Gold HIV Kit, 20 Tests","HIV 1/2, Uni-Gold HIV Kit",Uni-Gold,N/A,Test kit,"Trinity Biotech, Plc",56495,20,5791,185312,32,1.6,305.76,1918,24147.39,TRUE,9/12/11,9/12/11,,5/18/11
105-GY-T30,FPQ-11562,SCMS-180010,ASN-18895,Guyana,PMO - US,Direct Drop,EXW,Air,ARV,Pediatric,MICRO LABS LIMITED,"Efavirenz 50mg, capsule, 30 Caps",Efavirenz,Generic,50mg,Capsule,"Micro labs, Verna, Goa, India",56496,30,65,130,2,0.07,0.16,4,783.21,TRUE,4/18/13,4/18/13,,3/6/13
161-ZA-T30,FPQ-7175,SCMS-104060,ASN-11256,South Africa,PMO - US,Direct Drop,DDP,Ocean,ARV,Adult,CIPLA LIMITED,"Nevirapine 200mg, tablets, 60 Tabs",Nevirapine,Generic,200mg,Tablet,"Cipla, Goa, India",56505,60,129183,351377.75,2.72,0.05,579.77,,,TRUE,12/6/11,12/6/11,,3/28/11
102-SD-T30,FPQ-7321,SCMS-107760,ASN-10899,Sudan,PMO - US,Direct Drop,EXW,Air,HRDT,HIV test,"Standard Diagnostics, Inc.","HIV 1/2, Bioline 3.0 Kit, Lancets, Capillary pipets, Alcohol swabs included, 25 Tests","HIV 1/2, Bioline 3.0 Kit, Lancets, Capillary pipets, Alcohol swabs included",Bioline,N/A,Test kit,"Standard Diagnostics, Korea",56520,25,30,600,20,0.8,0.99,430,4500.71,TRUE,6/24/11,6/24/11,,5/2/11
111-MZ-T30,FPQ-7270,SCMS-103130,ASN-11344,Mozambique,PMO - US,Direct Drop,EXW,Ocean,HRDT,HIV test,"Trinity Biotech, Plc","HIV 1/2, Uni-Gold HIV Kit, 20 Tests","HIV 1/2, Uni-Gold HIV Kit",Uni-Gold,N/A,Test kit,"Trinity Biotech, Plc",56524,20,13300,425600,32,1.6,702.24,4472,23408.33,TRUE,11/22/11,11/22/11,,3/30/11
109-TZ-T30,FPQ-3782,SCMS-47741,ASN-5095,Tanzania,PMO - US,Direct Drop,FCA,Air,ARV,Adult,ABBVIE LOGISTICS (FORMERLY ABBOTT LOGISTICS BV),"Ritonavir 100mg [Norvir], capsules, cool, 4 x 84 Caps",Ritonavir,Norvir,100mg,Capsule,ABBVIE (Abbott) Logis. UK,56550,336,645,24742.2,38.36,0.11,48.49,1210,7015.04,TRUE,11/17/09,11/17/09,,6/23/09
104-CI-T30,FPQ-11294,SCMS-173120,ASN-19921,Côte d'Ivoire,PMO - US,Direct Drop,EXW,Air,HRDT,HIV test,"CHEMBIO DIAGNOSTIC SYSTEMS, INC.","HIV 1/2, Stat-Pak HIV, Kit, 20 Tests","HIV 1/2, Stat-Pak HIV, Kit",Stat-Pak,N/A,Test kit,Chembio Diagnostics Sys. Inc.,56637,20,2000,58000,29,1.45,71.75,576,7168.62,TRUE,6/24/13,6/24/13,,1/15/13
108-VN-T30,FPQ-7898,SCMS-113680,ASN-12291,Vietnam,PMO - US,Direct Drop,EXW,Air,ARV,Adult,HETERO LABS LIMITED,"Lamivudine/Zidovudine 150/300mg, tablets, 60 Tabs",Lamivudine/Zidovudine,Generic,150/300mg,Tablet - FDC,Hetero Unit III Hyderabad IN,56668,60,8245,67609,8.2,0.14,111.55,759,7261.69,TRUE,10/24/11,10/24/11,,7/8/11
116-ZA-T30,FPQ-12522,SCMS-199287,ASN-27751,South Africa,PMO - US,Direct Drop,DDP,Truck,ARV,Pediatric,S. BUYS WHOLESALER,"Lopinavir/Ritonavir 80/20mg/ml [Kaletra], oral solution, cool, Bottle 5 x 60 ml",Lopinavir/Ritonavir,Kaletra,80/20mg/ml,Oral solution,ABBVIE (Abbott) Logis. UK,56679,300,2,46.9,23.45,0.08,0.06,,,TRUE,8/13/14,8/13/14,,8/13/14
108-VN-T30,FPQ-15692,SCMS-274390,ASN-32265,Vietnam,PMO - US,Direct Drop,EXW,Air,ARV,Adult,HETERO LABS LIMITED,"Efavirenz/Lamivudine/Tenofovir Disoproxil Fumarate 600/300/300mg, tablets, 30 Tabs",Efavirenz/Lamivudine/Tenofovir Disoproxil Fumarate,Generic,600/300/300mg,Tablet - FDC,Hetero Unit III Hyderabad IN,56716,30,6816,68160,10,0.33,80.22,2541,5489.55,TRUE,7/10/15,7/10/15,,2/17/15
161-ZA-T30,FPQ-7175,SCMS-103480,ASN-11804,South Africa,PMO - US,Direct Drop,DDP,Ocean,ARV,Adult,Aurobindo Pharma Limited,"Abacavir 300mg, tablets, 60 Tabs",Abacavir,Generic,300mg,Tablet,"Aurobindo Unit III, India",56734,60,23845,356005.84,14.93,0.25,587.41,2283,3649.67,TRUE,1/4/12,1/4/12,,3/24/11
114-UG-T30,FPQ-11153,SCMS-177120,ASN-18910,Uganda,PMO - US,Direct Drop,EXW,Air,ARV,Pediatric,MICRO LABS LIMITED,"Efavirenz 50mg, capsule, 30 Caps",Efavirenz,Generic,50mg,Capsule,"Micro labs, Verna, Goa, India",56748,30,56,112,2,0.07,0.14,,,FALSE,4/10/13,4/10/13,,2/7/13
108-VN-T30,FPQ-9577,SCMS-145530,ASN-16123,Vietnam,PMO - US,Direct Drop,EXW,Air,ARV,Adult,MYLAN LABORATORIES LTD (FORMERLY MATRIX LABORATORIES),"Tenofovir Disoproxil Fumarate 300mg, tablets, 30 Tabs",Tenofovir Disoproxil Fumarate,Generic,300mg,Tablet,Mylan (formerly Matrix) Nashik,56772,30,41296,185419.05,4.49,0.15,259.96,,,FALSE,10/9/12,10/9/12,,6/12/12
108-VN-T30,FPQ-15692,SCMS-274390,ASN-32265,Vietnam,PMO - US,Direct Drop,EXW,Air,ARV,Adult,HETERO LABS LIMITED,"Nevirapine 200mg, tablets, 60 Tabs",Nevirapine,Generic,200mg,Tablet,Hetero Unit III Hyderabad IN,56836,60,6000,12960,2.16,0.04,15.25,,,FALSE,7/10/15,7/10/15,,2/17/15
106-HT-T30,FPQ-15038,SCMS-277520,ASN-30803,Haiti,PMO - US,Direct Drop,EXW,Air,ARV,Adult,MYLAN LABORATORIES LTD (FORMERLY MATRIX LABORATORIES),"Atazanavir/Ritonavir 300/100mg, tablets, 30 Tabs",Atazanavir/Ritonavir,Generic,300/100mg,Tablet,Mylan (formerly Matrix) Nashik,56837,30,2000,39000,19.5,0.65,40.09,280,3029.18,TRUE,3/12/15,3/12/15,,2/19/15
110-ZM-T30,FPQ-6263,SCMS-87290,ASN-8999,Zambia,PMO - US,Direct Drop,EXW,Air,HRDT,HIV test,"Orgenics, Ltd","HIV 1/2, Determine Complete HIV Kit, 100 Tests","HIV 1/2, Determine Complete HIV Kit",Determine,N/A,Test kit,Inverness Japan,56844,100,2041,163280,80,0.8,352.03,989,16654.29,TRUE,12/17/10,12/16/10,,10/7/10
106-HT-T30,FPQ-11065,SCMS-169340,ASN-18201,Haiti,PMO - US,Direct Drop,EXW,Air,HRDT,HIV test,"SHANGHAI KEHUA BIOENGINEERING CO.,LTD.  (KHB)","HIV 1/2, SKB Colloidal Gold, Diagnostic Kit, Antibody, 50 Tests","HIV 1/2, Colloidal Gold, Diagnostic Kit, Antibody",Colloidal Gold,N/A,Test kit,"KHB Test Kit Facility, Shanghai China",56861,1,250,6125,24.5,24.5,7.58,164,2204.84,TRUE,3/13/13,3/13/13,,12/12/12
106-HT-T30,FPQ-12590,SCMS-210511,ASN-24884,Haiti,PMO - US,Direct Drop,CIP,Air,ARV,Adult,HETERO LABS LIMITED,"Lamivudine/Stavudine 150/30mg, tablets, 60 Tabs",Lamivudine/Stavudine,Generic,150/30mg,Tablet - FDC,Hetero Unit III Hyderabad IN,56864,60,288,717.12,2.49,0.04,0.89,,,TRUE,3/28/14,3/28/14,,2/5/14
116-ZA-T30,FPQ-13973,SCMS-238550,ASN-30792,South Africa,PMO - US,Direct Drop,DDP,Truck,ARV,Adult,PHARMACY DIRECT,"Nevirapine 200mg, tablets, 60 Tabs",Nevirapine,Generic,200mg,Tablet,"Aurobindo Unit III, India",56870,60,3,53.24,17.75,0.3,0.05,,,FALSE,2/19/15,2/19/15,,5/8/14
133-NG-T30,FPQ-10765,SCMS-162440,ASN-17648,Nigeria,PMO - US,Direct Drop,EXW,Air,HRDT,HIV test,"Orgenics, Ltd","HIV 1/2, Determine Complete HIV Kit, 100 Tests","HIV 1/2, Determine Complete HIV Kit",Determine,N/A,Test kit,"Alere Medical Co., Ltd.",56880,100,2744,244216,89,0.89,342.39,1235,25577.2,TRUE,1/9/13,1/17/13,,10/16/12
102-SD-T30,FPQ-8261,SCMS-120451,ASN-13274,Sudan,PMO - US,Direct Drop,EXW,Air,HRDT,HIV test,"Orgenics, Ltd","HIV 1/2, Determine Complete HIV Kit, 100 Tests","HIV 1/2, Determine Complete HIV Kit",Determine,N/A,Test kit,"Alere Medical Co., Ltd.",56898,100,116,10324,89,0.89,17.03,45,1961.65,TRUE,2/3/12,2/3/12,,9/14/11
109-TZ-T30,FPQ-12197,SCMS-189360,ASN-21235,Tanzania,PMO - US,Direct Drop,EXW,Air,HRDT,HIV test,"Standard Diagnostics, Inc.","HIV 1/2, Determine Complete HIV Kit, 100 Tests","HIV 1/2, Determine Complete HIV Kit",Determine,N/A,Test kit,"Alere Medical Co., Ltd.",56899,100,2330,0,0,0,0,965,16382.89,TRUE,9/17/13,9/16/13,,5/29/13
116-ZA-T30,FPQ-13973,SCMS-238553,ASN-28021,South Africa,PMO - US,Direct Drop,DDP,Truck,ARV,Adult,PHARMACY DIRECT,"Didanosine 250mg, delayed-release capsules, 30 Caps",Didanosine,Generic,250mg,Delayed-release capsules,"Aurobindo Unit III, India",56902,30,4,60.99,15.25,0.51,0.06,,,FALSE,8/28/14,8/28/14,,8/28/14
114-UG-T30,FPQ-12290,SCMS-192360,ASN-22588,Uganda,PMO - US,Direct Drop,EXW,Air,ARV,Adult,MYLAN LABORATORIES LTD (FORMERLY MATRIX LABORATORIES),"Atazanavir 300mg, capsules, 30 Caps",Atazanavir,Generic,300mg,Capsule,Mylan (formerly Matrix) Nashik,56906,30,7035,105525,15,0.5,130.53,440,2242.71,TRUE,11/21/13,11/21/13,,6/24/13
116-ZA-T30,FPQ-14942,SCMS-259076,ASN-32524,South Africa,PMO - US,Direct Drop,DDP,Truck,ARV,Adult,PHARMACY DIRECT,"Lamivudine/Zidovudine 150/300mg, tablets, 60 Tabs",Lamivudine/Zidovudine,Generic,150/300mg,Tablet - FDC,"Aurobindo Unit III, India",56919,60,14,300.08,21.43,0.36,0.31,,,FALSE,6/2/15,6/2/15,,6/2/15
133-NG-T30,FPQ-4891,SCMS-64780,ASN-6979,Nigeria,PMO - US,Direct Drop,EXW,Air,HRDT,HIV test,"Orgenics, Ltd","HIV 1/2, Determine Complete HIV Kit, 100 Tests","HIV 1/2, Determine Complete HIV Kit",Determine,N/A,Test kit,Inverness Japan,56927,100,2100,168000,80,0.8,362.21,1002,,TRUE,5/5/10,6/16/10,,2/5/10
103-CM-T30,FPQ-12711,SCMS-203110,ASN-22043,Cameroon,PMO - US,Direct Drop,EXW,Air,HRDT,HIV test,HUMAN GMBH,"HIV 1/2, HEXAGON Rapid HIV Kit, 100 Tests","HIV 1/2, HEXAGON Rapid HIV Kit",Hexagon,N/A,Test kit,Human Diagnostic,56932,100,30,3347.4,111.58,1.12,4.14,46,1003.18,TRUE,10/10/13,10/10/13,,9/4/13
114-UG-T30,FPQ-12477,SCMS-198530,ASN-22141,Uganda,PMO - US,Direct Drop,EXW,Air,ARV,Adult,CIPLA LIMITED,"Lamivudine/Tenofovir Disoproxil Fumarate 300/300mg, tablets, 30 Tabs",Lamivudine/Tenofovir Disoproxil Fumarate,Generic,300/300mg,Tablet - FDC,"Cipla, Kurkumbh, India",56940,30,16716,76893.6,4.6,0.15,95.12,1874,7487.81,TRUE,10/30/13,10/30/13,,7/31/13
161-ZA-T30,FPQ-5648,SCMS-75650,ASN-9846,South Africa,PMO - US,Direct Drop,DDP,Ocean,ARV,Pediatric,Aurobindo Pharma Limited,"Lamivudine 10mg/ml, oral solution w/syringe, Bottle, 240 ml",Lamivudine,Generic,10mg/ml,Oral solution,"Aurobindo Unit III, India",56950,240,33476,70969.12,2.12,0.01,153.01,,,TRUE,3/17/11,3/17/11,,6/17/10
108-VN-T30,FPQ-13034,SCMS-210120,ASN-24394,Vietnam,PMO - US,Direct Drop,EXW,Air,ARV,Adult,HETERO LABS LIMITED,"Abacavir 300mg, tablets, 60 Tabs",Abacavir,Generic,300mg,Tablet,Hetero Unit III Hyderabad IN,56957,60,564,6457.8,11.45,0.19,7.99,,,FALSE,4/23/14,4/23/14,,10/10/13
111-MZ-T30,FPQ-8527,SCMS-130150,ASN-13534,Mozambique,PMO - US,Direct Drop,EXW,Ocean,HRDT,HIV test,"Trinity Biotech, Plc","HIV 1/2, Uni-Gold HIV Kit, 20 Tests","HIV 1/2, Uni-Gold HIV Kit",Uni-Gold,N/A,Test kit,"Trinity Biotech, Plc",56962,20,7400,236800,32,1.6,390.72,2471,33872.84,TRUE,2/29/12,2/29/12,,11/29/11
100-ZW-T30,FPQ-5018,SCMS-65350,ASN-6753,Zimbabwe,PMO - US,Direct Drop,EXW,Air,HRDT,HIV test,"Orgenics, Ltd","HIV 1/2, Determine Complete HIV Kit, 100 Tests","HIV 1/2, Determine Complete HIV Kit",Determine,N/A,Test kit,Inverness Japan,56996,100,2450,176400,72,0.72,380.32,1183,21170.3,TRUE,5/20/10,5/31/10,,2/17/10
104-CI-T30,FPQ-12806,SCMS-206570,ASN-24432,Côte d'Ivoire,PMO - US,Direct Drop,EXW,Air,ARV,Pediatric,Aurobindo Pharma Limited,"Zidovudine 100mg, capsules, 100 Caps",Zidovudine,Generic,100mg,Capsule,"Aurobindo Unit III, India",57016,100,400,1800,4.5,0.04,2.23,,,FALSE,2/27/14,2/27/14,,9/17/13
133-NG-T30,FPQ-12812,SCMS-210351,ASN-23946,Nigeria,PMO - US,Direct Drop,EXW,Air,HRDT,HIV test,"Orgenics, Ltd","HIV 1/2, Determine Complete HIV Kit, 100 Tests","HIV 1/2, Determine Complete HIV Kit",Determine,N/A,Test kit,"Alere Medical Co., Ltd.",57055,100,10798,961022,89,0.89,1188.78,4388,66059.65,TRUE,2/18/14,2/18/14,,11/1/13
114-UG-T30,FPQ-14407,SCMS-244540,ASN-28239,Uganda,PMO - US,Direct Drop,EXW,Air,ARV,Adult,MYLAN LABORATORIES LTD (FORMERLY MATRIX LABORATORIES),"Atazanavir/Ritonavir 300/100mg, tablets, 30 Tabs",Atazanavir/Ritonavir,Generic,300/100mg,Tablet,Mylan (formerly Matrix) Nashik,57087,30,3115,62300,20,0.67,64.04,420,2335.73,TRUE,10/28/14,10/28/14,,6/20/14
161-ZA-T30,FPQ-7175,SCMS-103500,ASN-11199,South Africa,PMO - US,Direct Drop,DDP,Ocean,ARV,Adult,Aurobindo Pharma Limited,"Lamivudine/Zidovudine 150/300mg, tablets, 60 Tabs",Lamivudine/Zidovudine,Generic,150/300mg,Tablet - FDC,"Aurobindo Unit III, India",57117,60,25000,210500,8.42,0.14,347.32,2303,3790,TRUE,9/2/11,9/2/11,,3/24/11
104-CI-T30,FPQ-4484,SCMS-56480,ASN-5620,Côte d'Ivoire,PMO - US,Direct Drop,EXW,Air,HRDT,HIV test,"Orgenics, Ltd","HIV 1/2, Determine HIV Kit, without Lancets, 100 Tests","HIV 1/2, Determine HIV Kit, without Lancets",Determine,N/A,Test kit,Inverness Japan,57173,100,3500,245000,70,0.7,528.22,794,12499.27,TRUE,1/21/10,1/21/10,,11/3/09
108-VN-T30,FPQ-4265,SCMS-57130,ASN-6266,Vietnam,PMO - US,Direct Drop,EXW,Air,ARV,Adult,Aurobindo Pharma Limited,"Lamivudine/Zidovudine 150/300mg, tablets, 60 Tabs",Lamivudine/Zidovudine,Generic,150/300mg,Tablet - FDC,"Aurobindo Unit III, India",57218,60,15204,130906.44,8.61,0.14,256.58,,,FALSE,3/19/10,3/19/10,,11/13/09
161-ZA-T30,FPQ-6262,SCMS-84250,ASN-9452,South Africa,PMO - US,Direct Drop,DDP,Ocean,ARV,Adult,STRIDES ARCOLAB LIMITED,"Lamivudine 150mg, tablets, 60 Tabs",Lamivudine,Generic,150mg,Tablet,"Strides, Bangalore, India.",57257,60,122743,303175.22,2.47,0.04,653.65,,,TRUE,12/15/10,2/11/11,,9/21/10
103-KE-T30,FPQ-9856,SCMS-149180,ASN-16494,Kenya,PMO - US,Direct Drop,EXW,Air,HRDT,HIV test,"Trinity Biotech, Plc","HIV 1/2, Uni-Gold HIV Kit, 20 Tests","HIV 1/2, Uni-Gold HIV Kit",Uni-Gold,N/A,Test kit,"Trinity Biotech, Plc",57266,20,15000,480000,32,1.6,672.96,4956,36219.03,TRUE,10/15/12,10/15/12,,6/13/12
116-ZA-T30,FPQ-11828,SCMS-183950,ASN-19166,South Africa,South Africa Field Office,Direct Drop,DDP,Truck,ARV,Adult,S. BUYS WHOLESALER,"Didanosine 400mg, delayed-release capsules, 30 Caps",Didanosine,Generic,400mg,Delayed-release capsules,"Aurobindo Unit III, India",57308,30,251,4996.06,19.9,0.66,6.18,,,FALSE,4/16/13,4/16/13,,
161-ZA-T30,FPQ-7175,SCMS-103680,ASN-13226,South Africa,PMO - US,Direct Drop,DDP,Ocean,ARV,Adult,EMCURE PHARMACEUTICALS LTD,"Efavirenz 600mg, tablets, 30 Tabs",Efavirenz,Generic,600mg,Tablet,"Emcure Plot No.P-2, I.T-B.T. Park, Phase II, MIDC, Hinjwadi, Pune, India",57339,30,105813,454995.9,4.3,0.14,750.74,8351,7292.26,TRUE,12/1/11,1/9/12,,3/23/11
116-ZA-T30,FPQ-13973,SCMS-238555,ASN-29257,South Africa,PMO - US,Direct Drop,DDP,Truck,ARV,Pediatric,PHARMACY DIRECT,"Abacavir 20mg/ml, oral solution, Bottle, 240 ml",Abacavir,Generic,20mg/ml,Oral solution,"Aurobindo Unit III, India",57344,240,45,1102.97,24.51,0.1,1.13,,,FALSE,11/5/14,11/5/14,,11/4/14
103-CM-T30,FPQ-8396,SCMS-122270,ASN-12701,Cameroon,PMO - US,Direct Drop,EXW,Air,HRDT,HIV test,HUMAN GMBH,"HIV 1/2, HEXAGON Rapid HIV Kit, 100 Tests","HIV 1/2, HEXAGON Rapid HIV Kit",Hexagon,N/A,Test kit,Human Diagnostic,57346,100,20,2231.6,111.58,1.12,3.68,30,549.16,TRUE,11/18/11,11/18/11,,9/15/11
116-ZA-T30,FPQ-14942,SCMS-259079,ASN-33851,South Africa,PMO - US,Direct Drop,DDP,Truck,ARV,Adult,PHARMACY DIRECT,"Nevirapine 200mg, tablets, 60 Tabs",Nevirapine,Generic,200mg,Tablet,"Aurobindo Unit III, India",57377,60,24,329.7,13.74,0.23,0.34,,,FALSE,8/24/15,8/24/15,,10/9/14
108-VN-T30,FPQ-4266,SCMS-56540,ASN-7740,Vietnam,PMO - US,Direct Drop,EXW,Air,ARV,Adult,Aurobindo Pharma Limited,"Lamivudine/Zidovudine 150/300mg, tablets, 60 Tabs",Lamivudine/Zidovudine,Generic,150/300mg,Tablet - FDC,"Aurobindo Unit III, India",57379,60,22008,189488.88,8.61,0.14,371.4,2148,12793.94,TRUE,8/23/10,8/23/10,,11/11/09
900-UG-T30,FPQ-10089,SCMS-149411,ASN-15514,Uganda,PMO - US,Direct Drop,EXW,Air,ARV,Adult,HETERO LABS LIMITED,"Nevirapine 200mg, tablets, 60 Tabs",Nevirapine,Generic,200mg,Tablet,Hetero Unit III Hyderabad IN,57392,60,40860,95612.4,2.34,0.04,134.05,12945,48653.36,TRUE,7/27/12,7/27/12,,6/12/12
102-SZ-T30,FPQ-10537,SCMS-159090,ASN-16722,Swaziland,PMO - US,Direct Drop,EXW,Air,HRDT,HIV test - Ancillary,"Orgenics, Ltd","Chase Buffer, Determine, 100 Tests, 2.5ml x 1 Vial","Chase Buffer, Determine, 100 Tests, 2.5ml x 1 Vial",Determine,N/A,Test kit - Ancillary,"Alere Medical Co., Ltd.",57394,1,220,1430,6.5,6.5,2,,,TRUE,10/19/12,10/19/12,,9/12/12
108-VN-T30,FPQ-13034,SCMS-210050,ASN-25327,Vietnam,PMO - US,Direct Drop,EXW,Air,ARV,Adult,MYLAN LABORATORIES LTD (FORMERLY MATRIX LABORATORIES),"Lamivudine/Nevirapine/Zidovudine 150/200/300mg, tablets, 60 Tabs",Lamivudine/Nevirapine/Zidovudine,Generic,150/300/200mg,Tablet - FDC,Mylan (formerly Matrix) Nashik,57447,60,4980,40338,8.1,0.13,49.9,695,1377.02,TRUE,5/15/14,5/15/14,,10/7/13
108-VN-T30,FPQ-14516,SCMS-249030,ASN-29588,Vietnam,PMO - US,Direct Drop,FCA,Air,ARV,Adult,ABBVIE LOGISTICS (FORMERLY ABBOTT LOGISTICS BV),"Lopinavir/Ritonavir 200/50mg [Aluvia], tablets, 120 Tabs",Lopinavir/Ritonavir,Aluvia,200/50mg,Tablet,ABBVIE Ludwigshafen Germany,57449,120,4400,267608,60.82,0.51,275.1,1073,1475.94,TRUE,1/15/15,1/15/15,,8/11/14
104-CI-T30,FPQ-5544,SCMS-71910,ASN-7323,Côte d'Ivoire,PMO - US,Direct Drop,CIP,Air,ARV,Pediatric,BRISTOL-MYERS SQUIBB,"Didanosine 50mg [Videx], chewable tablets, 60 Tabs",Didanosine,Videx,50mg,Chewable/dispersible tablet,"BMS Meymac, France",57493,60,2000,19000,9.5,0.16,40.96,391,830.05,TRUE,7/6/10,7/6/10,,4/26/10
102-AO-T30,FPQ-6434,SCMS-91620,ASN-9640,Angola,PMO - US,Direct Drop,EXW,Air,HRDT,HIV test,"Trinity Biotech, Plc","HIV 1/2, Uni-Gold HIV Kit, 20 Tests","HIV 1/2, Uni-Gold HIV Kit",Uni-Gold,N/A,Test kit,"Trinity Biotech, Plc",57513,20,500,16000,32,1.6,34.5,260,9597.9,TRUE,4/14/11,4/14/11,,11/10/10
116-ZA-T30,FPQ-12522,SCMS-199283,ASN-27978,South Africa,PMO - US,Direct Drop,DDP,Truck,ARV,Adult,S. BUYS WHOLESALER,"Efavirenz 600mg, tablets, 30 Tabs",Efavirenz,Generic,600mg,Tablet,Hetero Unit III Hyderabad IN,57537,30,203,3395.39,16.73,0.56,4.2,,,FALSE,8/27/14,8/27/14,,8/27/14
161-ZA-T30,FPQ-6262,SCMS-83810,ASN-10575,South Africa,PMO - US,Direct Drop,DDP,Ocean,ARV,Pediatric,Aurobindo Pharma Limited,"Efavirenz 50mg, capsule, 30 Caps",Efavirenz,Generic,50mg,Capsule,"Aurobindo Unit III, India",57538,30,55000,131450,2.39,0.08,283.41,3099,7321.43,TRUE,6/3/11,6/3/11,,9/24/10
101-CD-T30,FPQ-12093,SCMS-189070,ASN-20218,"Congo, DRC",PMO - US,Direct Drop,EXW,Air,ARV,Pediatric,Aurobindo Pharma Limited,"Didanosine 200mg, delayed-release capsules, 30 Caps",Didanosine,Generic,200mg,Delayed-release capsules,"Aurobindo Unit III, India",57540,30,75,825,11,0.37,1.02,,,FALSE,11/28/13,11/28/13,,5/17/13
111-MZ-T30,FPQ-7054,SCMS-98430,ASN-12216,Mozambique,PMO - US,Direct Drop,FCA,Air,ARV,Adult,Hoffmann-La Roche ltd Basel,"Saquinavir 200mg [Invirase], capsules, 270 Caps",Saquinavir,Invirase,200mg,Capsule,Roche Basel,57541,270,461,47723.35,103.52,0.38,78.74,238,2556.61,TRUE,11/2/11,11/2/11,,2/8/11
108-VN-T30,FPQ-15692,SCMS-274350,ASN-32776,Vietnam,PMO - US,Direct Drop,EXW,Air,ARV,Adult,MYLAN LABORATORIES LTD (FORMERLY MATRIX LABORATORIES),"Lamivudine/Nevirapine/Zidovudine 150/200/300mg, tablets, 60 Tabs",Lamivudine/Nevirapine/Zidovudine,Generic,150/300/200mg,Tablet - FDC,Mylan (formerly Matrix) Nashik,57582,60,6437,52139.7,8.1,0.13,61.37,,,FALSE,7/27/15,7/27/15,,2/17/15
114-UG-T30,FPQ-12477,SCMS-198541,ASN-22495,Uganda,PMO - US,Direct Drop,EXW,Air,ARV,Adult,CIPLA LIMITED,"Lamivudine/Tenofovir Disoproxil Fumarate 300/300mg, tablets, 30 Tabs",Lamivudine/Tenofovir Disoproxil Fumarate,Generic,300/300mg,Tablet - FDC,"Cipla, Kurkumbh, India",57590,30,40000,184000,4.6,0.15,227.61,4620,18550.93,TRUE,11/16/13,11/16/13,,9/10/13
900-SZ-T30,FPQ-8386,SCMS-122660,ASN-12494,Swaziland,PMO - US,Direct Drop,EXW,Ocean,ARV,Adult,MYLAN LABORATORIES LTD (FORMERLY MATRIX LABORATORIES),"Efavirenz/Lamivudine/Tenofovir Disoproxil Fumarate 600/300/300mg, tablets, 30 Tabs",Efavirenz/Lamivudine/Tenofovir Disoproxil Fumarate,Generic,600/300/300mg,Tablet - FDC,Mylan (formerly Matrix) Nashik,57596,30,97300,1371930,14.1,0.47,2263.68,11433,12323.93,TRUE,12/15/11,12/15/11,,9/22/11
107-RW-T30,FPQ-6417,SCMS-87200,ASN-8567,Rwanda,PMO - US,Direct Drop,EXW,Air,HRDT,HIV test,"Standard Diagnostics, Inc.","HIV 1/2, Bioline 3.0 Kit, (no accessories), 30 Tests","HIV 1/2, Bioline 3.0 Kit (no accessories)",Bioline,N/A,Test kit,"Standard Diagnostics, Korea",57637,30,1700,40800,24,0.8,87.96,570,9054.08,TRUE,12/23/10,12/23/10,,10/6/10
102-SD-T30,FPQ-7320,SCMS-107750,ASN-11112,Sudan,PMO - US,Direct Drop,EXW,Air,HRDT,HIV test - Ancillary,"Orgenics, Ltd","Capillary Tubes, for Determine, EDTA, 50uL,100 Pcs","HIV, Capillary Tubes, for Determine, EDTA, 50uL,100 Pcs",Determine,N/A,Test kit - Ancillary,Inverness Japan,57661,100,33,396,12,0.12,0.65,3,1209.56,TRUE,7/1/11,7/1/11,,5/2/11
103-SS-T30,FPQ-13172,SCMS-213420,ASN-23156,South Sudan,PMO - US,Direct Drop,EXW,Air,HRDT,HIV test,"Orgenics, Ltd","HIV 1/2, Determine Complete HIV Kit, 100 Tests","HIV 1/2, Determine Complete HIV Kit",Determine,N/A,Test kit,"Alere Medical Co., Ltd.",57701,100,694,61766,89,0.89,63.5,285,4350.03,TRUE,2/27/14,2/27/14,,11/6/13
144-BW-T30,FPQ-4167,SCMS-54020,ASN-6952,Botswana,PMO - US,Direct Drop,EXW,Air,HRDT,HIV test,"Orgenics, Ltd","HIV 1/2, Determine HIV Kit, without Lancets, 100 Tests","HIV 1/2, Determine HIV Kit, without Lancets",Determine,N/A,Test kit,Inverness Japan,57727,100,8,560,70,0.7,1.1,3,584.1,TRUE,6/15/10,6/15/10,,9/29/09
106-HT-T30,FPQ-11286,SCMS-176340,ASN-19535,Haiti,PMO - US,Direct Drop,EXW,Air,ARV,Adult,HETERO LABS LIMITED,"Lamivudine/Stavudine 150/30mg, tablets, 60 Tabs",Lamivudine/Stavudine,Generic,150/30mg,Tablet - FDC,Hetero Unit III Hyderabad IN,57733,60,336,836.64,2.49,0.04,1.03,37,1845.9,TRUE,6/10/13,6/10/13,,2/5/13
901-CM-T30,FPQ-12528,SCMS-196510,ASN-21499,Cameroon,PMO - US,Direct Drop,EXW,Air,ARV,Adult,MYLAN LABORATORIES LTD (FORMERLY MATRIX LABORATORIES),"Efavirenz/Lamivudine/Tenofovir Disoproxil Fumarate 600/300/300mg, tablets, 30 Tabs",Efavirenz/Lamivudine/Tenofovir Disoproxil Fumarate,Generic,600/300/300mg,Tablet - FDC,Mylan (formerly Matrix) Nashik,57738,30,44407,495138.06,11.15,0.37,612.49,5016,43408.7,TRUE,9/26/13,9/26/13,,6/28/13
106-HT-T30,FPQ-9635,SCMS-152710,ASN-16346,Haiti,PMO - US,Direct Drop,EXW,Air,ARV,Pediatric,Aurobindo Pharma Limited,"Nevirapine 50mg, dispersible tablets (tablets for oral suspension), 30 Tabs",Nevirapine,Generic,50mg,Chewable/dispersible tablet,"Aurobindo Unit III, India",57747,30,2891,3613.75,1.25,0.04,5.07,156,1887.58,TRUE,10/4/12,10/4/12,,7/12/12
116-ZA-T30,FPQ-13973,SCMS-238551,ASN-26882,South Africa,PMO - US,Direct Drop,DDP,Truck,ARV,Adult,PHARMACY DIRECT,"Abacavir 300mg, tablets, 60 Tabs",Abacavir,Generic,300mg,Tablet,"Aurobindo Unit III, India",57754,60,45,3104.58,68.99,1.15,3.19,,,FALSE,6/25/14,6/25/14,,6/25/14
106-HT-T30,FPQ-15038,SCMS-262840,ASN-31820,Haiti,PMO - US,Direct Drop,EXW,Ocean,ARV,Adult,MYLAN LABORATORIES LTD (FORMERLY MATRIX LABORATORIES),"Lamivudine/Nevirapine/Zidovudine 150/200/300mg, tablets, 60 Tabs",Lamivudine/Nevirapine/Zidovudine,Generic,150/300/200mg,Tablet - FDC,Mylan (formerly Matrix) Nashik,57779,60,60000,486000,8.1,0.13,499.61,,,FALSE,7/3/15,7/3/15,,12/24/14
111-MZ-T30,FPQ-3588,SCMS-45690,ASN-5257,Mozambique,PMO - US,Direct Drop,CIP,Air,ARV,Adult,GLAXOSMITHKLINE EXPORT LIMITED,"Abacavir/Lamivudine/Zidovudine 300/150/300mg [Trizivir], tablets, 60 Tabs",Abacavir/Lamivudine/Zidovudine,Trizivir,300/150/300mg,Tablet - FDC,GSK Ware (UK),57780,60,1676,90017.96,53.71,0.9,176.44,249,,TRUE,10/29/09,10/29/09,,5/13/09
108-VN-T30,FPQ-15692,SCMS-274390,ASN-32270,Vietnam,PMO - US,Direct Drop,EXW,Air,ARV,Adult,HETERO LABS LIMITED,"Efavirenz/Lamivudine/Tenofovir Disoproxil Fumarate 600/300/300mg, tablets, 30 Tabs",Efavirenz/Lamivudine/Tenofovir Disoproxil Fumarate,Generic,600/300/300mg,Tablet - FDC,Hetero Unit III Hyderabad IN,57812,30,1144,11440,10,0.33,13.46,,,FALSE,7/10/15,7/10/15,,2/17/15
108-VN-T30,FPQ-13524,SCMS-226260,ASN-26927,Vietnam,PMO - US,Direct Drop,EXW,Air,ARV,Adult,HETERO LABS LIMITED,"Efavirenz 600mg, tablets, 30 Tabs",Efavirenz,Generic,600mg,Tablet,Hetero Unit III Hyderabad IN,57819,30,12700,44450,3.5,0.12,45.69,,,FALSE,8/13/14,8/13/14,,3/10/14
108-VN-T30,FPQ-15692,SCMS-274370,ASN-32262,Vietnam,PMO - US,Direct Drop,EXW,Air,ARV,Adult,HETERO LABS LIMITED,"Efavirenz 600mg, tablets, 30 Tabs",Efavirenz,Generic,600mg,Tablet,Hetero Unit III Hyderabad IN,57826,30,8000,28000,3.5,0.12,32.96,,,FALSE,7/13/15,7/13/15,,2/17/15
109-TZ-T30,FPQ-4157,SCMS-52776,ASN-5591,Tanzania,PMO - US,Direct Drop,EXW,Air,HRDT,HIV test,"Standard Diagnostics, Inc.","HIV 1/2, Bioline 3.0 Kit, (no accessories), 30 Tests","HIV 1/2, Bioline 3.0 Kit (no accessories)",Bioline,N/A,Test kit,"Standard Diagnostics, Korea",57849,30,4950,118800,24,0.8,232.85,1650,11737.26,TRUE,12/24/09,12/24/09,,9/11/09
116-ZA-T30,FPQ-12522,SCMS-199289,ASN-28033,South Africa,PMO - US,Direct Drop,DDP,Truck,ARV,Adult,S. BUYS WHOLESALER,"Abacavir 300mg, tablets, 60 Tabs",Abacavir,Generic,300mg,Tablet,"Aurobindo Unit III, India",57852,60,88,6697.54,76.11,1.27,8.28,,,FALSE,8/29/14,8/29/14,,8/29/14
116-ZA-T30,FPQ-13973,SCMS-238555,ASN-29257,South Africa,PMO - US,Direct Drop,DDP,Truck,ARV,Pediatric,PHARMACY DIRECT,"Efavirenz 200mg, capsule, 90 Caps",Efavirenz,Generic,200mg,Capsule,"Aurobindo Unit III, India",57862,90,46,1085.01,23.59,0.26,1.12,,,FALSE,11/5/14,11/5/14,,11/4/14
114-UG-T30,FPQ-12290,SCMS-192210,ASN-22576,Uganda,PMO - US,Direct Drop,EXW,Air,ARV,Adult,MYLAN LABORATORIES LTD (FORMERLY MATRIX LABORATORIES),"Atazanavir 300mg, capsules, 30 Caps",Atazanavir,Generic,300mg,Capsule,Mylan (formerly Matrix) Nashik,57866,30,1946,29190,15,0.5,36.11,122,1249.78,TRUE,11/21/13,11/21/13,,6/24/13
116-ZA-T30,FPQ-3596,SCMS-50360,ASN-5451,South Africa,PMO - US,Direct Drop,DDP,Truck,ARV,Adult,S. BUYS WHOLESALER,"Lamivudine 150mg, tablets, 60 Tabs",Lamivudine,Generic,150mg,Tablet,"Aurobindo Unit III, India",57876,60,8146,79058.92,9.71,0.16,154.96,,,FALSE,10/29/09,10/29/09,,9/22/09
116-ZA-T30,FPQ-12522,SCMS-199280,ASN-24433,South Africa,PMO - US,Direct Drop,DDP,Truck,ARV,Adult,S. BUYS WHOLESALER,"Abacavir 300mg, tablets, 60 Tabs",Abacavir,Generic,300mg,Tablet,"Aurobindo Unit III, India",57886,60,72,5479.8,76.11,1.27,6.78,,,FALSE,2/7/14,2/7/14,,8/13/13
104-CI-T30,FPQ-3967,SCMS-52691,ASN-5781,Côte d'Ivoire,PMO - US,Direct Drop,CIP,Air,ARV,Pediatric,BRISTOL-MYERS SQUIBB,"Didanosine 50mg [Videx], chewable tablets, 60 Tabs",Didanosine,Videx,50mg,Chewable/dispersible tablet,"BMS Meymac, France",57902,60,386,3667,9.5,0.16,7.19,78,570.75,TRUE,1/15/10,1/15/10,,11/2/09
116-ZA-T30,FPQ-14942,SCMS-259076,ASN-32524,South Africa,PMO - US,Direct Drop,DDP,Truck,ARV,Adult,PHARMACY DIRECT,"Didanosine 400mg, delayed-release capsules, 30 Caps",Didanosine,Generic,400mg,Delayed-release capsules,"Aurobindo Unit III, India",57905,30,6,85.31,14.22,0.47,0.09,,,FALSE,6/2/15,6/2/15,,6/2/15
116-ZA-T30,FPQ-13973,SCMS-238550,ASN-30792,South Africa,PMO - US,Direct Drop,DDP,Truck,ARV,Adult,PHARMACY DIRECT,"Efavirenz 600mg, tablets, 30 Tabs",Efavirenz,Generic,600mg,Tablet,"Aurobindo Unit III, India",57909,30,3,46.79,15.6,0.52,0.05,,,FALSE,2/19/15,2/19/15,,5/8/14
110-ZM-T30,FPQ-4691,SCMS-60710,ASN-6291,Zambia,PMO - US,Direct Drop,EXW,Air,HRDT,HIV test,"Orgenics, Ltd","HIV 1/2, Determine Complete HIV Kit, 100 Tests","HIV 1/2, Determine Complete HIV Kit",Determine,N/A,Test kit,Inverness Japan,57928,100,2100,151200,72,0.72,325.99,1016,16061.5,TRUE,3/18/10,3/18/10,,12/22/09
104-CI-T30,FPQ-15618,SCMS-272200,ASN-32748,Côte d'Ivoire,PMO - US,Direct Drop,EXW,Air,HRDT,HIV test,"Orgenics, Ltd","HIV 1/2, Determine Complete HIV Kit, 100 Tests","HIV 1/2, Determine Complete HIV Kit",Determine,N/A,Test kit,"Alere Medical Co., Ltd.",57959,100,7000,560000,80,0.8,659.12,2836,,TRUE,7/21/15,7/21/15,,3/13/15
106-HT-T30,FPQ-11442,SCMS-177180,ASN-18919,Haiti,PMO - US,Direct Drop,EXW,Ocean,ARV,Pediatric,Aurobindo Pharma Limited,"Abacavir 20mg/ml, oral solution w/syringe, Bottle, 240 ml",Abacavir,Generic,20mg/ml,Oral solution,"Aurobindo Unit III, India",57977,240,675,4610.25,6.83,0.03,5.7,,,FALSE,8/7/13,8/7/13,,3/11/13
109-TZ-T30,FPQ-11881,SCMS-182820,ASN-19790,Tanzania,PMO - US,Direct Drop,EXW,Air,HRDT,HIV test,"Orgenics, Ltd","HIV 1/2, Determine Complete HIV Kit, 100 Tests","HIV 1/2, Determine Complete HIV Kit",Determine,N/A,Test kit,"Alere Medical Co., Ltd.",57997,100,610,48800,80,0.8,60.37,268,5187.9,TRUE,6/25/13,6/25/13,,4/11/13
100-DO-T30,FPQ-6128,SCMS-85620,ASN-8943,Dominican Republic,PMO - US,Direct Drop,DDU,Air,ARV,Pediatric,IDIS LIMITED,"Atazanavir 150mg [Reyataz], capsules, 60 Caps",Atazanavir,Reyataz,150mg,Capsule,"BMS Evansville, US",58025,60,204,61512.12,301.53,5.03,132.62,,,TRUE,11/30/10,11/30/10,,9/17/10
108-VN-T30,FPQ-9001,SCMS-131690,ASN-14517,Vietnam,PMO - US,Direct Drop,EXW,Air,ARV,Pediatric,MYLAN LABORATORIES LTD (FORMERLY MATRIX LABORATORIES),"Lamivudine/Nevirapine/Zidovudine 30/50/60mg, dispersible tablets, 60 Tabs",Lamivudine/Nevirapine/Zidovudine,Generic,30/50/60mg,Chewable/dispersible tablet - FDC,Mylan (formerly Matrix) Nashik,58039,60,1123,4660.45,4.15,0.07,6.53,,,FALSE,5/16/12,5/16/12,,1/16/12
108-VN-T30,FPQ-7898,SCMS-113700,ASN-12727,Vietnam,PMO - US,Direct Drop,FCA,Air,ARV,Adult,ABBVIE LOGISTICS (FORMERLY ABBOTT LOGISTICS BV),"Lopinavir/Ritonavir 200/50mg [Aluvia], tablets, 120 Tabs",Lopinavir/Ritonavir,Aluvia,200/50mg,Tablet,ABBVIE Ludwigshafen Germany,58064,120,1435,117957,82.2,0.68,194.63,355,5101.21,TRUE,11/23/11,11/23/11,,7/8/11
161-ZA-T30,FPQ-6262,SCMS-83790,ASN-8904,South Africa,PMO - US,Direct Drop,DDP,Ocean,ARV,Pediatric,Aurobindo Pharma Limited,"Nevirapine 10mg/ml, oral suspension w/syringe, Bottle, 240 ml",Nevirapine,Generic,10mg/ml,Oral suspension,"Aurobindo Unit III, India",58111,240,10702,22688.24,2.12,0.01,48.92,3967,8169.7,TRUE,1/6/11,1/6/11,,9/24/10
133-NG-T30,FPQ-12456,SCMS-196561,ASN-22352,Nigeria,PMO - US,Direct Drop,EXW,Air,HRDT,HIV test,"Orgenics, Ltd","HIV 1/2, Determine Complete HIV Kit, 100 Tests","HIV 1/2, Determine Complete HIV Kit",Determine,N/A,Test kit,"Alere Medical Co., Ltd.",58134,100,3050,271450,89,0.89,335.78,1238,22872.42,TRUE,11/7/13,11/11/13,,7/10/13
116-ZA-T30,FPQ-14942,SCMS-259078,ASN-33470,South Africa,PMO - US,Direct Drop,DDP,Truck,ARV,Adult,PHARMACY DIRECT,"Efavirenz 600mg, tablets, 30 Tabs",Efavirenz,Generic,600mg,Tablet,"Aurobindo Unit III, India",58173,30,47,568.37,12.09,0.4,0.58,,,FALSE,7/24/15,7/24/15,,10/9/14
161-ZA-T30,FPQ-6262,SCMS-84230,ASN-9617,South Africa,PMO - US,Direct Drop,DDP,Ocean,ARV,Adult,STRIDES ARCOLAB LIMITED,"Nevirapine 200mg, tablets, 60 Tabs",Nevirapine,Generic,200mg,Tablet,"Strides, Bangalore, India.",58192,60,172428,494868.38,2.87,0.05,1066.94,10859,17278.96,TRUE,4/5/11,4/5/11,,9/21/10
133-NG-T30,FPQ-12456,SCMS-196561,ASN-22356,Nigeria,PMO - US,Direct Drop,EXW,Air,HRDT,HIV test,"Orgenics, Ltd","HIV 1/2, Determine Complete HIV Kit, 100 Tests","HIV 1/2, Determine Complete HIV Kit",Determine,N/A,Test kit,"Alere Medical Co., Ltd.",58197,100,2949,262461,89,0.89,324.66,1192,19458.84,TRUE,11/7/13,11/11/13,,7/10/13
108-VN-T30,FPQ-15040,SCMS-263630,ASN-31647,Vietnam,PMO - US,Direct Drop,EXW,Air,ARV,Adult,MYLAN LABORATORIES LTD (FORMERLY MATRIX LABORATORIES),"Efavirenz/Lamivudine/Tenofovir Disoproxil Fumarate 600/300/300mg, tablets, 30 Tabs",Efavirenz/Lamivudine/Tenofovir Disoproxil Fumarate,Generic,600/300/300mg,Tablet - FDC,Mylan (formerly Matrix) Nashik,58202,30,21384,217047.6,10.15,0.34,223.12,2406,4872.65,TRUE,6/1/15,6/1/15,,12/8/14
104-CI-T30,FPQ-4484,SCMS-56482,ASN-6027,Côte d'Ivoire,PMO - US,Direct Drop,EXW,Air,HRDT,HIV test,"Orgenics, Ltd","HIV 1/2, Determine HIV Kit, without Lancets, 100 Tests","HIV 1/2, Determine HIV Kit, without Lancets",Determine,N/A,Test kit,Inverness Japan,58211,100,3500,245000,70,0.7,528.22,794,12619.38,TRUE,2/19/10,2/19/10,,11/3/09
105-SS-T30,FPQ-9807,SCMS-147640,ASN-15985,South Sudan,PMO - US,Direct Drop,EXW,Air,HRDT,HIV test - Ancillary,"Orgenics, Ltd","Capillary Tubes, for Determine, EDTA, 50uL,100 Pcs","HIV, Capillary Tubes, for Determine, EDTA, 50uL,100 Pcs",Determine,N/A,Test kit - Ancillary,"Alere Medical Co., Ltd.",58252,100,326,2608,8,0.08,3.66,,,FALSE,9/20/12,9/20/12,,6/20/12
108-VN-T30,FPQ-3896,SCMS-48290,ASN-4872,Vietnam,PMO - US,Direct Drop,EXW,Air,ARV,Adult,MYLAN LABORATORIES LTD (FORMERLY MATRIX LABORATORIES),"Tenofovir Disoproxil Fumarate 300mg, tablets, 30 Tabs",Tenofovir Disoproxil Fumarate,Generic,300mg,Tablet,Mylan (formerly Matrix) Nashik,58264,30,2520,20790,8.25,0.28,40.75,,,FALSE,9/30/09,9/30/09,,6/29/09
104-CI-T30,FPQ-5208,SCMS-75370,ASN-7631,Côte d'Ivoire,PMO - US,Direct Drop,EXW,Air,HRDT,HIV test,"Standard Diagnostics, Inc.","HIV 1/2, Bioline 3.0 Kit, (no accessories), 30 Tests","HIV 1/2, Bioline 3.0 Kit (no accessories)",Bioline,N/A,Test kit,"Standard Diagnostics, Korea",58277,30,1456,34944,24,0.8,75.34,486,5074.33,TRUE,8/27/10,8/27/10,,6/7/10
109-TZ-T30,FPQ-10809,SCMS-162830,ASN-17278,Tanzania,PMO - US,Direct Drop,EXW,Air,HRDT,HIV test,"Trinity Biotech, Plc","HIV 1/2, Uni-Gold HIV Kit, 20 Tests","HIV 1/2, Uni-Gold HIV Kit",Uni-Gold,N/A,Test kit,"Trinity Biotech, Plc",58305,20,383,12256,32,1.6,15.16,125,1908.34,TRUE,1/2/13,1/2/13,,10/18/12
102-BI-T30,FPQ-13998,SCMS-234680,ASN-26424,Burundi,PMO - US,Direct Drop,EXW,Air,HRDT,HIV test,"CHEMBIO DIAGNOSTIC SYSTEMS, INC.","HIV 1/2, Stat-Pak Dipstick Assay Kit, 30 Tests","HIV 1/2, Stat-Pak Dipstick Assay Kit",Stat-Pak,N/A,Test kit,Chembio Diagnostics Sys. Inc.,58309,30,539,14876.4,27.6,0.92,15.29,58,871.28,TRUE,6/26/14,6/26/14,,4/29/14
104-CI-T30,FPQ-11263,SCMS-174550,ASN-18832,Côte d'Ivoire,PMO - US,Direct Drop,FCA,Air,ARV,Pediatric,ABBVIE LOGISTICS (FORMERLY ABBOTT LOGISTICS BV),"Lopinavir/Ritonavir 80/20mg/ml [Kaletra], oral solution, cool, Bottle 5 x 60 ml",Lopinavir/Ritonavir,Kaletra,80/20mg/ml,Oral solution,ABBVIE (Abbott) Logis. UK,58311,300,520,16026.4,30.82,0.1,19.82,242,5257.72,TRUE,4/24/13,4/24/13,,1/24/13
104-CI-T30,FPQ-12806,SCMS-206560,ASN-23448,Côte d'Ivoire,PMO - US,Direct Drop,EXW,Air,ARV,Pediatric,Aurobindo Pharma Limited,"Nevirapine 50mg, dispersible tablets (tablets for oral suspension), 30 Tabs",Nevirapine,Generic,50mg,Chewable/dispersible tablet,"Aurobindo Unit III, India",58372,30,7000,8750,1.25,0.04,10.82,482,5678.33,TRUE,1/3/14,1/3/14,,9/17/13
900-LR-T30,FPQ-7996,SCMS-115330,ASN-11632,Liberia,PMO - US,Direct Drop,EXW,Air,HRDT,HIV test,"Standard Diagnostics, Inc.","HIV 1/2, Bioline 3.0 Kit, Lancets, Capillary pipets, Alcohol swabs included, 25 Tests","HIV 1/2, Bioline 3.0 Kit, Lancets, Capillary pipets, Alcohol swabs included",Bioline,N/A,Test kit,"Standard Diagnostics, Korea",58393,25,100,2000,20,0.8,3.3,34,871.3,TRUE,8/15/11,8/15/11,,7/20/11
109-TZ-T30,FPQ-7909,SCMS-114980,ASN-12093,Tanzania,PMO - US,Direct Drop,EXW,Air,HRDT,HIV test,"Standard Diagnostics, Inc.","HIV 1/2, Bioline 3.0 Kit, Lancets, Capillary pipets, Alcohol swabs included, 25 Tests","HIV 1/2, Bioline 3.0 Kit, Lancets, Capillary pipets, Alcohol swabs included",Bioline,N/A,Test kit,"Standard Diagnostics, Korea",58398,25,8000,160000,20,0.8,264,2667,17773.94,TRUE,9/29/11,9/29/11,,7/18/11
116-ZA-T30,FPQ-3560,SCMS-49642,ASN-5244,South Africa,PMO - US,Direct Drop,DDP,Truck,ARV,Pediatric,S. BUYS WHOLESALER,"Abacavir 20mg/ml [Ziagen], oral solution, Bottle, 240 ml",Abacavir,Ziagen,20mg/ml,Oral solution,GSK Mississauga (Canada),58425,240,1,19.97,19.97,0.08,0.04,,,TRUE,11/19/09,11/19/09,,7/21/09
A02-SL-T50,FPQ-16015,SCMS-285360,ASN-31852,Sierra Leone,PMO - US,Direct Drop,EXW,Air,HRDT,HIV test,"Orgenics, Ltd","HIV 1/2, Determine Complete HIV Kit, 100 Tests","HIV 1/2, Determine Complete HIV Kit",Determine,N/A,Test kit,"Alere Medical Co., Ltd.",58426,100,4000,320000,80,0.8,376.64,1556,28703.53,TRUE,5/11/15,5/11/15,,4/20/15
116-ZA-T30,FPQ-13973,SCMS-238550,ASN-30792,South Africa,PMO - US,Direct Drop,DDP,Truck,ARV,Pediatric,PHARMACY DIRECT,"Efavirenz 50mg, capsule, 30 Caps",Efavirenz,Generic,50mg,Capsule,"Aurobindo Unit III, India",58440,30,3,8.99,3,0.1,0.01,,,FALSE,2/19/15,2/19/15,,5/8/14
116-ZA-T30,FPQ-14942,SCMS-259078,ASN-33472,South Africa,PMO - US,Direct Drop,DDP,Truck,ARV,Adult,PHARMACY DIRECT,"Raltegravir 400mg [Isentress], tablets, 60 Tabs",Raltegravir,Isentress,400mg,Tablet,"MSD, Haarlem, NL",58450,60,6,394.51,65.75,1.1,0.41,,,FALSE,7/24/15,7/24/15,,10/9/14
116-ZA-T30,FPQ-12522,SCMS-199289,ASN-28036,South Africa,PMO - US,Direct Drop,DDP,Truck,ARV,Adult,S. BUYS WHOLESALER,"Lamivudine/Nevirapine/Stavudine 150/200/30mg, tablets, 60 Tabs",Lamivudine/Nevirapine/Stavudine,Generic,150/200/30mg,Tablet - FDC,"Cipla, Goa, India",58482,60,7,211.71,30.24,0.5,0.26,,,FALSE,8/29/14,8/29/14,,8/29/14
901-CM-T30,FPQ-12837,SCMS-204290,ASN-23338,Cameroon,PMO - US,Direct Drop,EXW,Air,ARV,Adult,Aurobindo Pharma Limited,"Efavirenz/Lamivudine/Tenofovir Disoproxil Fumarate 600/300/300mg, tablets, 30 Tabs",Efavirenz/Lamivudine/Tenofovir Disoproxil Fumarate,Generic,600/300/300mg,Tablet - FDC,"Aurobindo Unit VII, IN",58484,30,37470,417790.5,11.15,0.37,516.81,4927,65875.32,TRUE,1/8/14,1/8/14,,8/23/13
116-ZA-T30,FPQ-4770,SCMS-60190,ASN-5907,South Africa,PMO - US,Direct Drop,DDP,Truck,ARV,Adult,S. BUYS WHOLESALER,"Ritonavir 100mg [Norvir], capsules, cool, 84 Caps",Ritonavir,Norvir,100mg,Capsule,ABBVIE (Abbott) Logis. UK,58485,84,15,161.34,10.76,0.13,0.35,,,TRUE,12/29/09,12/29/09,,12/23/09
101-CD-T30,FPQ-15736,SCMS-275290,ASN-30748,"Congo, DRC",PMO - US,Direct Drop,EXW,Air,ANTM,Malaria,AMSTELFARMA B.V.,"Sulfadoxine/Pyrimethamine 500/25mg, tablets, 1000 Tabs",Sulfadoxine/Pyrimethamine,Generic,500/25mg,Tablet - FDC,"Micro Labs, Hosur, India",58491,1000,580,19198,33.1,0.03,22.6,500,3958.28,TRUE,4/3/15,4/3/15,,2/9/15
114-UG-T30,FPQ-10787,SCMS-163460,ASN-17750,Uganda,PMO - US,Direct Drop,EXW,Air,ARV,Adult,MYLAN LABORATORIES LTD (FORMERLY MATRIX LABORATORIES),"Atazanavir/Ritonavir 300/100mg, tablets, 30 Tabs",Atazanavir/Ritonavir,Generic,300/100mg,Tablet,Mylan (formerly Matrix) Nashik,58494,30,1455,32737.5,22.5,0.75,40.5,,,FALSE,1/21/13,1/21/13,,10/25/12
116-ZA-T30,FPQ-14942,SCMS-259077,ASN-33477,South Africa,PMO - US,Direct Drop,DDP,Truck,ARV,Adult,PHARMACY DIRECT,"Didanosine 400mg, delayed-release capsules, 30 Caps",Didanosine,Generic,400mg,Delayed-release capsules,"Aurobindo Unit III, India",58504,30,5,71.09,14.22,0.47,0.07,,,FALSE,7/24/15,7/24/15,,10/9/14
108-VN-T30,FPQ-8428,SCMS-123530,ASN-14319,Vietnam,PMO - US,Direct Drop,EXW,Air,ARV,Adult,MYLAN LABORATORIES LTD (FORMERLY MATRIX LABORATORIES),"Tenofovir Disoproxil Fumarate 300mg, tablets, 30 Tabs",Tenofovir Disoproxil Fumarate,Generic,300mg,Tablet,Mylan (formerly Matrix) Nashik,58508,30,16354,89947,5.5,0.18,148.41,,,FALSE,4/24/12,4/24/12,,10/3/11
108-VN-T30,FPQ-7898,SCMS-113610,ASN-13012,Vietnam,PMO - US,Direct Drop,EXW,Air,ARV,Adult,STRIDES ARCOLAB LIMITED,"Lamivudine 150mg, tablets, 60 Tabs",Lamivudine,Generic,150mg,Tablet,"Strides, Bangalore, India.",58555,60,16645,39115.75,2.35,0.04,64.54,742,5440.01,TRUE,12/20/11,12/20/11,,7/8/11
161-ZA-T30,FPQ-6262,SCMS-83730,ASN-9938,South Africa,PMO - US,Direct Drop,DDP,Ocean,ARV,Adult,Aurobindo Pharma Limited,"Efavirenz 600mg, tablets, 30 Tabs",Efavirenz,Generic,600mg,Tablet,"Aurobindo Unit III, India",58556,30,70942,321367.25,4.53,0.15,692.87,6090,11203.81,TRUE,4/26/11,4/26/11,,9/24/10
102-SD-T30,FPQ-8261,SCMS-120471,ASN-13348,Sudan,PMO - US,Direct Drop,EXW,Air,HRDT,HIV test,"Trinity Biotech, Plc","HIV 1/2, Uni-Gold HIV Kit, 20 Tests","HIV 1/2, Uni-Gold HIV Kit",Uni-Gold,N/A,Test kit,"Trinity Biotech, Plc",58642,20,58,1856,32,1.6,3.06,20,644.02,TRUE,2/7/12,2/7/12,,9/7/11
152-HT-T30,FPQ-6823,SCMS-98550,ASN-10063,Haiti,PMO - US,Direct Drop,EXW,Air,HRDT,HIV test,"Orgenics, Ltd","HIV 1/2, Determine HIV Kit, without Lancets, 100 Tests","HIV 1/2, Determine HIV Kit, without Lancets",Determine,N/A,Test kit,Inverness Japan,58652,100,33,3223.44,97.68,0.98,5.32,8,1011.6,TRUE,4/6/11,4/6/11,,2/2/11
101-CD-T30,FPQ-14100,SCMS-239410,ASN-26738,"Congo, DRC",PMO - US,Direct Drop,EXW,Air,HRDT,HIV test,"Trinity Biotech, Plc","HIV 1/2, Uni-Gold HIV Kit, 20 Tests","HIV 1/2, Uni-Gold HIV Kit",Uni-Gold,N/A,Test kit,"Trinity Biotech, Plc",58677,20,7,224,32,1.6,0.23,,,FALSE,9/5/14,9/5/14,,5/20/14
116-ZA-T30,FPQ-14942,SCMS-259078,ASN-33472,South Africa,PMO - US,Direct Drop,DDP,Truck,ARV,Adult,PHARMACY DIRECT,"Etravirine 100mg [Intelence], tablets, 120 Tabs",Etravirine,Intelence,100mg,Tablet,"Janssen-Cilag, Latina, IT",58713,120,4,110.05,27.51,0.23,0.11,,,FALSE,7/24/15,7/24/15,,10/9/14
114-UG-T30,FPQ-9365,SCMS-142470,ASN-15272,Uganda,PMO - US,Direct Drop,DDP,Air,ARV,Adult,ASPEN PHARMACARE,"Darunavir 300mg [Prezista], tablets, 120 Tabs",Darunavir,Prezista,300mg,Tablet,"Aspen-OSD, Port Elizabeth, SA",58716,120,173,11521.8,66.6,0.55,16.15,35,251.52,TRUE,6/21/12,6/21/12,,4/17/12
116-ZA-T30,FPQ-12522,SCMS-199289,ASN-28034,South Africa,PMO - US,Direct Drop,DDP,Truck,ARV,Pediatric,S. BUYS WHOLESALER,"Efavirenz 50mg, capsule, 30 Caps",Efavirenz,Generic,50mg,Capsule,"Aurobindo Unit III, India",58731,30,94,311.73,3.32,0.11,0.39,,,FALSE,8/29/14,8/29/14,,8/29/14
108-VN-T30,FPQ-16194,SCMS-285490,ASN-33145,Vietnam,PMO - US,Direct Drop,EXW,Air,ARV,Adult,HETERO LABS LIMITED,"Efavirenz/Lamivudine/Tenofovir Disoproxil Fumarate 600/300/300mg, tablets, 30 Tabs",Efavirenz/Lamivudine/Tenofovir Disoproxil Fumarate,Generic,600/300/300mg,Tablet - FDC,Hetero Unit III Hyderabad IN,58744,30,17760,168720,9.5,0.32,198.58,,,TRUE,9/7/15,9/7/15,,5/13/15
105-SS-T30,FPQ-9807,SCMS-147641,ASN-16730,South Sudan,PMO - US,Direct Drop,EXW,Air,HRDT,HIV test,"Orgenics, Ltd","HIV 1/2, Determine Complete HIV Kit, 100 Tests","HIV 1/2, Determine Complete HIV Kit",Determine,N/A,Test kit,"Alere Medical Co., Ltd.",58754,100,395,35155,89,0.89,49.29,,,FALSE,11/30/12,11/30/12,,6/20/12
116-ZA-T30,FPQ-13214,SCMS-215410,ASN-23875,South Africa,PMO - US,Direct Drop,DDP,Truck,ARV,Pediatric,S. BUYS WHOLESALER,"Efavirenz 200mg, capsule, 90 Caps",Efavirenz,Generic,200mg,Capsule,"Aurobindo Unit III, India",58761,90,190,4438.36,23.36,0.26,4.56,,,FALSE,1/13/14,1/13/14,,12/2/13
108-VN-T30,FPQ-6818,SCMS-97850,ASN-11024,Vietnam,PMO - US,Direct Drop,EXW,Air,ARV,Adult,MYLAN LABORATORIES LTD (FORMERLY MATRIX LABORATORIES),"Nevirapine 200mg, tablets, 60 Tabs",Nevirapine,Generic,200mg,Tablet,Mylan (formerly Matrix) Nashik,58774,60,13444,34954.4,2.6,0.04,57.67,,,FALSE,6/22/11,6/22/11,,2/15/11
116-ZA-T30,FPQ-12522,SCMS-199289,ASN-28033,South Africa,PMO - US,Direct Drop,DDP,Truck,ARV,Adult,S. BUYS WHOLESALER,"Didanosine 250mg, delayed-release capsules, 30 Caps",Didanosine,Generic,250mg,Delayed-release capsules,"Aurobindo Unit III, India",58800,30,6,100.91,16.82,0.56,0.12,,,FALSE,8/29/14,8/29/14,,8/29/14
104-CI-T30,FPQ-6183,SCMS-83700,ASN-9987,Côte d'Ivoire,PMO - US,Direct Drop,EXW,Air,ARV,Adult,MYLAN LABORATORIES LTD (FORMERLY MATRIX LABORATORIES),"Abacavir/Lamivudine/Zidovudine 300/150/300mg, tablets, 60 Tabs",Abacavir/Lamivudine/Zidovudine,Generic,300/150/300mg,Tablet - FDC,Mylan (formerly Matrix) Nashik,58801,60,3136,94080,30,0.5,202.84,492,5150.82,TRUE,4/22/11,4/22/11,,9/7/10
116-ZA-T30,FPQ-4054,SCMS-51251,ASN-5340,South Africa,PMO - US,Direct Drop,DDP,Truck,ARV,Adult,S. BUYS WHOLESALER,"Efavirenz 600mg, tablets, 30 Tabs",Efavirenz,Generic,600mg,Tablet,"Cipla, Goa, India",58806,30,1440,27430.13,19.05,0.64,53.76,,,TRUE,10/7/09,10/7/09,,8/7/09
108-VN-T30,FPQ-9001,SCMS-131640,ASN-14546,Vietnam,PMO - US,Direct Drop,EXW,Air,ARV,Pediatric,Aurobindo Pharma Limited,"Efavirenz 50mg, capsule, 30 Caps",Efavirenz,Generic,50mg,Capsule,"Aurobindo Unit III, India",58808,30,435,974.4,2.24,0.07,1.37,25,1003.65,TRUE,5/14/12,5/14/12,,1/18/12
116-ZA-T30,FPQ-14942,SCMS-259079,ASN-33851,South Africa,PMO - US,Direct Drop,DDP,Truck,ARV,Adult,PHARMACY DIRECT,"Lamivudine 150mg, tablets, 60 Tabs",Lamivudine,Generic,150mg,Tablet,"Aurobindo Unit III, India",58850,60,123,867.36,7.05,0.12,0.89,,,FALSE,8/24/15,8/24/15,,10/9/14
116-ZA-T30,FPQ-5381,SCMS-69590,ASN-6724,South Africa,PMO - US,Direct Drop,DDP,Truck,ARV,Adult,S. BUYS WHOLESALER,"Abacavir 300mg [Ziagen], tablets, Blister 6 x 10 Tabs",Abacavir,Ziagen,300mg,Tablet - blister,GSK Ware (UK),58852,60,30,1237.01,41.23,0.69,2.67,,,FALSE,4/1/10,4/1/10,,3/25/10
116-ZA-T30,FPQ-4054,SCMS-51250,ASN-5056,South Africa,PMO - US,Direct Drop,DDP,Truck,ARV,Adult,S. BUYS WHOLESALER,"Lamivudine 150mg [Epivir], tablets, 60 Tabs",Lamivudine,Epivir,150mg,Tablet,GSK Cape Town Factory (South Africa),58918,60,3000,19702.5,6.57,0.11,38.62,,,FALSE,8/24/09,8/24/09,,8/7/09
113-ZW-T30,FPQ-13939,SCMS-240570,ASN-27585,Zimbabwe,PMO - US,Direct Drop,EXW,Air Charter,ARV,Adult,HETERO LABS LIMITED,"Lamivudine/Tenofovir Disoproxil Fumarate 300/300mg, tablets, 30 Tabs",Lamivudine/Tenofovir Disoproxil Fumarate,Generic,300/300mg,Tablet - FDC,Hetero Unit III Hyderabad IN,58947,30,42032,194187.84,4.62,0.15,199.63,4559,25272.8,TRUE,9/17/14,9/17/14,,5/27/14
109-TZ-T30,FPQ-10546,SCMS-159620,ASN-17229,Tanzania,PMO - US,Direct Drop,FCA,Air,ARV,Pediatric,ABBVIE LOGISTICS (FORMERLY ABBOTT LOGISTICS BV),"Lopinavir/Ritonavir 80/20mg/ml [Kaletra], oral solution, cool, Bottle 5 x 60 ml",Lopinavir/Ritonavir,Kaletra,80/20mg/ml,Oral solution,ABBVIE (Abbott) Logis. UK,58958,300,68,2095.76,30.82,0.1,2.94,116,1818.56,TRUE,1/16/13,1/16/13,,9/12/12
102-BW-T30,FPQ-6645,SCMS-92620,ASN-9373,Botswana,PMO - US,Direct Drop,EXW,Air,HRDT,HIV test,Premier Medical Corporation Ltd.,"HIV 1/2/O, First Response HIV 1-2.0, v.3.0 Cards Kit, 30 Tests","HIV 1/2/O, First Response HIV 1-2.0, v.3.0 Cards Kit",First Response,N/A,Test kit,Premier Med. Corp Ltd. India,59017,30,34,765,22.5,0.75,1.26,13,766.62,TRUE,2/4/11,2/4/11,,12/2/10
101-CD-T30,FPQ-14654,SCMS-253260,ASN-28279,"Congo, DRC",PMO - US,Direct Drop,EXW,Air,HRDT,HIV test,"Trinity Biotech, Plc","HIV 1/2, Uni-Gold HIV Kit, 20 Tests","HIV 1/2, Uni-Gold HIV Kit",Uni-Gold,N/A,Test kit,"Trinity Biotech, Plc",59043,20,15,480,32,1.6,0.49,,,FALSE,11/4/14,11/4/14,,8/27/14
161-ZA-T30,FPQ-5648,SCMS-75830,ASN-9489,South Africa,PMO - US,Direct Drop,DDP,Ocean,ARV,Pediatric,Aurobindo Pharma Limited,"Lamivudine 10mg/ml, oral solution w/syringe, Bottle, 240 ml",Lamivudine,Generic,10mg/ml,Oral solution,"Aurobindo Unit III, India",59046,240,45000,95400,2.12,0.01,205.68,16260,17060.14,TRUE,3/29/11,3/29/11,,6/17/10
106-HT-T30,FPQ-14083,SCMS-240160,ASN-27525,Haiti,PMO - US,Direct Drop,EXW,Ocean,ARV,Adult,HETERO LABS LIMITED,"Efavirenz/Lamivudine/Tenofovir Disoproxil Fumarate 600/300/300mg, tablets, 30 Tabs",Efavirenz/Lamivudine/Tenofovir Disoproxil Fumarate,Generic,600/300/300mg,Tablet - FDC,Hetero Unit III Hyderabad IN,59047,30,92500,971250,10.5,0.35,998.44,,,FALSE,10/30/14,10/30/14,,6/2/14
116-ZA-T30,FPQ-13973,SCMS-238552,ASN-27606,South Africa,PMO - US,Direct Drop,DDP,Truck,ARV,Adult,PHARMACY DIRECT,"Tenofovir Disoproxil Fumarate 300mg, tablets, 30 Tabs",Tenofovir Disoproxil Fumarate,Generic,300mg,Tablet,Mylan (formerly Matrix) Nashik,59074,30,73,1319.03,18.07,0.6,1.36,,,FALSE,8/5/14,8/5/14,,8/5/14
110-ZM-T30,FPQ-14151,SCMS-240080,ASN-26465,Zambia,PMO - US,Direct Drop,EXW,Air,ARV,Adult,Aurobindo Pharma Limited,"Nevirapine 200mg, tablets, 60 Tabs",Nevirapine,Generic,200mg,Tablet,"Aurobindo Unit III, India",59080,60,39132,88047,2.25,0.04,90.51,3978,20519.07,TRUE,7/20/14,7/20/14,,5/21/14
161-ZA-T30,FPQ-6262,SCMS-84250,ASN-9051,South Africa,PMO - US,Direct Drop,DDP,Ocean,ARV,Adult,STRIDES ARCOLAB LIMITED,"Lamivudine 150mg, tablets, 60 Tabs",Lamivudine,Generic,150mg,Tablet,"Strides, Bangalore, India.",59151,60,131138,323910.88,2.47,0.04,698.35,6360,12225.76,TRUE,12/15/10,12/15/10,,9/21/10
108-VN-T30,FPQ-5317,SCMS-69230,ASN-7572,Vietnam,PMO - US,Direct Drop,FCA,Air,ARV,Adult,ABBVIE LOGISTICS (FORMERLY ABBOTT LOGISTICS BV),"Lopinavir/Ritonavir 200/50mg [Aluvia], tablets, 120 Tabs",Lopinavir/Ritonavir,Aluvia,200/50mg,Tablet,ABBVIE Ludwigshafen Germany,59153,120,3470,285234,82.2,0.68,614.96,862,5215.07,TRUE,7/31/10,7/31/10,,3/31/10
110-ZM-T30,FPQ-12933,SCMS-205880,ASN-22538,Zambia,PMO - US,Direct Drop,EXW,Air,HRDT,HIV test,"Trinity Biotech, Plc","HIV 1/2, Uni-Gold HIV Kit, 20 Tests","HIV 1/2, Uni-Gold HIV Kit",Uni-Gold,N/A,Test kit,"Trinity Biotech, Plc",59157,20,2900,92800,32,1.6,114.79,266,8308.74,TRUE,12/2/13,12/2/13,,9/11/13
108-VN-T30,FPQ-13034,SCMS-210100,ASN-25785,Vietnam,PMO - US,Direct Drop,EXW,Air,ARV,Adult,EMCURE PHARMACEUTICALS LTD,"Nevirapine 200mg, tablets, 60 Tabs",Nevirapine,Generic,200mg,Tablet,"Emcure Plot No.P-2, I.T-B.T. Park, Phase II, MIDC, Hinjwadi, Pune, India",59189,60,7063,16244.9,2.3,0.04,20.09,412,1769.68,TRUE,6/7/14,6/7/14,,10/7/13
106-HT-T30,FPQ-13797,SCMS-233940,ASN-26454,Haiti,PMO - US,Direct Drop,EXW,Air,ARV,Pediatric,Aurobindo Pharma Limited,"Nevirapine 50mg, dispersible tablets (tablets for oral suspension), 30 Tabs",Nevirapine,Generic,50mg,Chewable/dispersible tablet,"Aurobindo Unit III, India",59244,30,400,500,1.25,0.04,0.51,,,FALSE,7/14/14,7/14/14,,4/29/14
133-NG-T30,FPQ-16329,SCMS-289130,ASN-32959,Nigeria,PMO - US,Direct Drop,EXW,Air,HRDT,HIV test,"Orgenics, Ltd","HIV 1/2, Determine Complete HIV Kit, 100 Tests","HIV 1/2, Determine Complete HIV Kit",Determine,N/A,Test kit,"Alere Medical Co., Ltd.",59258,100,6523,580547,89,0.89,683.3,6523,,TRUE,7/14/15,7/9/15,,5/26/15
108-VN-T30,FPQ-11418,SCMS-176270,ASN-19859,Vietnam,PMO - US,Direct Drop,EXW,Air,ARV,Adult,HETERO LABS LIMITED,"Lamivudine/Zidovudine 150/300mg, tablets, 60 Tabs",Lamivudine/Zidovudine,Generic,150/300mg,Tablet - FDC,Hetero Unit III Hyderabad IN,59267,60,33405,228824.25,6.85,0.11,283.06,3751,10867.28,TRUE,7/5/13,7/5/13,,2/6/13
116-ZA-T30,FPQ-14942,SCMS-259073,ASN-30671,South Africa,PMO - US,Direct Drop,DDP,Truck,ARV,Adult,PHARMACY DIRECT,"Didanosine 250mg, delayed-release capsules, 30 Caps",Didanosine,Generic,250mg,Delayed-release capsules,"Aurobindo Unit III, India",59314,30,6,66.1,11.02,0.37,0.07,,,FALSE,2/12/15,2/12/15,,2/12/15
161-ZA-T30,FPQ-5303,SCMS-69030,ASN-8510,South Africa,PMO - US,Direct Drop,DDP,Air,ARV,Adult,Aurobindo Pharma Limited,"Zidovudine 300mg, tablets, 60 Tabs",Zidovudine,Generic,300mg,Tablet,"Aurobindo Unit III, India",59334,60,2098,15588.14,7.43,0.12,33.61,124,1697.89,TRUE,9/20/10,12/15/10,,3/19/10
111-MZ-T30,FPQ-12686,SCMS-205490,ASN-22189,Mozambique,PMO - US,Direct Drop,EXW,Air,HRDT,HIV test,"Trinity Biotech, Plc","HIV 1/2, Uni-Gold HIV Kit, 20 Tests","HIV 1/2, Uni-Gold HIV Kit",Uni-Gold,N/A,Test kit,"Trinity Biotech, Plc",59404,20,675,21600,32,1.6,26.72,202,2908.88,TRUE,11/19/13,11/19/13,,9/11/13
113-ZW-T30,FPQ-13670,SCMS-225850,ASN-25080,Zimbabwe,PMO - US,Direct Drop,EXW,Air,HRDT,HIV test,"Orgenics, Ltd","HIV 1/2, Determine Complete HIV Kit, 100 Tests","HIV 1/2, Determine Complete HIV Kit",Determine,N/A,Test kit,"Alere Medical Co., Ltd.",59429,100,8787,702960,80,0.8,722.64,3560,52462.81,TRUE,4/4/14,4/4/14,,2/11/14
107-RW-T30,FPQ-10223,SCMS-152840,ASN-15742,Rwanda,PMO - US,Direct Drop,EXW,Air,ARV,Adult,Aurobindo Pharma Limited,"Lamivudine/Zidovudine 150/300mg, tablets, 60 Tabs",Lamivudine/Zidovudine,Generic,150/300mg,Tablet - FDC,"Aurobindo Unit III, India",59442,60,35820,256113,7.15,0.12,359.07,3114,18779.99,TRUE,8/6/12,8/6/12,,7/16/12
108-VN-T30,FPQ-13524,SCMS-226220,ASN-26923,Vietnam,PMO - US,Direct Drop,EXW,Air,ARV,Adult,HETERO LABS LIMITED,"Tenofovir Disoproxil Fumarate 300mg, tablets, 30 Tabs",Tenofovir Disoproxil Fumarate,Generic,300mg,Tablet,Hetero Unit III Hyderabad IN,59448,30,10700,37985,3.55,0.12,39.05,,,FALSE,7/29/14,7/29/14,,3/10/14
116-ZA-T30,FPQ-14942,SCMS-259078,ASN-33470,South Africa,PMO - US,Direct Drop,DDP,Truck,ARV,Adult,PHARMACY DIRECT,"Abacavir 300mg, tablets, 60 Tabs",Abacavir,Generic,300mg,Tablet,"Aurobindo Unit III, India",59466,60,35,1874.71,53.56,0.89,1.93,,,FALSE,7/24/15,7/24/15,,10/9/14
108-VN-T30,FPQ-15087,SCMS-261430,ASN-30166,Vietnam,PMO - US,Direct Drop,EXW,Air,ARV,Adult,MYLAN LABORATORIES LTD (FORMERLY MATRIX LABORATORIES),"Lamivudine/Nevirapine/Zidovudine 150/200/300mg, tablets, 60 Tabs",Lamivudine/Nevirapine/Zidovudine,Generic,150/300/200mg,Tablet - FDC,Mylan (formerly Matrix) Nashik,59482,60,3000,24300,8.1,0.13,28.6,422,1332.29,TRUE,3/23/15,3/23/15,,10/30/14
116-ZA-T30,FPQ-13973,SCMS-238552,ASN-27606,South Africa,PMO - US,Direct Drop,DDP,Truck,ARV,Adult,PHARMACY DIRECT,"Zidovudine 300mg, tablets, 60 Tabs",Zidovudine,Generic,300mg,Tablet,"Aurobindo Unit III, India",59500,60,1,24.95,24.95,0.42,0.03,,,FALSE,8/5/14,8/5/14,,8/5/14
104-BW-T30,FPQ-15568,SCMS-275710,ASN-31391,Botswana,PMO - US,Direct Drop,EXW,Air,ARV,Adult,HETERO LABS LIMITED,"Efavirenz/Emtricitabine/Tenofovir Disoproxil Fumarate 600/200/300mg, tablets, 30 Tabs",Efavirenz/Emtricitabine/Tenofovir Disoproxil Fumarate,Generic,600/200/300mg,Tablet - FDC,"Hetero, Jadcherla, unit 5, IN",59502,30,39550,412506.5,10.43,0.35,485.52,4840,23796.98,TRUE,6/2/15,6/4/15,,2/6/15
116-ZA-T30,FPQ-13214,SCMS-215410,ASN-23875,South Africa,PMO - US,Direct Drop,DDP,Truck,ARV,Adult,S. BUYS WHOLESALER,"Didanosine 250mg, delayed-release capsules, 30 Caps",Didanosine,Generic,250mg,Delayed-release capsules,"Aurobindo Unit III, India",59530,30,18,271.8,15.1,0.5,0.28,,,FALSE,1/13/14,1/13/14,,12/2/13
116-ZA-T30,FPQ-14942,SCMS-259079,ASN-33852,South Africa,PMO - US,Direct Drop,DDP,Truck,ARV,Pediatric,PHARMACY DIRECT,"Efavirenz 50mg, capsule, 30 Caps",Efavirenz,Generic,50mg,Capsule,"Aurobindo Unit III, India",59566,30,9,21.81,2.42,0.08,0.02,,,FALSE,8/24/15,8/24/15,,10/9/14
116-ZA-T30,FPQ-3596,SCMS-50370,ASN-5459,South Africa,PMO - US,Direct Drop,DDP,Truck,ARV,Adult,S. BUYS WHOLESALER,"Nevirapine 200mg [Viramune], tablets, 60 Tabs",Nevirapine,Viramune,200mg,Tablet,"Boehringer Ing., Koropi, GR",59572,60,2600,52801.37,20.31,0.34,103.49,,,TRUE,10/29/09,10/29/09,,9/22/09
116-ZA-T30,FPQ-12522,SCMS-199280,ASN-24433,South Africa,PMO - US,Direct Drop,DDP,Truck,ARV,Adult,S. BUYS WHOLESALER,"Didanosine 250mg, delayed-release capsules, 30 Caps",Didanosine,Generic,250mg,Delayed-release capsules,"Aurobindo Unit III, India",59624,30,5,84.1,16.82,0.56,0.1,,,FALSE,2/7/14,2/7/14,,8/13/13
106-HT-T30,FPQ-9894,SCMS-147600,ASN-15503,Haiti,PMO - US,Direct Drop,DDP,Truck,HRDT,HIV test,REINBOLD EXPORT IMPORT,"HIV 1/2, Determine Complete HIV Kit, 100 Tests","HIV 1/2, Determine Complete HIV Kit",Determine,N/A,Test kit,"Alere Medical Co., Ltd.",59633,100,1250,160937.5,128.75,1.29,225.63,,,TRUE,6/28/12,6/28/12,,6/5/12
108-VN-T30,FPQ-9577,SCMS-145520,ASN-15795,Vietnam,PMO - US,Direct Drop,EXW,Air,ARV,Pediatric,Aurobindo Pharma Limited,"Efavirenz 200mg, capsule, 90 Caps",Efavirenz,Generic,200mg,Capsule,"Aurobindo Unit III, India",59673,90,1000,7000,7,0.08,9.81,,,FALSE,8/22/12,8/22/12,,6/12/12
116-ZA-T30,FPQ-13973,SCMS-238555,ASN-29257,South Africa,PMO - US,Direct Drop,DDP,Truck,ARV,Adult,PHARMACY DIRECT,"Tenofovir Disoproxil Fumarate 300mg, tablets, 30 Tabs",Tenofovir Disoproxil Fumarate,Generic,300mg,Tablet,Mylan (formerly Matrix) Nashik,59698,30,114,2179.73,19.12,0.64,2.24,,,FALSE,11/5/14,11/5/14,,11/4/14
161-ZA-T30,FPQ-6708,SCMS-93500,ASN-9932,South Africa,PMO - US,Direct Drop,DDP,Ocean,ARV,Pediatric,Aurobindo Pharma Limited,"Nevirapine 10mg/ml, oral suspension w/syringe, Bottle, 240 ml",Nevirapine,Generic,10mg/ml,Oral suspension,"Aurobindo Unit III, India",59704,240,5590,11850.8,2.12,0.01,19.55,2068,3961.69,TRUE,4/4/11,4/4/11,,12/14/10
101-CD-T30,FPQ-11103,SCMS-170640,ASN-18069,"Congo, DRC",PMO - US,Direct Drop,FCA,Air,ARV,Pediatric,ABBVIE LOGISTICS (FORMERLY ABBOTT LOGISTICS BV),"Lopinavir/Ritonavir 80/20mg/ml [Kaletra], oral solution, cool, Bottle 5 x 60 ml",Lopinavir/Ritonavir,Kaletra,80/20mg/ml,Oral solution,ABBVIE (Abbott) Logis. UK,59715,300,60,1849.2,30.82,0.1,2.29,113,1421.86,TRUE,4/16/13,4/16/13,,1/3/13
102-MW-T30,FPQ-9568,SCMS-144170,ASN-15308,Malawi,PMO - US,Direct Drop,EXW,Air,HRDT,HIV test,"Trinity Biotech, Plc","HIV 1/2, Uni-Gold HIV Kit, 20 Tests","HIV 1/2, Uni-Gold HIV Kit",Uni-Gold,N/A,Test kit,"Trinity Biotech, Plc",59743,20,246,7872,32,1.6,11.04,86,3133.86,TRUE,7/13/12,7/13/12,,4/24/12
111-MZ-T30,FPQ-11923,SCMS-187100,ASN-22575,Mozambique,PMO - US,Direct Drop,CIP,Air,ARV,Adult,ASPEN PHARMACARE,"Darunavir 300mg [Prezista], tablets, 120 Tabs",Darunavir,Prezista,300mg,Tablet,"Janssen-Cilag, Latina, IT",59750,120,90,5994,66.6,0.55,7.41,,,TRUE,11/8/13,11/8/13,,4/25/13
110-ZM-T30,FPQ-8315,SCMS-120570,ASN-13032,Zambia,PMO - US,Direct Drop,EXW,Air,HRDT,HIV test,"Orgenics, Ltd","HIV 1/2, Determine Complete HIV Kit, 100 Tests","HIV 1/2, Determine Complete HIV Kit",Determine,N/A,Test kit,"Alere Medical Co., Ltd.",59776,100,2870,229600,80,0.8,378.84,1368,25037.09,TRUE,12/20/11,12/16/11,,9/22/11
108-VN-T30,FPQ-6818,SCMS-98050,ASN-11023,Vietnam,PMO - US,Direct Drop,EXW,Air,ARV,Adult,MYLAN LABORATORIES LTD (FORMERLY MATRIX LABORATORIES),"Zidovudine 300mg, tablets, 60 Tabs",Zidovudine,Generic,300mg,Tablet,Mylan (formerly Matrix) Nashik,59805,60,4084,29609,7.25,0.12,48.85,,,FALSE,6/22/11,6/22/11,,2/15/11
116-ZA-T30,FPQ-13973,SCMS-238554,ASN-28626,South Africa,PMO - US,Direct Drop,DDP,Truck,ARV,Pediatric,PHARMACY DIRECT,"Atazanavir 150mg [Reyataz], capsules, 60 Caps",Atazanavir,Reyataz,150mg,Capsule,"BMS Evansville, US",59847,60,6,132.02,22,0.37,0.14,,,FALSE,10/3/14,10/3/14,,10/3/14
113-ZW-T30,FPQ-10041,SCMS-150030,ASN-15987,Zimbabwe,PMO - US,Direct Drop,EXW,Air,HRDT,HIV test,"Orgenics, Ltd","HIV 1/2, Determine Complete HIV Kit, 100 Tests","HIV 1/2, Determine Complete HIV Kit",Determine,N/A,Test kit,"Alere Medical Co., Ltd.",59849,100,5060,404800,80,0.8,567.53,,,FALSE,9/18/12,9/18/12,,7/2/12
104-CI-T30,FPQ-3967,SCMS-52610,ASN-5651,Côte d'Ivoire,PMO - US,Direct Drop,CIP,Air,ARV,Pediatric,MERCK SHARP & DOHME IDEA GMBH (FORMALLY MERCK SHARP & DOHME B.V.),"Efavirenz 30mg/ml [Stocrin/Sustiva], oral solution, Bottle, 180 ml",Efavirenz,Stocrin/Sustiva,30mg/ml,Oral solution,"MSD, Haarlem, NL",59867,180,3355,56900.8,16.96,0.09,111.53,1006,2530.73,TRUE,1/6/10,1/6/10,,9/25/09
108-VN-T30,FPQ-7469,SCMS-106481,ASN-12360,Vietnam,PMO - US,Direct Drop,FCA,Air,ARV,Adult,ABBVIE LOGISTICS (FORMERLY ABBOTT LOGISTICS BV),"Ritonavir 100mg [Norvir], film coated tablets, 30 Tabs",Ritonavir,Norvir,100mg,Tablet,ABBVIE Ludwigshafen Germany,59873,30,560,13025.6,23.26,0.78,21.49,67,4476.29,TRUE,10/19/11,10/19/11,,4/21/11
116-ZA-T30,FPQ-14942,SCMS-259081,ASN-30228,South Africa,PMO - US,Direct Drop,DDP,Truck,ARV,Pediatric,PHARMACY DIRECT,"Lopinavir/Ritonavir 80/20mg/ml [Kaletra], oral solution, cool, Bottle 5 x 60 ml",Lopinavir/Ritonavir,Kaletra,80/20mg/ml,Oral solution,ABBVIE (Abbott) Logis. UK,59894,300,4,63.78,15.94,0.05,0.07,,,TRUE,1/14/15,1/14/15,,1/14/15
114-UG-T30,FPQ-12477,SCMS-198540,ASN-21767,Uganda,PMO - US,Direct Drop,EXW,Air,ARV,Adult,CIPLA LIMITED,"Lamivudine/Zidovudine 150/300mg, tablets, 60 Tabs",Lamivudine/Zidovudine,Generic,150/300mg,Tablet - FDC,"Cipla, Goa, India",59896,60,97380,641734.2,6.59,0.11,793.83,8722,32208.32,TRUE,10/3/13,10/3/13,,7/31/13
116-ZA-T30,FPQ-14942,SCMS-259075,ASN-32138,South Africa,PMO - US,Direct Drop,DDP,Truck,ARV,Pediatric,PHARMACY DIRECT,"Abacavir 20mg/ml, oral solution, Bottle, 240 ml",Abacavir,Generic,20mg/ml,Oral solution,"Aurobindo Unit III, India",59917,240,3,53.13,17.71,0.07,0.05,,,FALSE,5/12/15,5/12/15,,5/11/15
116-ZA-T30,FPQ-13214,SCMS-215410,ASN-23875,South Africa,PMO - US,Direct Drop,DDP,Truck,ARV,Adult,S. BUYS WHOLESALER,"Stavudine 30mg, capsules, 60 Caps",Stavudine,Generic,30mg,Capsule,"Aurobindo Unit III, India",59919,60,44,163.95,3.73,0.06,0.17,,,FALSE,1/13/14,1/13/14,,12/2/13
108-VN-T30,FPQ-12187,SCMS-188540,ASN-21694,Vietnam,PMO - US,Direct Drop,EXW,Air,ARV,Adult,MYLAN LABORATORIES LTD (FORMERLY MATRIX LABORATORIES),"Efavirenz/Lamivudine/Tenofovir Disoproxil Fumarate 600/300/300mg, tablets, 30 Tabs",Efavirenz/Lamivudine/Tenofovir Disoproxil Fumarate,Generic,600/300/300mg,Tablet - FDC,Mylan (formerly Matrix) Nashik,59928,30,14500,166605,11.49,0.38,206.09,1640,2503.07,TRUE,10/11/13,10/11/13,,5/10/13
101-ZA-T30,FPQ-12932,SCMS-206101,ASN-24548,South Africa,PMO - US,Direct Drop,DDP,Truck,ARV,Adult,PHARMACY DIRECT,"Efavirenz/Emtricitabine/Tenofovir Disoproxil Fumarate 600/200/300mg, tablets, 30 Tabs",Efavirenz/Emtricitabine/Tenofovir Disoproxil Fumarate,Generic,600/200/300mg,Tablet - FDC,"Aurobindo Unit VII, IN",59970,30,5409,206791.05,38.23,1.27,255.8,,,TRUE,2/5/14,2/5/14,,11/28/13
119-NA-T30,FPQ-4856,SCMS-62721,ASN-6953,Namibia,PMO - US,Direct Drop,EXW,Air,HRDT,HIV test,"Orgenics, Ltd","HIV 1/2, Determine HIV Kit, without Lancets, 100 Tests","HIV 1/2, Determine HIV Kit, without Lancets",Determine,N/A,Test kit,Inverness Japan,59973,100,170,11900,70,0.7,25.66,40,2883.51,TRUE,6/15/10,6/15/10,,1/8/10
110-ZM-T30,FPQ-9074,SCMS-134370,ASN-13884,Zambia,PMO - US,Direct Drop,EXW,Air,ARV,Adult,Aurobindo Pharma Limited,"Emtricitabine/Tenofovir Disoproxil Fumarate 200/300mg, tablets, 30 Tabs",Emtricitabine/Tenofovir Disoproxil Fumarate,Generic,200/300mg,Tablet - FDC,"Aurobindo Unit III, India",59991,30,100000,735000,7.35,0.24,1030.47,9390,45118.64,TRUE,3/14/12,3/14/12,,1/24/12
116-ZA-T30,FPQ-13214,SCMS-215410,ASN-23875,South Africa,PMO - US,Direct Drop,DDP,Truck,ARV,Adult,S. BUYS WHOLESALER,"Abacavir 300mg, tablets, 60 Tabs",Abacavir,Generic,300mg,Tablet,"Aurobindo Unit III, India",59994,60,268,18310.96,68.32,1.14,18.82,,,FALSE,1/13/14,1/13/14,,12/2/13
108-VN-T30,FPQ-7427,SCMS-105490,ASN-11857,Vietnam,PMO - US,Direct Drop,EXW,Air,ARV,Adult,MYLAN LABORATORIES LTD (FORMERLY MATRIX LABORATORIES),"Lamivudine/Nevirapine/Zidovudine 150/200/300mg, tablets, 60 Tabs",Lamivudine/Nevirapine/Zidovudine,Generic,150/300/200mg,Tablet - FDC,Mylan (formerly Matrix) Nashik,60000,60,25572,281036.28,10.99,0.18,463.71,3572,10657.33,TRUE,9/21/11,9/21/11,,4/14/11
161-ZA-T30,FPQ-6262,SCMS-84230,ASN-9456,South Africa,PMO - US,Direct Drop,DDP,Ocean,ARV,Adult,STRIDES ARCOLAB LIMITED,"Lamivudine 150mg, tablets, 60 Tabs",Lamivudine,Generic,150mg,Tablet,"Strides, Bangalore, India.",60004,60,189137,467168.38,2.47,0.04,1007.22,9173,13677.67,TRUE,2/14/11,2/14/11,,9/21/10
109-TZ-T30,FPQ-12540,SCMS-198780,ASN-20859,Tanzania,PMO - US,Direct Drop,EXW,Air,ARV,Adult,Aurobindo Pharma Limited,"Lamivudine/Nevirapine/Zidovudine 150/200/300mg, tablets, 60 Tabs",Lamivudine/Nevirapine/Zidovudine,Generic,150/300/200mg,Tablet - FDC,"Aurobindo Unit III, India",60005,60,33022,268468.88,8.13,0.14,332.1,4190,16066.92,TRUE,9/24/13,9/24/13,,7/16/13
106-HT-T30,FPQ-9066,SCMS-138620,ASN-14951,Haiti,PMO - US,Direct Drop,EXW,Air,ARV,Pediatric,CIPLA LIMITED,"Abacavir 60mg, dispersible tablets, 60 Tabs",Abacavir,Generic,60mg,Chewable/dispersible tablet,"Cipla, Patalganga, India",60023,60,864,5356.8,6.2,0.1,7.51,46,304.63,TRUE,6/12/12,6/12/12,,2/24/12
116-ZA-T30,FPQ-5381,SCMS-69590,ASN-6724,South Africa,PMO - US,Direct Drop,DDP,Truck,ARV,Adult,S. BUYS WHOLESALER,"Zidovudine 300mg [Retrovir], tablets, 60 Tabs",Zidovudine,Retrovir,300mg,Tablet,GSK Ware (UK),60026,60,200,3058.27,15.29,0.25,6.59,,,FALSE,4/1/10,4/1/10,,3/25/10
106-HT-T30,FPQ-15038,SCMS-262910,ASN-30184,Haiti,PMO - US,Direct Drop,EXW,Ocean,ARV,Adult,Aurobindo Pharma Limited,"Efavirenz 600mg, tablets, 30 Tabs",Efavirenz,Generic,600mg,Tablet,"Aurobindo Unit VII, IN",60074,30,53571,176784.3,3.3,0.11,181.73,4974,11109.18,TRUE,3/13/15,3/13/15,,12/24/14
113-ZW-T30,FPQ-13939,SCMS-234730,ASN-26148,Zimbabwe,PMO - US,Direct Drop,EXW,Air Charter,ARV,Adult,CIPLA LIMITED,"Nevirapine 200mg, tablets, 60 Tabs",Nevirapine,Generic,200mg,Tablet,"Cipla, Goa, India",60084,60,85000,188700,2.22,0.04,193.98,11125,84791.1,TRUE,6/14/14,6/14/14,,5/12/14
104-CI-T30,FPQ-3882,SCMS-51800,ASN-5652,Côte d'Ivoire,PMO - US,Direct Drop,CIP,Air,ARV,Adult,GLAXOSMITHKLINE EXPORT LIMITED,"Abacavir/Lamivudine/Zidovudine 300/150/300mg [Trizivir], tablets, 60 Tabs",Abacavir/Lamivudine/Zidovudine,Trizivir,300/150/300mg,Tablet - FDC,GSK Ware (UK),60104,60,4640,249214.4,53.71,0.9,488.46,685,1807.36,TRUE,1/6/10,1/6/10,,8/21/09
116-ZA-T30,FPQ-14942,SCMS-259075,ASN-32138,South Africa,PMO - US,Direct Drop,DDP,Truck,ARV,Adult,PHARMACY DIRECT,"Emtricitabine/Tenofovir Disoproxil Fumarate 200/300mg, tablets, 30 Tabs",Emtricitabine/Tenofovir Disoproxil Fumarate,Generic,200/300mg,Tablet - FDC,"Aurobindo Unit III, India",60105,30,3,65.49,21.83,0.73,0.07,,,FALSE,5/12/15,5/12/15,,5/11/15
103-ZW-T30,FPQ-13969,SCMS-239160,ASN-28293,Zimbabwe,PMO - US,Direct Drop,EXW,Air,ARV,Pediatric,ABBVIE LOGISTICS (FORMERLY ABBOTT LOGISTICS BV),"Lopinavir/Ritonavir 80/20mg/ml [Kaletra], oral solution, cool, Bottle 5 x 60 ml",Lopinavir/Ritonavir,Kaletra,80/20mg/ml,Oral solution,ABBVIE (Abbott) Logis. UK,60109,300,3794,116931.08,30.82,0.1,120.21,3287,26515.21,TRUE,10/9/14,10/9/14,,5/15/14
114-UG-T30,FPQ-13258,SCMS-216720,ASN-23721,Uganda,PMO - US,Direct Drop,EXW,Air,ARV,Adult,Aurobindo Pharma Limited,"Nevirapine 200mg, tablets, 60 Tabs",Nevirapine,Generic,200mg,Tablet,"Aurobindo Unit III, India",60112,60,18216,40986,2.25,0.04,42.13,1863,6757.18,TRUE,2/22/14,2/22/14,,12/17/13
106-HT-T30,FPQ-3948,SCMS-51130,ASN-4983,Haiti,PMO - US,Direct Drop,FCA,Air,ARV,Pediatric,ABBVIE LOGISTICS (FORMERLY ABBOTT LOGISTICS BV),"Lopinavir/Ritonavir 100/25mg [Aluvia], tablets, 60 Tabs",Lopinavir/Ritonavir,Generic,100/25mg,Tablet,ABBVIE Ludwigshafen Germany,60160,60,90,925.2,10.28,0.17,1.81,17,693.54,TRUE,10/6/09,10/6/09,,8/19/09
161-ZA-T30,FPQ-5303,SCMS-68740,ASN-7868,South Africa,PMO - US,Direct Drop,DDP,Air,ARV,Adult,CIPLA LIMITED,"Tenofovir Disoproxil Fumarate 300mg, tablets, 30 Tabs",Tenofovir Disoproxil Fumarate,Generic,300mg,Tablet,"Cipla, Goa, India",60168,30,64771,506509.22,7.82,0.26,1092.03,4398,5298.03,TRUE,9/1/10,9/3/10,,3/19/10
105-GY-T30,FPQ-6308,SCMS-85580,ASN-8349,Guyana,PMO - US,Direct Drop,EXW,Air,ARV,Adult,Aurobindo Pharma Limited,"Lopinavir/Ritonavir 200/50mg, tablets, 120 Tabs",Lopinavir/Ritonavir,Generic,200/50mg,Tablet,"Aurobindo Unit III, India",60261,120,400,14400,36,0.3,31.05,,,TRUE,10/13/10,10/13/10,,9/17/10
106-HT-T30,FPQ-14895,SCMS-260950,ASN-29640,Haiti,PMO - US,Direct Drop,EXW,Air,ARV,Pediatric,STRIDES ARCOLAB LIMITED,"Efavirenz 200mg, capsule, 90 Caps",Efavirenz,Generic,200mg,Capsule,"Strides, Bangalore, India.",60273,90,2440,22692,9.3,0.1,23.33,163,1659.21,TRUE,1/20/15,1/20/15,,11/15/14
104-CI-T30,FPQ-12806,SCMS-206560,ASN-23448,Côte d'Ivoire,PMO - US,Direct Drop,EXW,Air,ARV,Pediatric,Aurobindo Pharma Limited,"Zidovudine 100mg, capsules, 100 Caps",Zidovudine,Generic,100mg,Capsule,"Aurobindo Unit III, India",60286,100,400,1800,4.5,0.04,2.23,,,FALSE,1/3/14,1/3/14,,9/17/13
116-ZA-T30,FPQ-14942,SCMS-259074,ASN-31070,South Africa,PMO - US,Direct Drop,DDP,Truck,ARV,Pediatric,PHARMACY DIRECT,"Efavirenz 50mg, capsule, 30 Caps",Efavirenz,Generic,50mg,Capsule,"Aurobindo Unit III, India",60299,30,6,13.03,2.17,0.07,0.01,,,FALSE,3/9/15,3/9/15,,3/9/15
106-HT-T30,FPQ-13797,SCMS-233960,ASN-27423,Haiti,PMO - US,Direct Drop,EXW,Air,ARV,Pediatric,CIPLA LIMITED,"Zidovudine 10mg/ml, oral solution, Bottle, 240 ml",Zidovudine,Generic,10mg/ml,Oral solution,"Cipla, Goa, India",60316,240,864,1684.8,1.95,0.01,1.73,,,TRUE,9/12/14,9/12/14,,5/1/14
101-CD-T30,FPQ-16001,SCMS-280210,ASN-31750,"Congo, DRC",PMO - US,Direct Drop,EXW,Air,HRDT,HIV test,"Trinity Biotech, Plc","HIV 1/2, Uni-Gold HIV Kit, 20 Tests","HIV 1/2, Uni-Gold HIV Kit",Uni-Gold,N/A,Test kit,"Trinity Biotech, Plc",60321,20,47,1504,32,1.6,1.77,,,FALSE,7/2/15,7/2/15,,3/16/15
105-SS-T30,FPQ-12623,SCMS-200910,ASN-22040,South Sudan,PMO - US,Direct Drop,EXW,Air,HRDT,HIV test - Ancillary,"Orgenics, Ltd","Chase Buffer, Determine, 100 Tests, 2.5ml x 1 Vial","Chase Buffer, Determine, 100 Tests, 2.5ml x 1 Vial",Determine,N/A,Test kit - Ancillary,"Alere Medical Co., Ltd.",60357,1,210,1050,5,5,1.3,,,FALSE,11/8/13,11/8/13,,8/5/13
102-BI-T30,FPQ-12580,SCMS-199581,ASN-22108,Burundi,PMO - US,Direct Drop,EXW,Air,HRDT,HIV test,"CHEMBIO DIAGNOSTIC SYSTEMS, INC.","HIV 1/2, Stat-Pak Dipstick Assay Kit, 30 Tests","HIV 1/2, Stat-Pak Dipstick Assay Kit",Stat-Pak,N/A,Test kit,Chembio Diagnostics Sys. Inc.,60359,30,428,11812.8,27.6,0.92,14.61,47,732.47,TRUE,10/30/13,10/30/13,,7/31/13
116-ZA-T30,FPQ-13035,SCMS-215370,ASN-24415,South Africa,PMO - US,Direct Drop,DDP,Truck,ARV,Pediatric,S. BUYS WHOLESALER,"Efavirenz 50mg, capsule, 30 Caps",Efavirenz,Generic,50mg,Capsule,"Aurobindo Unit III, India",60375,30,387,1089.02,2.81,0.09,1.35,,,FALSE,2/6/14,2/6/14,,12/2/13
161-ZA-T30,FPQ-6262,SCMS-83770,ASN-9939,South Africa,PMO - US,Direct Drop,DDP,Ocean,ARV,Adult,Aurobindo Pharma Limited,"Efavirenz 600mg, tablets, 30 Tabs",Efavirenz,Generic,600mg,Tablet,"Aurobindo Unit III, India",60391,30,25692,116384.76,4.53,0.15,250.93,,,TRUE,4/26/11,4/26/11,,9/24/10
109-TZ-T30,FPQ-7909,SCMS-114990,ASN-12094,Tanzania,PMO - US,Direct Drop,EXW,Air,HRDT,HIV test,"Standard Diagnostics, Inc.","HIV 1/2, Bioline 3.0 Kit, Lancets, Capillary pipets, Alcohol swabs included, 25 Tests","HIV 1/2, Bioline 3.0 Kit, Lancets, Capillary pipets, Alcohol swabs included",Bioline,N/A,Test kit,"Standard Diagnostics, Korea",60401,25,10000,200000,20,0.8,330,3349,22523.12,TRUE,9/29/11,9/29/11,,7/18/11
116-ZA-T30,FPQ-3596,SCMS-50370,ASN-5460,South Africa,PMO - US,Direct Drop,DDP,Truck,ARV,Adult,S. BUYS WHOLESALER,"Zidovudine 300mg, tablets, 60 Tabs",Zidovudine,Generic,300mg,Tablet,"Aurobindo Unit III, India",60439,60,770,20108.36,26.11,0.44,39.41,,,FALSE,10/29/09,10/29/09,,9/22/09
102-KE-T30,FPQ-4587,SCMS-58380,ASN-5878,Kenya,PMO - US,Direct Drop,EXW,Air,HRDT,HIV test,"Orgenics, Ltd","HIV 1/2, Determine Complete HIV Kit, 100 Tests","HIV 1/2, Determine Complete HIV Kit",Determine,N/A,Test kit,Inverness Japan,60450,100,1500,120000,80,0.8,258.72,1489,14532.09,TRUE,2/16/10,2/19/10,,12/2/09
117-ET-T30,FPQ-12272,SCMS-190780,ASN-20285,Ethiopia,PMO - US,Direct Drop,EXW,Air,HRDT,HIV test,"CHEMBIO DIAGNOSTIC SYSTEMS, INC.","HIV 1/2, Stat-Pak HIV, Kit, 20 Tests","HIV 1/2, Stat-Pak HIV, Kit",Stat-Pak,N/A,Test kit,Chembio Diagnostics Sys. Inc.,60489,20,832,24128,29,1.45,29.85,238,1945.45,TRUE,7/10/13,7/10/13,,5/21/13
161-ZA-T30,FPQ-6708,SCMS-93540,ASN-10556,South Africa,PMO - US,Direct Drop,DDP,Ocean,ARV,Adult,Aurobindo Pharma Limited,"Tenofovir Disoproxil Fumarate 300mg, tablets, 30 Tabs",Tenofovir Disoproxil Fumarate,Generic,300mg,Tablet,"Aurobindo Unit III, India",60502,30,79250,527012.5,6.65,0.22,869.57,7397,8809.08,TRUE,5/31/11,5/31/11,,12/14/10
104-BW-T30,FPQ-15568,SCMS-275710,ASN-31392,Botswana,PMO - US,Direct Drop,EXW,Air,ARV,Adult,HETERO LABS LIMITED,"Efavirenz/Emtricitabine/Tenofovir Disoproxil Fumarate 600/200/300mg, tablets, 30 Tabs",Efavirenz/Emtricitabine/Tenofovir Disoproxil Fumarate,Generic,600/200/300mg,Tablet - FDC,"Hetero, Jadcherla, unit 5, IN",60545,30,32112,334928.16,10.43,0.35,394.21,3989,19745.22,TRUE,6/2/15,6/2/15,,2/6/15
117-ET-T30,FPQ-9209,SCMS-134710,ASN-14556,Ethiopia,PMO - US,Direct Drop,EXW,Air,HRDT,HIV test,"Trinity Biotech, Plc","HIV 1/2, Uni-Gold HIV Kit, 20 Tests","HIV 1/2, Uni-Gold HIV Kit",Uni-Gold,N/A,Test kit,"Trinity Biotech, Plc",60547,20,24,768,32,1.6,1.08,8,315.44,TRUE,4/26/12,4/26/12,,1/23/12
116-ZA-T30,FPQ-12522,SCMS-199283,ASN-27980,South Africa,PMO - US,Direct Drop,DDP,Truck,ARV,Pediatric,S. BUYS WHOLESALER,"Efavirenz 50mg, capsule, 30 Caps",Efavirenz,Generic,50mg,Capsule,"Aurobindo Unit III, India",60573,30,16,53.06,3.32,0.11,0.07,,,FALSE,8/27/14,8/27/14,,8/27/14
108-VN-T30,FPQ-8428,SCMS-123520,ASN-13475,Vietnam,PMO - US,Direct Drop,EXW,Air,ARV,Adult,Aurobindo Pharma Limited,"Nevirapine 200mg, tablets, 60 Tabs",Nevirapine,Generic,200mg,Tablet,"Aurobindo Unit III, India",60626,60,5000,12500,2.5,0.04,20.62,,,FALSE,3/1/12,3/1/12,,10/4/11
106-HT-T30,FPQ-15038,SCMS-270280,ASN-30068,Haiti,PMO - US,Direct Drop,EXW,Air,ARV,Pediatric,Aurobindo Pharma Limited,"Nevirapine 50mg, dispersible tablets (tablets for oral suspension), 30 Tabs",Nevirapine,Generic,50mg,Chewable/dispersible tablet,"Aurobindo Unit III, India",60690,30,6100,7625,1.25,0.04,7.84,353,4236.81,TRUE,2/16/15,2/16/15,,12/24/14
104-CI-T30,FPQ-15618,SCMS-272180,ASN-30880,Côte d'Ivoire,PMO - US,Direct Drop,EXW,Air,HRDT,HIV test,"CHEMBIO DIAGNOSTIC SYSTEMS, INC.","HIV 1/2, Stat-Pak HIV, Kit, 20 Tests","HIV 1/2, Stat-Pak HIV, Kit",Stat-Pak,N/A,Test kit,Chembio Diagnostics Sys. Inc.,60702,20,2400,74400,31,1.55,87.57,678,9253.44,TRUE,4/9/15,4/9/15,,2/20/15
109-TZ-T30,FPQ-12868,SCMS-205690,ASN-23213,Tanzania,PMO - US,Direct Drop,EXW,Air,ARV,Adult,MYLAN LABORATORIES LTD (FORMERLY MATRIX LABORATORIES),"Abacavir 300mg, tablets, 60 Tabs",Abacavir,Generic,300mg,Tablet,Mylan (formerly Matrix) Nashik,60778,60,20000,223800,11.19,0.19,276.84,2039,9182.45,TRUE,1/28/14,1/28/14,,9/9/13
161-ZA-T30,FPQ-6262,SCMS-83770,ASN-10127,South Africa,PMO - US,Direct Drop,DDP,Ocean,ARV,Adult,Aurobindo Pharma Limited,"Lamivudine 150mg, tablets, 60 Tabs",Lamivudine,Generic,150mg,Tablet,"Aurobindo Unit III, India",60779,60,84143,199418.9,2.37,0.04,429.95,,,FALSE,4/26/11,4/26/11,,9/24/10
114-UG-T30,FPQ-5457,SCMS-75280,ASN-7478,Uganda,PMO - US,Direct Drop,FCA,Air,ARV,Adult,ABBVIE LOGISTICS (FORMERLY ABBOTT LOGISTICS BV),"Ritonavir 100mg [Norvir], capsules, cool, 4 x 84 Caps",Ritonavir,Norvir,100mg,Capsule,ABBVIE (Abbott) Logis. UK,60811,336,15,575.4,38.36,0.11,1.24,53,708.2,TRUE,7/19/10,7/19/10,,6/7/10
106-HT-T30,FPQ-3948,SCMS-51120,ASN-5487,Haiti,PMO - US,Direct Drop,CIP,Air,ARV,Pediatric,MERCK SHARP & DOHME IDEA GMBH (FORMALLY MERCK SHARP & DOHME B.V.),"Efavirenz 30mg/ml [Stocrin/Sustiva], oral solution, Bottle, 180 ml",Efavirenz,Stocrin/Sustiva,30mg/ml,Oral solution,"MSD, Haarlem, NL",60812,180,192,3256.32,16.96,0.09,6.38,54,290,TRUE,11/30/09,11/30/09,,8/19/09
116-ZA-T30,FPQ-14942,SCMS-259075,ASN-32138,South Africa,PMO - US,Direct Drop,DDP,Truck,ARV,Adult,PHARMACY DIRECT,"Darunavir 600mg [Prezista], tablets, 60 Tabs",Darunavir,Prezista,600mg,Tablet,"Janssen-Cilag, Latina, IT",60816,60,3,141.39,47.13,0.79,0.15,,,FALSE,5/12/15,5/12/15,,5/11/15
109-TZ-T30,FPQ-7680,SCMS-111650,ASN-13770,Tanzania,PMO - US,Direct Drop,FCA,Air,ARV,Adult,ABBVIE LOGISTICS (FORMERLY ABBOTT LOGISTICS BV),"Ritonavir 100mg [Norvir], film coated tablets, 60 Tabs",Ritonavir,Norvir,100mg,Tablet,ABBVIE Ludwigshafen Germany,60818,60,2145,14693.25,6.85,0.11,24.24,309,2383.65,TRUE,3/9/12,3/9/12,,6/22/11
161-ZA-T30,FPQ-6262,SCMS-84240,ASN-8846,South Africa,PMO - US,Direct Drop,DDP,Ocean,ARV,Adult,STRIDES ARCOLAB LIMITED,"Nevirapine 200mg, tablets, 60 Tabs",Nevirapine,Generic,200mg,Tablet,"Strides, Bangalore, India.",60840,60,237500,681625,2.87,0.05,1469.58,15475,14682.98,TRUE,12/13/10,12/13/10,,9/21/10
107-RW-T30,FPQ-8365,SCMS-126490,ASN-14125,Rwanda,PMO - US,Direct Drop,EXW,Air,ARV,Adult,Aurobindo Pharma Limited,"Didanosine 250mg, delayed-release capsules, 30 Caps",Didanosine,Generic,250mg,Delayed-release capsules,"Aurobindo Unit III, India",60841,30,784,10192,13,0.43,16.82,,,FALSE,3/30/12,3/30/12,,11/9/11
116-ZA-T30,FPQ-14942,SCMS-295800,ASN-33864,South Africa,PMO - US,Direct Drop,DDP,Truck,ARV,Adult,PHARMACY DIRECT,"Etravirine 100mg [Intelence], tablets, 120 Tabs",Etravirine,Intelence,100mg,Tablet,"Janssen-Cilag, Latina, IT",60866,120,18,495.23,27.51,0.23,0.51,,,FALSE,8/24/15,8/24/15,,8/24/15
110-ZM-T30,FPQ-14827,SCMS-256500,ASN-31166,Zambia,PMO - US,Direct Drop,EXW,Air,HRDT,HIV test,"Orgenics, Ltd","HIV 1/2, Determine Complete HIV Kit, 100 Tests","HIV 1/2, Determine Complete HIV Kit",Determine,N/A,Test kit,"Alere Medical Co., Ltd.",60937,100,3182,254560,80,0.8,261.69,1290,14493.3,TRUE,5/12/15,5/6/15,,9/19/14
116-ZA-T30,FPQ-4770,SCMS-60171,ASN-5931,South Africa,PMO - US,Direct Drop,DDP,Truck,ARV,Pediatric,S. BUYS WHOLESALER,"Nevirapine 10mg/ml [Viramune], oral suspension, Bottle, 240 ml",Nevirapine,Viramune,10mg/ml,Oral suspension,Boehringer Ingelheim Roxane US,60964,240,40,625.57,15.64,0.07,1.35,,,TRUE,1/12/10,1/12/10,,12/23/09
901-LR-T30,FPQ-8135,SCMS-118700,ASN-12267,Liberia,PMO - US,Direct Drop,EXW,Air,HRDT,HIV test,"Orgenics, Ltd","HIV 1/2, Determine Complete HIV Kit, 100 Tests","HIV 1/2, Determine Complete HIV Kit",Determine,N/A,Test kit,"Alere Medical Co., Ltd.",60966,100,695,55600,80,0.8,91.74,332,8738.06,TRUE,10/13/11,10/13/11,,8/18/11
161-ZA-T30,FPQ-6708,SCMS-93530,ASN-9936,South Africa,PMO - US,Direct Drop,DDP,Ocean,ARV,Adult,Aurobindo Pharma Limited,"Tenofovir Disoproxil Fumarate 300mg, tablets, 30 Tabs",Tenofovir Disoproxil Fumarate,Generic,300mg,Tablet,"Aurobindo Unit III, India",60978,30,76615,509489.75,6.65,0.22,840.66,,,TRUE,4/7/11,4/7/11,,12/14/10
102-SD-T30,FPQ-8264,SCMS-121853,ASN-13539,Sudan,PMO - US,Direct Drop,EXW,Air,HRDT,HIV test - Ancillary,"Orgenics, Ltd","Capillary Tubes, for Determine, EDTA, 50uL,100 Pcs","HIV, Capillary Tubes, for Determine, EDTA, 50uL,100 Pcs",Determine,N/A,Test kit - Ancillary,"Alere Medical Co., Ltd.",60994,100,1,8,8,0.08,0.01,2,980.7,TRUE,2/20/12,2/20/12,,9/14/11
161-ZA-T30,FPQ-5303,SCMS-68951,ASN-7438,South Africa,PMO - US,Direct Drop,DDP,Air,ARV,Pediatric,Aurobindo Pharma Limited,"Lamivudine 10mg/ml, oral solution w/syringe, Bottle, 240 ml",Lamivudine,Generic,10mg/ml,Oral solution,"Aurobindo Unit III, India",61009,240,11640,34920,3,0.01,75.29,4440,3283.59,TRUE,7/14/10,8/24/10,,3/19/10
104-CI-T30,FPQ-4932,SCMS-63750,ASN-6169,Côte d'Ivoire,PMO - US,Direct Drop,FCA,Air,ARV,Adult,ABBVIE LOGISTICS (FORMERLY ABBOTT LOGISTICS BV),"Lopinavir/Ritonavir 200/50mg [Aluvia], tablets, 120 Tabs",Lopinavir/Ritonavir,Aluvia,200/50mg,Tablet,ABBVIE Ludwigshafen Germany,61090,120,3240,117158.4,36.16,0.3,252.59,800,5322.35,TRUE,3/5/10,3/5/10,,1/25/10
111-MZ-T30,FPQ-15221,SCMS-270130,ASN-31861,Mozambique,PMO - US,Direct Drop,CIP,Air,ARV,Adult,JANSSEN SCIENCES IRELAND UC (FORMERLY JANSSEN R&D IRELAND),"Darunavir 600mg [Prezista], tablets, 60 Tabs",Darunavir,Prezista,600mg,Tablet,"Janssen-Cilag, Latina, IT",61105,60,100,5400,54,0.9,6.36,,,TRUE,5/6/15,5/6/15,,12/19/14
114-UG-T30,FPQ-13600,SCMS-225770,ASN-26847,Uganda,PMO - US,Direct Drop,EXW,Air,ARV,Adult,B&C GROUP S.A.,"Etravirine 100mg [Intelence], tablets, 120 Tabs",Etravirine,Intelence,100mg,Tablet,"Janssen-Cilag, Latina, IT",61111,120,502,18072,36,0.3,18.58,119,923.18,TRUE,7/16/14,7/16/14,,2/4/14
116-ZA-T30,FPQ-14942,SCMS-259079,ASN-33852,South Africa,PMO - US,Direct Drop,DDP,Truck,ARV,Adult,PHARMACY DIRECT,"Emtricitabine/Tenofovir Disoproxil Fumarate 200/300mg, tablets, 30 Tabs",Emtricitabine/Tenofovir Disoproxil Fumarate,Generic,200/300mg,Tablet - FDC,"Aurobindo Unit III, India",61186,30,10,234.38,23.44,0.78,0.24,,,FALSE,8/24/15,8/24/15,,10/9/14
108-VN-T30,FPQ-7427,SCMS-105530,ASN-11955,Vietnam,PMO - US,Direct Drop,EXW,Air,ARV,Adult,HETERO LABS LIMITED,"Lamivudine/Zidovudine 150/300mg, tablets, 60 Tabs",Lamivudine/Zidovudine,Generic,150/300mg,Tablet - FDC,Hetero Unit III Hyderabad IN,61190,60,10249,84041.8,8.2,0.14,138.67,5495,23372.43,TRUE,9/26/11,9/26/11,,4/14/11
106-HT-T30,FPQ-9066,SCMS-138590,ASN-16098,Haiti,PMO - US,Direct Drop,EXW,Air,ARV,Pediatric,CIPLA LIMITED,"Abacavir/Lamivudine 60/30mg, dispersible tablets, 60 Tabs",Abacavir/Lamivudine,Generic,60/30mg,Chewable/dispersible tablet - FDC,"Cipla, Patalganga, India",61191,60,2460,17220,7,0.12,24.14,173,1312.75,TRUE,9/5/12,9/5/12,,2/24/12
114-UG-T30,FPQ-12777,SCMS-202560,ASN-22983,Uganda,PMO - US,Direct Drop,EXW,Air,ARV,Pediatric,Aurobindo Pharma Limited,"Nevirapine 10mg/ml, oral suspension w/syringe, Bottle, 100 ml",Nevirapine,Generic,10mg/ml,Oral suspension,"Aurobindo Unit III, India",61271,100,11036,14346.8,1.3,0.01,17.75,2385,10898.12,TRUE,12/10/13,12/12/13,,8/9/13
116-ZA-T30,FPQ-14942,SCMS-259075,ASN-32138,South Africa,PMO - US,Direct Drop,DDP,Truck,ARV,Adult,PHARMACY DIRECT,"Zidovudine 300mg, tablets, 60 Tabs",Zidovudine,Generic,300mg,Tablet,"Aurobindo Unit III, India",61274,60,3,54.1,18.03,0.3,0.06,,,FALSE,5/12/15,5/12/15,,5/11/15
107-RW-T30,FPQ-6341,SCMS-84980,ASN-9370,Rwanda,PMO - US,Direct Drop,EXW,Ocean,ARV,Adult,HETERO LABS LIMITED,"Lamivudine/Tenofovir Disoproxil Fumarate 300/300mg, tablets, 30 Tabs",Lamivudine/Tenofovir Disoproxil Fumarate,Generic,300/300mg,Tablet - FDC,Hetero Unit III Hyderabad IN,61281,30,172800,1617408,9.36,0.31,3487.13,,,FALSE,3/1/11,3/1/11,,9/28/10
901-GH-T30,FPQ-14101,SCMS-245420,ASN-28715,Ghana,PMO - US,Direct Drop,EXW,Air,ARV,Adult,MYLAN LABORATORIES LTD (FORMERLY MATRIX LABORATORIES),"Efavirenz/Lamivudine/Tenofovir Disoproxil Fumarate 600/300/300mg, tablets, 30 Tabs",Efavirenz/Lamivudine/Tenofovir Disoproxil Fumarate,Generic,600/300/300mg,Tablet - FDC,Mylan (formerly Matrix) Nashik,61282,30,38433,412770.4,10.74,0.36,424.33,4656,31521.65,TRUE,11/21/14,11/21/14,,7/8/14
133-NG-T30,FPQ-12456,SCMS-196561,ASN-22354,Nigeria,PMO - US,Direct Drop,EXW,Air,HRDT,HIV test,"Orgenics, Ltd","HIV 1/2, Determine Complete HIV Kit, 100 Tests","HIV 1/2, Determine Complete HIV Kit",Determine,N/A,Test kit,"Alere Medical Co., Ltd.",61286,100,3076,273764,89,0.89,338.65,1249,21084.84,TRUE,11/7/13,11/13/13,,7/10/13
110-ZM-T30,FPQ-7439,SCMS-106730,ASN-11219,Zambia,PMO - US,Direct Drop,EXW,Air,HRDT,HIV test,"Trinity Biotech, Plc","HIV 1/2, Uni-Gold HIV Kit, 20 Tests","HIV 1/2, Uni-Gold HIV Kit",Uni-Gold,N/A,Test kit,"Trinity Biotech, Plc",61306,20,3500,112000,32,1.6,184.8,1224,15670.6,TRUE,7/19/11,7/19/11,,4/20/11
116-ZA-T30,FPQ-14942,SCMS-259078,ASN-33470,South Africa,PMO - US,Direct Drop,DDP,Truck,ARV,Adult,PHARMACY DIRECT,"Tenofovir Disoproxil Fumarate 300mg, tablets, 30 Tabs",Tenofovir Disoproxil Fumarate,Generic,300mg,Tablet,Mylan (formerly Matrix) Nashik,61354,30,38,564.39,14.85,0.5,0.58,,,FALSE,7/24/15,7/24/15,,10/9/14
103-ZW-T30,FPQ-9905,SCMS-148270,ASN-16267,Zimbabwe,PMO - US,Direct Drop,EXW,Ocean,ARV,Pediatric,Aurobindo Pharma Limited,"Lopinavir/Ritonavir 100/25mg, tablets, 60 Tabs",Lopinavir/Ritonavir,Generic,100/25mg,Tablet,"Aurobindo Unit III, India",61364,60,42500,341700,8.04,0.13,479.06,3868,16210.31,TRUE,10/24/12,10/24/12,,7/17/12
105-DO-T30,FPQ-7858,SCMS-117400,ASN-12551,Dominican Republic,PMO - US,Direct Drop,EXW,Air,HRDT,HIV test,"Orgenics, Ltd","HIV 1/2, Determine Complete HIV Kit, 100 Tests","HIV 1/2, Determine Complete HIV Kit",Determine,N/A,Test kit,Inverness Japan,61396,100,2828,260176,92,0.92,429.29,,,TRUE,10/27/11,10/27/11,,8/4/11
104-CI-T30,FPQ-6037,SCMS-80610,ASN-8594,Côte d'Ivoire,PMO - US,Direct Drop,EXW,Air,HRDT,HIV test,"Standard Diagnostics, Inc.","HIV 1/2, Bioline 3.0 Kit, (no accessories), 30 Tests","HIV 1/2, Bioline 3.0 Kit (no accessories)",Bioline,N/A,Test kit,"Standard Diagnostics, Korea",61403,30,1206,28944,24,0.8,62.4,429,4540.55,TRUE,11/10/10,11/10/10,,7/30/10
161-ZA-T30,FPQ-5303,SCMS-68750,ASN-8387,South Africa,PMO - US,Direct Drop,DDP,Air,ARV,Adult,CIPLA LIMITED,"Tenofovir Disoproxil Fumarate 300mg, tablets, 30 Tabs",Tenofovir Disoproxil Fumarate,Generic,300mg,Tablet,"Cipla, Goa, India",61416,30,64738,506251.16,7.82,0.26,1091.48,4457,3646.13,TRUE,10/13/10,10/27/10,,3/19/10
116-ZA-T30,FPQ-14942,SCMS-259072,ASN-30377,South Africa,PMO - US,Direct Drop,DDP,Truck,ARV,Adult,PHARMACY DIRECT,"Didanosine 250mg, delayed-release capsules, 30 Caps",Didanosine,Generic,250mg,Delayed-release capsules,"Aurobindo Unit III, India",61417,30,6,66.1,11.02,0.37,0.07,,,FALSE,1/26/15,1/26/15,,1/26/15
114-UG-T30,FPQ-9365,SCMS-142260,ASN-14701,Uganda,PMO - US,Direct Drop,FCA,Air,ARV,Adult,ABBVIE LOGISTICS (FORMERLY ABBOTT LOGISTICS BV),"Ritonavir 100mg [Norvir], film coated tablets, 60 Tabs",Ritonavir,Norvir,100mg,Tablet,ABBVIE Ludwigshafen Germany,61418,60,625,4281.25,6.85,0.11,6,86,86,TRUE,5/4/12,5/4/12,,4/4/12
114-UG-T30,FPQ-16569,SCMS-295010,ASN-33776,Uganda,PMO - US,Direct Drop,EXW,Air,ARV,Adult,STRIDES ARCOLAB LIMITED,"Efavirenz 600mg, tablets, 30 Tabs",Efavirenz,Generic,600mg,Tablet,"Strides, Bangalore, India.",61436,30,61751,194515.66,3.15,0.1,228.94,,,TRUE,8/28/15,8/28/15,,7/28/15
116-ZA-T30,FPQ-14942,SCMS-259077,ASN-33477,South Africa,PMO - US,Direct Drop,DDP,Truck,ARV,Adult,PHARMACY DIRECT,"Lamivudine/Zidovudine 150/300mg, tablets, 60 Tabs",Lamivudine/Zidovudine,Generic,150/300mg,Tablet - FDC,"Aurobindo Unit III, India",61473,60,13,293.03,22.54,0.38,0.3,,,FALSE,7/24/15,7/24/15,,10/9/14
105-DO-T30,FPQ-12359,SCMS-202330,ASN-22277,Dominican Republic,PMO - US,Direct Drop,EXW,Air,HRDT,HIV test - Ancillary,"Standard Diagnostics, Inc.","Chase Buffer, Determine, 100 Tests, 2.5ml x 1 Vial","Chase Buffer, Determine, 100 Tests, 2.5ml x 1 Vial",Determine,N/A,Test kit - Ancillary,"Alere Medical Co., Ltd.",61493,1,112,0,0,0,0,46,1428.23,TRUE,10/29/13,10/29/13,,8/7/13
161-ZA-T30,FPQ-6262,SCMS-83730,ASN-9482,South Africa,PMO - US,Direct Drop,DDP,Ocean,ARV,Adult,Aurobindo Pharma Limited,"Tenofovir Disoproxil Fumarate 300mg, tablets, 30 Tabs",Tenofovir Disoproxil Fumarate,Generic,300mg,Tablet,"Aurobindo Unit III, India",61501,30,146670,975355.5,6.65,0.22,2102.87,13690,15213.22,TRUE,12/29/10,3/10/11,,9/24/10
101-CD-T30,FPQ-14100,SCMS-239410,ASN-26738,"Congo, DRC",PMO - US,Direct Drop,EXW,Air,HRDT,HIV test,"Trinity Biotech, Plc","HIV 1/2, Uni-Gold HIV Kit, 20 Tests","HIV 1/2, Uni-Gold HIV Kit",Uni-Gold,N/A,Test kit,"Trinity Biotech, Plc",61518,20,65,2080,32,1.6,2.14,,,FALSE,9/5/14,9/5/14,,5/20/14
107-RW-T30,FPQ-6185,SCMS-84380,ASN-12230,Rwanda,PMO - US,Direct Drop,CIP,Air,ARV,Pediatric,Aurobindo Pharma Limited,"Lamivudine 10mg/ml, oral solution w/syringe, Bottle, 240 ml",Lamivudine,Generic,10mg/ml,Oral solution,"Aurobindo Unit III, India",61520,240,2468,7231.24,2.93,0.01,15.59,907,650.81,TRUE,9/27/11,9/27/11,,9/27/10
106-HT-T30,FPQ-10785,SCMS-162800,ASN-17281,Haiti,PMO - US,Direct Drop,EXW,Air,HRDT,HIV test,"Orgenics, Ltd","HIV 1/2, Determine Complete HIV Kit, 100 Tests","HIV 1/2, Determine Complete HIV Kit",Determine,N/A,Test kit,"Alere Medical Co., Ltd.",61521,100,1500,150000,100,1,185.55,714,11293.85,TRUE,12/6/12,12/6/12,,10/16/12
117-ET-T30,FPQ-9954,SCMS-148511,ASN-16887,Ethiopia,PMO - US,Direct Drop,EXW,Air,HRDT,HIV test,"SHANGHAI KEHUA BIOENGINEERING CO.,LTD.  (KHB)","HIV 1/2, SKB Colloidal Gold, Diagnostic Kit, Antibody, 50 Tests","HIV 1/2, Colloidal Gold, Diagnostic Kit, Antibody",Colloidal Gold,N/A,Test kit,"KHB Test Kit Facility, Shanghai China",61546,1,22497,551176.5,24.5,24.5,772.75,13749,152368.7,TRUE,11/5/12,11/5/12,,8/10/12
106-HT-T30,FPQ-12590,SCMS-210540,ASN-24368,Haiti,PMO - US,Direct Drop,EXW,Air,ARV,Adult,MYLAN LABORATORIES LTD (FORMERLY MATRIX LABORATORIES),"Lamivudine/Zidovudine 150/300mg, tablets, 60 Tabs",Lamivudine/Zidovudine,Generic,150/300mg,Tablet - FDC,Mylan (formerly Matrix) Nashik,61550,60,24024,155915.77,6.49,0.11,192.87,2082,16574.55,TRUE,6/17/14,6/17/14,,10/25/13
108-VN-T30,FPQ-5899,SCMS-77600,ASN-7782,Vietnam,PMO - US,Direct Drop,FCA,Air,ARV,Adult,ABBVIE LOGISTICS (FORMERLY ABBOTT LOGISTICS BV),"Ritonavir 100mg [Norvir], capsules, cool, 4 x 84 Caps",Ritonavir,Norvir,100mg,Capsule,ABBVIE (Abbott) Logis. UK,61563,336,56,17185.28,306.88,0.91,37.05,168,4092.21,TRUE,9/13/10,9/13/10,,7/1/10
104-CI-T30,FPQ-12622,SCMS-201210,ASN-21763,Côte d'Ivoire,PMO - US,Direct Drop,EXW,Air,HRDT,HIV test,"Standard Diagnostics, Inc.","HIV 1/2, Bioline 3.0 Kit, Lancets, Capillary pipets, Alcohol swabs included, 25 Tests","HIV 1/2, Bioline 3.0 Kit, Lancets, Capillary pipets, Alcohol swabs included",Bioline,N/A,Test kit,"Standard Diagnostics, Korea",61595,25,3800,77900,20.5,0.82,96.36,1267,12711.93,TRUE,10/7/13,10/7/13,,8/15/13
106-HT-T30,FPQ-14895,SCMS-261010,ASN-32057,Haiti,PMO - US,Direct Drop,EXW,Air,ARV,Adult,EMCURE PHARMACEUTICALS LTD,"Atazanavir/Ritonavir 300/100mg, tablets, 30 Tabs",Atazanavir/Ritonavir,Generic,300/100mg,Tablet,"Emcure Plot No.P-2, I.T-B.T. Park, Phase II, MIDC, Hinjwadi, Pune, India",61612,30,1000,18000,18,0.6,18.5,132,1579.89,TRUE,5/28/15,5/28/15,,11/14/14
161-ZA-T30,FPQ-7175,SCMS-103440,ASN-11677,South Africa,PMO - US,Direct Drop,DDP,Ocean,ARV,Adult,Aurobindo Pharma Limited,"Efavirenz 600mg, tablets, 30 Tabs",Efavirenz,Generic,600mg,Tablet,"Aurobindo Unit III, India",61614,30,58489,263785.38,4.51,0.15,435.25,4972,14439.19,TRUE,10/4/11,10/11/11,,3/24/11
106-HT-T30,FPQ-12590,SCMS-210470,ASN-24369,Haiti,PMO - US,Direct Drop,EXW,Ocean,ARV,Pediatric,Aurobindo Pharma Limited,"Nevirapine 50mg, dispersible tablets (tablets for oral suspension), 30 Tabs",Nevirapine,Generic,50mg,Chewable/dispersible tablet,"Aurobindo Unit III, India",61623,30,2293,2866.25,1.25,0.04,3.55,122,2461.63,TRUE,5/9/14,5/9/14,,10/24/13
116-ZA-T30,FPQ-15269,SCMS-267020,ASN-29764,South Africa,PMO - US,Direct Drop,DDP,Truck,ARV,Adult,S. BUYS WHOLESALER,"Emtricitabine/Tenofovir Disoproxil Fumarate 200/300mg, tablets, 30 Tabs",Emtricitabine/Tenofovir Disoproxil Fumarate,Generic,200/300mg,Tablet - FDC,"Aurobindo Unit III, India",61658,30,2,53.51,26.76,0.89,0.06,,,FALSE,12/10/14,12/10/14,,12/10/14
161-ZA-T30,FPQ-6708,SCMS-93550,ASN-10569,South Africa,PMO - US,Direct Drop,DDP,Ocean,ARV,Adult,Aurobindo Pharma Limited,"Tenofovir Disoproxil Fumarate 300mg, tablets, 30 Tabs",Tenofovir Disoproxil Fumarate,Generic,300mg,Tablet,"Aurobindo Unit III, India",61659,30,52158,346850.7,6.65,0.22,572.3,4868,6121.41,TRUE,6/13/11,6/13/11,,12/14/10
102-KE-T30,FPQ-9100,SCMS-133470,ASN-13945,Kenya,PMO - US,Direct Drop,EXW,Air,HRDT,HIV test,"Orgenics, Ltd","HIV 1/2, Determine Complete HIV Kit, 100 Tests","HIV 1/2, Determine Complete HIV Kit",Determine,N/A,Test kit,"Alere Medical Co., Ltd.",61664,100,7982,710398,89,0.89,995.98,2278,31382.03,TRUE,3/22/12,3/22/12,,2/1/12
110-ZM-T30,FPQ-12252,SCMS-189240,ASN-20479,Zambia,PMO - US,Direct Drop,EXW,Air,HRDT,HIV test,"Orgenics, Ltd","HIV 1/2, Determine Complete HIV Kit, 100 Tests","HIV 1/2, Determine Complete HIV Kit",Determine,N/A,Test kit,"Alere Medical Co., Ltd.",61675,100,2127,170160,80,0.8,210.49,881,14019.38,TRUE,8/5/13,8/9/13,,5/22/13
102-SD-T30,FPQ-8261,SCMS-120461,ASN-12338,Sudan,PMO - US,Direct Drop,EXW,Air,HRDT,HIV test,"Trinity Biotech, Plc","HIV 1/2, Uni-Gold HIV Kit, 20 Tests","HIV 1/2, Uni-Gold HIV Kit",Uni-Gold,N/A,Test kit,"Trinity Biotech, Plc",61676,20,65,2080,32,1.6,3.43,21,593.72,TRUE,1/11/12,1/11/12,,9/7/11
116-ZA-T30,FPQ-13973,SCMS-238551,ASN-26882,South Africa,PMO - US,Direct Drop,DDP,Truck,ARV,Pediatric,PHARMACY DIRECT,"Lamivudine 10mg/ml, oral solution, Bottle, 240 ml",Lamivudine,Generic,10mg/ml,Oral solution,"Aurobindo Unit III, India",61694,240,6,42.91,7.15,0.03,0.04,,,FALSE,6/25/14,6/25/14,,6/25/14
108-VN-T30,FPQ-5317,SCMS-69530,ASN-7487,Vietnam,PMO - US,Direct Drop,EXW,Air,ARV,Adult,STRIDES ARCOLAB LIMITED,"Nevirapine 200mg, tablets, 60 Tabs",Nevirapine,Generic,200mg,Tablet,"Strides, Bangalore, India.",61696,60,10935,28431,2.6,0.04,61.3,,,FALSE,8/3/10,8/3/10,,3/29/10
116-ZA-T30,FPQ-14942,SCMS-259076,ASN-32524,South Africa,PMO - US,Direct Drop,DDP,Truck,ARV,Adult,PHARMACY DIRECT,"Zidovudine 300mg, tablets, 60 Tabs",Zidovudine,Generic,300mg,Tablet,"Aurobindo Unit III, India",61697,60,7,126.22,18.03,0.3,0.13,,,FALSE,6/2/15,6/2/15,,6/2/15
107-RW-T30,FPQ-8741,SCMS-129500,ASN-15287,Rwanda,PMO - US,Direct Drop,EXW,Air,ARV,Pediatric,CIPLA LIMITED,"Abacavir 20mg/ml, oral solution, Bottle, 240 ml",Abacavir,Generic,20mg/ml,Oral solution,"Cipla, Goa, India",61715,240,4192,35632,8.5,0.04,49.96,1514,6072.8,TRUE,6/29/12,6/29/12,,3/14/12
109-TZ-T30,FPQ-13675,SCMS-225860,ASN-24983,Tanzania,PMO - US,Direct Drop,EXW,Air,HRDT,HIV test,"Orgenics, Ltd","HIV 1/2, Determine Complete HIV Kit, 100 Tests","HIV 1/2, Determine Complete HIV Kit",Determine,N/A,Test kit,"Alere Medical Co., Ltd.",61720,100,350,28000,80,0.8,28.78,143,2508.46,TRUE,5/24/14,5/24/14,,3/5/14
108-VN-T30,FPQ-14516,SCMS-249050,ASN-29376,Vietnam,PMO - US,Direct Drop,EXW,Air,ARV,Adult,HETERO LABS LIMITED,"Efavirenz/Lamivudine/Tenofovir Disoproxil Fumarate 600/300/300mg, tablets, 30 Tabs",Efavirenz/Lamivudine/Tenofovir Disoproxil Fumarate,Generic,600/300/300mg,Tablet - FDC,Hetero Unit III Hyderabad IN,61737,30,11904,124992,10.5,0.35,128.49,,,FALSE,12/17/14,12/17/14,,8/11/14
111-MZ-T30,FPQ-5443,SCMS-70770,ASN-7201,Mozambique,PMO - US,Direct Drop,EXW,Air,HRDT,HIV test,"Orgenics, Ltd","HIV 1/2, Determine HIV Kit, without Lancets, 100 Tests","HIV 1/2, Determine HIV Kit, without Lancets",Determine,N/A,Test kit,Inverness Japan,61749,100,4131,320978.7,77.7,0.78,692.03,937,11566.55,TRUE,8/4/10,8/4/10,,4/21/10
110-ZM-T30,FPQ-8194,SCMS-118550,ASN-12428,Zambia,PMO - US,Direct Drop,EXW,Air,HRDT,HIV test,"Orgenics, Ltd","HIV 1/2, Determine Complete HIV Kit, 100 Tests","HIV 1/2, Determine Complete HIV Kit",Determine,N/A,Test kit,"Alere Medical Co., Ltd.",61754,100,3200,256000,80,0.8,422.4,1526,27952.72,TRUE,10/26/11,10/26/11,,8/18/11
111-MZ-T30,FPQ-13774,SCMS-229670,ASN-25566,Mozambique,PMO - US,Direct Drop,EXW,Air,HRDT,HIV test - Ancillary,"Orgenics, Ltd","Chase Buffer, Determine, 100 Tests, 2.5ml x 1 Vial","Chase Buffer, Determine, 100 Tests, 2.5ml x 1 Vial",Determine,N/A,Test kit - Ancillary,"Alere Medical Co., Ltd.",61779,1,229,1145,5,5,1.18,,,FALSE,5/2/14,5/2/14,,2/28/14
109-TZ-T30,FPQ-12540,SCMS-198801,ASN-21504,Tanzania,PMO - US,Direct Drop,EXW,Ocean,ARV,Adult,MYLAN LABORATORIES LTD (FORMERLY MATRIX LABORATORIES),"Efavirenz/Emtricitabine/Tenofovir Disoproxil Fumarate 600/200/300mg, tablets, 30 Tabs",Efavirenz/Emtricitabine/Tenofovir Disoproxil Fumarate,Generic,600/200/300mg,Tablet - FDC,Mylan (formerly Matrix) Nashik,61783,30,65763,821379.9,12.49,0.42,1016.05,8182,7814.59,TRUE,10/23/13,10/23/13,,8/27/13
116-ZA-T30,FPQ-12522,SCMS-199289,ASN-28037,South Africa,PMO - US,Direct Drop,DDP,Truck,ARV,Adult,S. BUYS WHOLESALER,"Emtricitabine/Tenofovir Disoproxil Fumarate 200/300mg, tablets, 30 Tabs",Emtricitabine/Tenofovir Disoproxil Fumarate,Generic,200/300mg,Tablet - FDC,"Aurobindo Unit III, India",61811,30,228,7598.95,33.33,1.11,9.4,,,FALSE,8/29/14,8/29/14,,8/29/14
105-GY-T30,FPQ-16480,SCMS-293570,ASN-33568,Guyana,PMO - US,Direct Drop,EXW,Air,HRDT,HIV test,"Orgenics, Ltd","HIV 1/2, Determine Complete HIV Kit, 100 Tests","HIV 1/2, Determine Complete HIV Kit",Determine,N/A,Test kit,"Alere Medical Co., Ltd.",61852,100,305,30500,100,1,35.9,,,TRUE,8/28/15,8/28/15,,7/17/15
104-CI-T30,FPQ-5208,SCMS-75371,ASN-7630,Côte d'Ivoire,PMO - US,Direct Drop,EXW,Air,HRDT,HIV test,"Standard Diagnostics, Inc.","HIV 1/2, Bioline 3.0 Kit, (no accessories), 30 Tests","HIV 1/2, Bioline 3.0 Kit (no accessories)",Bioline,N/A,Test kit,"Standard Diagnostics, Korea",61864,30,900,21600,24,0.8,46.57,300,3489.46,TRUE,8/17/10,8/17/10,,6/7/10
105-DO-T30,FPQ-7858,SCMS-117370,ASN-11929,Dominican Republic,PMO - US,Direct Drop,EXW,Air,HRDT,HIV test,"Standard Diagnostics, Inc.","HIV 1/2, Bioline 3.0 Kit, 100 Tests","HIV 1/2, Bioline 3.0 Kit",Bioline,N/A,Test kit,"Standard Diagnostics, Korea",61871,100,41,3075,75,0.75,5.07,28,483.68,TRUE,9/12/11,9/12/11,,8/3/11
161-ZA-T30,FPQ-5303,SCMS-68950,ASN-7130,South Africa,PMO - US,Direct Drop,DDP,Air,ARV,Adult,Aurobindo Pharma Limited,"Lamivudine 150mg, tablets, 60 Tabs",Lamivudine,Generic,150mg,Tablet,"Aurobindo Unit III, India",61882,60,2,5.06,2.53,0.04,0.01,1,4116.81,TRUE,6/11/10,6/11/10,,3/19/10
102-ML-T30,FPQ-11783,SCMS-182800,ASN-19649,Mali,PMO - US,Direct Drop,EXW,Air,HRDT,HIV test - Ancillary,"Orgenics, Ltd","HIV, Lancet, Safety, for HIV Test kits, 100 Pcs","HIV, Lancet, Safety, for HIV Test kits, 100 Pcs",Generic,N/A,Test kit - Ancillary,"Alere Medical Co., Ltd.",61896,100,21,105,5,0.05,0.13,,,FALSE,6/11/13,6/11/13,,4/11/13
105-SS-T30,FPQ-12623,SCMS-200920,ASN-21751,South Sudan,PMO - US,Direct Drop,EXW,Air,HRDT,HIV test,"Trinity Biotech, Plc","HIV 1/2, Uni-Gold HIV Kit, 20 Tests","HIV 1/2, Uni-Gold HIV Kit",Uni-Gold,N/A,Test kit,"Trinity Biotech, Plc",61913,20,18,576,32,1.6,0.71,,,FALSE,10/18/13,10/18/13,,8/6/13
114-UG-T30,FPQ-12477,SCMS-198690,ASN-21520,Uganda,PMO - US,Direct Drop,EXW,Air,ARV,Adult,STRIDES ARCOLAB LIMITED,"Efavirenz 600mg, tablets, 30 Tabs",Efavirenz,Generic,600mg,Tablet,"Strides, Bangalore, India.",61959,30,111348,355200.12,3.19,0.11,439.38,6953,30711.92,TRUE,9/14/13,9/14/13,,7/30/13
106-HT-T30,FPQ-9621,SCMS-147100,ASN-16682,Haiti,PMO - US,Direct Drop,CIP,Air,ARV,Pediatric,MERCK SHARP & DOHME IDEA GMBH (FORMALLY MERCK SHARP & DOHME B.V.),"Efavirenz 30mg/ml [Stocrin/Sustiva], oral solution, Bottle, 180 ml",Efavirenz,Stocrin/Sustiva,30mg/ml,Oral solution,"MSD, Haarlem, NL",61980,180,2295,38923.2,16.96,0.09,54.57,687,5293.76,TRUE,10/29/12,10/29/12,,6/8/12
111-MZ-T30,FPQ-14294,SCMS-247350,ASN-27821,Mozambique,PMO - US,Direct Drop,EXW,Air,HRDT,HIV test,"Trinity Biotech, Plc","HIV 1/2, Uni-Gold HIV Kit, 20 Tests","HIV 1/2, Uni-Gold HIV Kit",Uni-Gold,N/A,Test kit,"Trinity Biotech, Plc",61993,20,8261,264352,32,1.6,271.75,298,16397.94,TRUE,9/8/14,9/8/14,,7/30/14
117-ET-T30,FPQ-9098,SCMS-133560,ASN-16135,Ethiopia,PMO - US,Direct Drop,EXW,Air,HRDT,HIV test,"CHEMBIO DIAGNOSTIC SYSTEMS, INC.","HIV 1/2, Stat-Pak HIV, Kit, 20 Tests","HIV 1/2, Stat-Pak HIV, Kit",Stat-Pak,N/A,Test kit,Chembio Diagnostics Sys. Inc.,61998,20,340,9860,29,1.45,13.82,128,810.96,TRUE,9/5/12,9/5/12,,1/23/12
108-VN-T30,FPQ-15692,SCMS-274360,ASN-32780,Vietnam,PMO - US,Direct Drop,EXW,Air,ARV,Adult,MYLAN LABORATORIES LTD (FORMERLY MATRIX LABORATORIES),"Lamivudine/Nevirapine/Zidovudine 150/200/300mg, tablets, 60 Tabs",Lamivudine/Nevirapine/Zidovudine,Generic,150/300/200mg,Tablet - FDC,Mylan (formerly Matrix) Nashik,62024,60,17584,142430.4,8.1,0.13,167.64,2446,4559.25,TRUE,7/30/15,7/30/15,,2/17/15
101-CD-T30,FPQ-16001,SCMS-280220,ASN-32231,"Congo, DRC",PMO - US,Direct Drop,EXW,Air,HRDT,HIV test,"Orgenics, Ltd","HIV 1/2, Determine Complete HIV Kit, 100 Tests","HIV 1/2, Determine Complete HIV Kit",Determine,N/A,Test kit,"Alere Medical Co., Ltd.",62032,100,51,4080,80,0.8,4.8,,,FALSE,7/23/15,7/23/15,,3/17/15
108-VN-T30,FPQ-15692,SCMS-274390,ASN-32265,Vietnam,PMO - US,Direct Drop,EXW,Air,ARV,Adult,HETERO LABS LIMITED,"Abacavir 300mg, tablets, 60 Tabs",Abacavir,Generic,300mg,Tablet,Hetero Unit III Hyderabad IN,62037,60,1400,15330,10.95,0.18,18.04,,,FALSE,7/10/15,7/10/15,,2/17/15
104-CI-T30,FPQ-12806,SCMS-207150,ASN-23970,Côte d'Ivoire,PMO - US,Direct Drop,FCA,Air,ARV,Pediatric,ABBVIE LOGISTICS (FORMERLY ABBOTT LOGISTICS BV),"Lopinavir/Ritonavir 80/20mg/ml [Kaletra], oral solution, cool, Bottle 5 x 60 ml",Lopinavir/Ritonavir,Kaletra,80/20mg/ml,Oral solution,ABBVIE (Abbott) Logis. UK,62046,300,540,16642.8,30.82,0.1,20.59,519,5385.37,TRUE,2/7/14,2/7/14,,9/17/13
161-ZA-T30,FPQ-5303,SCMS-68981,ASN-8464,South Africa,PMO - US,Direct Drop,DDP,Air,ARV,Adult,Aurobindo Pharma Limited,"Nevirapine 200mg, tablets, 60 Tabs",Nevirapine,Generic,200mg,Tablet,"Aurobindo Unit III, India",62047,60,16383,47838.36,2.92,0.05,103.14,1935,5159.33,TRUE,12/8/10,12/8/10,,3/19/10
104-CI-T30,FPQ-6183,SCMS-83692,ASN-11129,Côte d'Ivoire,PMO - US,Direct Drop,CIP,Air,ARV,Adult,MERCK SHARP & DOHME IDEA GMBH (FORMALLY MERCK SHARP & DOHME B.V.),"Indinavir 400mg [Crixivan], capsules, 180 Caps",Indinavir,Crixivan,400mg,Capsule,"MSD, Haarlem, NL",62059,180,922,46100,50,0.28,99.39,,,FALSE,7/1/11,7/1/11,,9/10/10
106-HT-T30,FPQ-15038,SCMS-262980,ASN-30463,Haiti,PMO - US,Direct Drop,EXW,Ocean,ARV,Adult,HETERO LABS LIMITED,"Efavirenz/Lamivudine/Tenofovir Disoproxil Fumarate 600/300/300mg, tablets, 30 Tabs",Efavirenz/Lamivudine/Tenofovir Disoproxil Fumarate,Generic,600/300/300mg,Tablet - FDC,Hetero Unit III Hyderabad IN,62077,30,39015,399903.75,10.25,0.34,411.1,,,FALSE,4/9/15,4/9/15,,1/7/15
102-MW-T30,FPQ-9454,SCMS-141440,ASN-14813,Malawi,PMO - US,Direct Drop,EXW,Air,HRDT,HIV test,"Trinity Biotech, Plc","HIV 1/2, Uni-Gold HIV Kit, 20 Tests","HIV 1/2, Uni-Gold HIV Kit",Uni-Gold,N/A,Test kit,"Trinity Biotech, Plc",62079,20,66,2112,32,1.6,2.96,29,732.72,TRUE,5/21/12,5/21/12,,3/28/12
108-VN-T30,FPQ-9001,SCMS-131650,ASN-14875,Vietnam,PMO - US,Direct Drop,EXW,Air,ARV,Pediatric,Aurobindo Pharma Limited,"Lamivudine 10mg/ml, oral solution w/syringe, Bottle, 240 ml",Lamivudine,Generic,10mg/ml,Oral solution,"Aurobindo Unit III, India",62107,240,300,555,1.85,0.01,0.78,,,FALSE,6/5/12,6/5/12,,1/18/12
104-CI-T30,FPQ-6183,SCMS-83690,ASN-11128,Côte d'Ivoire,PMO - US,Direct Drop,CIP,Air,ARV,Pediatric,MERCK SHARP & DOHME IDEA GMBH (FORMALLY MERCK SHARP & DOHME B.V.),"Efavirenz 30mg/ml [Stocrin/Sustiva], oral solution, Bottle, 180 ml",Efavirenz,Stocrin/Sustiva,30mg/ml,Oral solution,"MSD, Haarlem, NL",62113,180,5196,88124.16,16.96,0.09,190,1489,2093.31,TRUE,7/1/11,7/1/11,,9/10/10
110-ZM-T30,FPQ-14151,SCMS-240080,ASN-26466,Zambia,PMO - US,Direct Drop,EXW,Air,ARV,Adult,Aurobindo Pharma Limited,"Nevirapine 200mg, tablets, 60 Tabs",Nevirapine,Generic,200mg,Tablet,"Aurobindo Unit III, India",62116,60,39201,88202.25,2.25,0.04,90.67,3986,20555.45,TRUE,7/20/14,7/21/14,,5/21/14
104-CI-T30,FPQ-4509,SCMS-56641,ASN-7108,Côte d'Ivoire,PMO - US,Direct Drop,CIP,Air,ARV,Pediatric,BRISTOL-MYERS SQUIBB,"Didanosine 50mg [Videx], chewable tablets, 60 Tabs",Didanosine,Videx,50mg,Chewable/dispersible tablet,"BMS Meymac, France",62152,60,1887,17926.5,9.5,0.16,38.65,312,781.5,TRUE,6/11/10,6/11/10,,11/9/09
116-ZA-T30,FPQ-14942,SCMS-259075,ASN-32122,South Africa,PMO - US,Direct Drop,DDP,Truck,ARV,Adult,PHARMACY DIRECT,"Efavirenz 600mg, tablets, 30 Tabs",Efavirenz,Generic,600mg,Tablet,"Aurobindo Unit III, India",62158,30,34,383.14,11.27,0.38,0.39,,,FALSE,5/12/15,5/12/15,,5/11/15
106-HT-T30,FPQ-11443,SCMS-180940,ASN-19819,Haiti,PMO - US,Direct Drop,EXW,Ocean,ARV,Pediatric,Aurobindo Pharma Limited,"Nevirapine 10mg/ml, oral suspension w/syringe, Bottle, 240 ml",Nevirapine,Generic,10mg/ml,Oral suspension,"Aurobindo Unit III, India",62159,240,2040,3080.4,1.51,0.01,3.81,,,FALSE,9/2/13,9/2/13,,3/22/13
116-ZA-T30,FPQ-4359,SCMS-54980,ASN-5372,South Africa,PMO - US,Direct Drop,DDP,Truck,ARV,Adult,S. BUYS WHOLESALER,"Zidovudine 300mg [Retrovir], tablets, 60 Tabs",Zidovudine,Retrovir,300mg,Tablet,GSK Ware (UK),62164,60,300,4826.37,16.09,0.27,9.46,,,FALSE,10/21/09,10/21/09,,10/15/09
116-ZA-T30,FPQ-14942,SCMS-259075,ASN-32138,South Africa,PMO - US,Direct Drop,DDP,Truck,ARV,Adult,PHARMACY DIRECT,"Tenofovir Disoproxil Fumarate 300mg, tablets, 30 Tabs",Tenofovir Disoproxil Fumarate,Generic,300mg,Tablet,Mylan (formerly Matrix) Nashik,62168,30,3,41.45,13.82,0.46,0.04,,,FALSE,5/12/15,5/12/15,,5/11/15
A01-ZM-T50,FPQ-16227,SCMS-291880,ASN-33317,Zambia,PMO - US,Direct Drop,EXW,Air,HRDT,HIV test,"Trinity Biotech, Plc","HIV 1/2, Uni-Gold HIV Kit, 20 Tests","HIV 1/2, Uni-Gold HIV Kit",Uni-Gold,N/A,Test kit,"Trinity Biotech, Plc",62169,20,585,18720,32,1.6,22.03,,,TRUE,7/31/15,7/31/15,,6/16/15
109-TZ-T30,FPQ-7909,SCMS-115010,ASN-12096,Tanzania,PMO - US,Direct Drop,EXW,Air,HRDT,HIV test,"Orgenics, Ltd","HIV 1/2, Determine Complete HIV Kit, 100 Tests","HIV 1/2, Determine Complete HIV Kit",Determine,N/A,Test kit,"Alere Medical Co., Ltd.",62173,100,1500,120000,80,0.8,198,7500,19196.73,TRUE,10/5/11,10/5/11,,7/14/11
108-VN-T30,FPQ-15040,SCMS-263670,ASN-30942,Vietnam,PMO - US,Direct Drop,EXW,Air,ARV,Adult,HETERO LABS LIMITED,"Efavirenz 600mg, tablets, 30 Tabs",Efavirenz,Generic,600mg,Tablet,Hetero Unit III Hyderabad IN,62194,30,12200,42700,3.5,0.12,43.9,,,FALSE,4/14/15,4/14/15,,12/8/14
116-ZA-T30,FPQ-11828,SCMS-183950,ASN-19166,South Africa,South Africa Field Office,Direct Drop,DDP,Truck,ARV,Pediatric,S. BUYS WHOLESALER,"Efavirenz 200mg, capsule, 90 Caps",Efavirenz,Generic,200mg,Capsule,"Aurobindo Unit III, India",62227,90,51,1217.19,23.87,0.27,1.51,,,FALSE,4/16/13,4/16/13,,
133-NG-T30,FPQ-13741,SCMS-239690,ASN-26760,Nigeria,PMO - US,Direct Drop,EXW,Air,HRDT,HIV test,"Orgenics, Ltd","HIV 1/2, Determine Complete HIV Kit, 100 Tests","HIV 1/2, Determine Complete HIV Kit",Determine,N/A,Test kit,"Alere Medical Co., Ltd.",62228,100,10364,922396,89,0.89,948.22,4212,62466.03,TRUE,7/9/14,7/10/14,,5/19/14
104-CI-T30,FPQ-14253,SCMS-243800,ASN-30019,Côte d'Ivoire,PMO - US,Direct Drop,EXW,Air,HRDT,HIV test,"Orgenics, Ltd","HIV 1/2, Determine Complete HIV Kit, 100 Tests","HIV 1/2, Determine Complete HIV Kit",Determine,N/A,Test kit,"Alere Medical Co., Ltd.",62235,100,6500,520000,80,0.8,534.56,2634,30778.29,TRUE,2/18/15,2/18/15,,7/9/14
200-UG-T30,FPQ-14628,SCMS-253230,ASN-28350,Uganda,PMO - US,Direct Drop,EXW,Air,HRDT,HIV test,"Trinity Biotech, Plc","HIV 1/2, Uni-Gold HIV Kit, 20 Tests","HIV 1/2, Uni-Gold HIV Kit",Uni-Gold,N/A,Test kit,"Trinity Biotech, Plc",62253,20,1903,60896,32,1.6,62.6,566,3603.93,TRUE,10/14/14,10/14/14,,9/4/14
116-ZA-T30,FPQ-14942,SCMS-259079,ASN-33851,South Africa,PMO - US,Direct Drop,DDP,Truck,ARV,Adult,PHARMACY DIRECT,"Didanosine 400mg, delayed-release capsules, 30 Caps",Didanosine,Generic,400mg,Delayed-release capsules,"Aurobindo Unit III, India",62256,30,9,137.45,15.27,0.51,0.14,,,FALSE,8/24/15,8/24/15,,10/9/14
106-HT-T30,FPQ-13797,SCMS-233930,ASN-26134,Haiti,PMO - US,Direct Drop,EXW,Air,ARV,Pediatric,Aurobindo Pharma Limited,"Efavirenz 50mg, capsule, 30 Caps",Efavirenz,Generic,50mg,Capsule,"Aurobindo Unit III, India",62295,30,400,624,1.56,0.05,0.64,41,1317.01,TRUE,6/25/14,6/25/14,,4/29/14
114-UG-T30,FPQ-5017,SCMS-65110,ASN-6369,Uganda,PMO - US,Direct Drop,FCA,Air,ARV,Adult,ABBVIE LOGISTICS (FORMERLY ABBOTT LOGISTICS BV),"Lopinavir/Ritonavir 200/50mg [Aluvia], tablets, 120 Tabs",Lopinavir/Ritonavir,Aluvia,200/50mg,Tablet,ABBVIE Ludwigshafen Germany,62319,120,480,17356.8,36.16,0.3,37.42,127,1400.91,TRUE,3/24/10,3/24/10,,2/10/10
102-AO-T30,FPQ-6434,SCMS-91630,ASN-9551,Angola,PMO - US,Direct Drop,EXW,Air,HRDT,HIV test,"Orgenics, Ltd","HIV 1/2, Determine Complete HIV Kit, 100 Tests","HIV 1/2, Determine Complete HIV Kit",Determine,N/A,Test kit,Inverness Japan,62322,100,1800,144000,80,0.8,310.46,865,13790.1,TRUE,5/12/11,5/12/11,,11/10/10
116-ZA-T30,FPQ-12522,SCMS-199289,ASN-28036,South Africa,PMO - US,Direct Drop,DDP,Truck,ARV,Adult,S. BUYS WHOLESALER,"Didanosine 250mg, delayed-release capsules, 30 Caps",Didanosine,Generic,250mg,Delayed-release capsules,"Aurobindo Unit III, India",62370,30,11,185.01,16.82,0.56,0.23,,,FALSE,8/29/14,8/29/14,,8/29/14
116-ZA-T30,FPQ-11828,SCMS-183950,ASN-19166,South Africa,South Africa Field Office,Direct Drop,DDP,Truck,ARV,Adult,S. BUYS WHOLESALER,"Lamivudine 150mg [Epivir], tablets, 60 Tabs",Lamivudine,Epivir,150mg,Tablet,GSK Ware (UK),62390,60,869,5923.93,6.82,0.11,7.33,,,FALSE,4/16/13,4/16/13,,
107-RW-T30,FPQ-3859,SCMS-48860,ASN-7668,Rwanda,PMO - US,Direct Drop,CIP,Air,ARV,Adult,Aurobindo Pharma Limited,"Didanosine 400mg, delayed-release capsules, 30 Caps",Didanosine,Generic,400mg,Delayed-release capsules,"Aurobindo Unit III, India",62400,30,559,12532.78,22.42,0.75,24.56,46,1127.95,TRUE,8/4/10,8/4/10,,7/16/09
101-CD-T30,FPQ-11043,SCMS-168020,ASN-18768,"Congo, DRC",PMO - US,Direct Drop,EXW,Air,HRDT,HIV test - Ancillary,"Orgenics, Ltd","Chase Buffer, Determine, 100 Tests, 2.5ml x 1 Vial","Chase Buffer, Determine, 100 Tests, 2.5ml x 1 Vial",Determine,N/A,Test kit - Ancillary,"Alere Medical Co., Ltd.",62403,1,3511,17555,5,5,21.72,981,22892.07,TRUE,7/17/13,7/17/13,,12/6/12
108-VN-T30,FPQ-10811,SCMS-164580,ASN-18661,Vietnam,PMO - US,Direct Drop,EXW,Air,ARV,Adult,HETERO LABS LIMITED,"Efavirenz 600mg, tablets, 30 Tabs",Efavirenz,Generic,600mg,Tablet,"Hetero, Jadcherla, unit 5, IN",62413,30,7245,23546.25,3.25,0.11,29.13,622,1226.11,TRUE,4/1/13,4/1/13,,11/7/12
116-ZA-T30,FPQ-15269,SCMS-267020,ASN-29764,South Africa,PMO - US,Direct Drop,DDP,Truck,ARV,Adult,S. BUYS WHOLESALER,"Efavirenz 600mg, tablets, 30 Tabs",Efavirenz,Generic,600mg,Tablet,"Aurobindo Unit III, India",62421,30,912,12596.09,13.81,0.46,14.83,,,FALSE,12/10/14,12/10/14,,12/10/14
111-MZ-T30,FPQ-3999,SCMS-50170,ASN-4672,Mozambique,PMO - US,Direct Drop,EXW,Air,HRDT,HIV test,"Trinity Biotech, Plc","HIV 1/2, Uni-Gold HIV Kit, 20 Tests","HIV 1/2, Uni-Gold HIV Kit",Uni-Gold,N/A,Test kit,"Trinity Biotech, Plc",62433,20,4200,134400,32,1.6,263.42,1650,23167.84,TRUE,9/8/09,9/8/09,,7/25/09
103-CM-T30,FPQ-12711,SCMS-203100,ASN-22038,Cameroon,PMO - US,Direct Drop,EXW,Air,HRDT,HIV test,Orasure Technologies Inc.,"HIV 1/2, OraQuick Advance HIV Rapid Antibody Kit, 100 Tests","HIV 1/2, OraQuick Advance HIV Rapid Antibody Kit",OraQuick,N/A,Test kit,"Orasure Technologies, Inc",62476,100,30,10500,350,3.5,12.99,75,1406.75,TRUE,10/16/13,10/16/13,,9/4/13
108-VN-T30,FPQ-9001,SCMS-131580,ASN-15388,Vietnam,PMO - US,Direct Drop,FCA,Air,ARV,Adult,ABBVIE LOGISTICS (FORMERLY ABBOTT LOGISTICS BV),"Lopinavir/Ritonavir 200/50mg [Aluvia], tablets, 120 Tabs",Lopinavir/Ritonavir,Aluvia,200/50mg,Tablet,ABBVIE Ludwigshafen Germany,62516,120,7078,430483.97,60.82,0.51,603.54,1724,5248.47,TRUE,7/26/12,7/26/12,,1/25/12
104-CI-T30,FPQ-3967,SCMS-52660,ASN-5864,Côte d'Ivoire,PMO - US,Direct Drop,EXW,Air,ARV,Adult,MYLAN LABORATORIES LTD (FORMERLY MATRIX LABORATORIES),"Abacavir/Lamivudine/Zidovudine 300/150/300mg, tablets, 60 Tabs",Abacavir/Lamivudine/Zidovudine,Generic,300/150/300mg,Tablet - FDC,Mylan (formerly Matrix) Nashik,62521,60,2688,86016,32,0.53,168.59,421,4022.89,TRUE,2/5/10,2/5/10,,9/14/09
116-ZA-T30,FPQ-14942,SCMS-259076,ASN-32524,South Africa,PMO - US,Direct Drop,DDP,Truck,ARV,Adult,PHARMACY DIRECT,"Lamivudine 150mg, tablets, 60 Tabs",Lamivudine,Generic,150mg,Tablet,"Aurobindo Unit III, India",62549,60,52,343.51,6.61,0.11,0.35,,,FALSE,6/2/15,6/2/15,,6/2/15
104-CI-T30,FPQ-8804,SCMS-133730,ASN-14016,Côte d'Ivoire,PMO - US,Direct Drop,EXW,Ocean,ARV,Adult,Aurobindo Pharma Limited,"Lopinavir/Ritonavir 200/50mg, tablets, 120 Tabs",Lopinavir/Ritonavir,Generic,200/50mg,Tablet,"Aurobindo Unit III, India",62555,120,22600,678000,30,0.25,950.56,5734,24624,TRUE,7/5/12,7/5/12,,1/13/12
102-KE-T30,FPQ-4250,SCMS-55900,ASN-5595,Kenya,PMO - US,Direct Drop,EXW,Air,HRDT,HIV test,"Standard Diagnostics, Inc.","HIV 1/2, Bioline 3.0 Kit, Lancets, Capillary pipets, Alcohol swabs included, 25 Tests","HIV 1/2, Bioline 3.0 Kit, Lancets, Capillary pipets, Alcohol swabs included",Bioline,N/A,Test kit,"Standard Diagnostics, Korea",62577,25,9475,189500,20,0.8,371.42,3158,24172.01,TRUE,1/7/10,1/7/10,,10/23/09
114-UG-T30,FPQ-10489,SCMS-159280,ASN-16778,Uganda,PMO - US,Direct Drop,DAP,Air,ARV,Adult,ASPEN PHARMACARE,"Etravirine 100mg [Intelence], tablets, 120 Tabs",Etravirine,Intelence,100mg,Tablet,"Janssen-Cilag, Latina, IT",62586,120,111,3996,36,0.3,5.6,24,330,TRUE,10/25/12,10/25/12,,9/6/12
116-ZA-T30,FPQ-3560,SCMS-49631,ASN-5443,South Africa,PMO - US,Direct Drop,DDP,Truck,ARV,Adult,S. BUYS WHOLESALER,"Efavirenz 600mg, tablets, 30 Tabs",Efavirenz,Generic,600mg,Tablet,"Cipla, Goa, India",62594,30,1,19.05,19.05,0.64,0.04,,,TRUE,9/14/09,9/14/09,,7/21/09
116-ZA-T30,FPQ-14942,SCMS-259075,ASN-32121,South Africa,PMO - US,Direct Drop,DDP,Truck,ARV,Adult,PHARMACY DIRECT,"Darunavir 600mg [Prezista], tablets, 60 Tabs",Darunavir,Prezista,600mg,Tablet,"Janssen-Cilag, Latina, IT",62603,60,1,47.13,47.13,0.79,0.05,,,FALSE,5/12/15,5/12/15,,5/11/15
108-VN-T30,FPQ-15692,SCMS-274370,ASN-32260,Vietnam,PMO - US,Direct Drop,EXW,Air,ARV,Adult,HETERO LABS LIMITED,"Efavirenz/Lamivudine/Tenofovir Disoproxil Fumarate 600/300/300mg, tablets, 30 Tabs",Efavirenz/Lamivudine/Tenofovir Disoproxil Fumarate,Generic,600/300/300mg,Tablet - FDC,Hetero Unit III Hyderabad IN,62634,30,17760,177600,10,0.33,209.04,2516,3809.94,TRUE,7/13/15,7/13/15,,2/17/15
101-CD-T30,FPQ-11043,SCMS-168020,ASN-18768,"Congo, DRC",PMO - US,Direct Drop,EXW,Air,HRDT,HIV test,"Orgenics, Ltd","HIV 1/2, Determine Complete HIV Kit, 100 Tests","HIV 1/2, Determine Complete HIV Kit",Determine,N/A,Test kit,"Alere Medical Co., Ltd.",62657,100,2229,178320,80,0.8,220.58,,,FALSE,7/17/13,7/17/13,,12/6/12
105-SS-T30,FPQ-15569,SCMS-272160,ASN-31323,South Sudan,PMO - US,Direct Drop,EXW,Air,HRDT,HIV test - Ancillary,"Orgenics, Ltd","Capillary Tubes, for Determine, EDTA, 50uL,100 Pcs","HIV, Capillary Tubes, for Determine, EDTA, 50uL,100 Pcs",Determine,N/A,Test kit - Ancillary,"Alere Medical Co., Ltd.",62662,100,20,160,8,0.08,0.19,,,FALSE,6/3/15,6/3/15,,2/20/15
108-VN-T30,FPQ-10811,SCMS-164520,ASN-18691,Vietnam,PMO - US,Direct Drop,FCA,Air,ARV,Adult,ABBVIE LOGISTICS (FORMERLY ABBOTT LOGISTICS BV),"Lopinavir/Ritonavir 200/50mg [Aluvia], tablets, 120 Tabs",Lopinavir/Ritonavir,Aluvia,200/50mg,Tablet,ABBVIE Ludwigshafen Germany,62709,120,1836,111665.52,60.82,0.51,138.13,439,958.85,TRUE,4/3/13,4/3/13,,11/7/12
114-UG-T30,FPQ-15303,SCMS-264920,ASN-30994,Uganda,PMO - US,Direct Drop,FCA,Air,ARV,Pediatric,ABBVIE LOGISTICS (FORMERLY ABBOTT LOGISTICS BV),"Lopinavir/Ritonavir 80/20mg/ml [Kaletra], oral solution, cool, Bottle 5 x 60 ml",Lopinavir/Ritonavir,Kaletra,80/20mg/ml,Oral solution,ABBVIE (Abbott) Logis. UK,62712,300,150,4623,30.82,0.1,5.44,170,2265.89,TRUE,3/20/15,3/20/15,,11/25/14
161-ZA-T30,FPQ-7175,SCMS-103690,ASN-12560,South Africa,PMO - US,Direct Drop,DDP,Ocean,ARV,Adult,EMCURE PHARMACEUTICALS LTD,"Efavirenz 600mg, tablets, 30 Tabs",Efavirenz,Generic,600mg,Tablet,"Emcure Plot No.P-2, I.T-B.T. Park, Phase II, MIDC, Hinjwadi, Pune, India",62730,30,136980,589014,4.3,0.14,971.87,10832,10283.25,TRUE,11/2/11,11/2/11,,3/23/11
104-CI-T30,FPQ-12150,SCMS-191950,ASN-23207,Côte d'Ivoire,PMO - US,Direct Drop,FCA,Air,ARV,Adult,ABBVIE LOGISTICS (FORMERLY ABBOTT LOGISTICS BV),"Ritonavir 100mg [Norvir], film coated tablets, 60 Tabs",Ritonavir,Norvir,100mg,Tablet,ABBVIE Ludwigshafen Germany,62761,60,350,2397.5,6.85,0.11,2.97,56,1726.5,TRUE,12/23/13,12/23/13,,6/12/13
116-ZA-T30,FPQ-11828,SCMS-183950,ASN-19166,South Africa,South Africa Field Office,Direct Drop,DDP,Truck,ARV,Pediatric,S. BUYS WHOLESALER,"Efavirenz 200mg, capsule, 90 Caps",Efavirenz,Generic,200mg,Capsule,"Aurobindo Unit III, India",62795,90,257,7465.87,29.05,0.32,9.24,,,FALSE,4/16/13,4/16/13,,
161-ZA-T30,FPQ-6708,SCMS-93560,ASN-11437,South Africa,PMO - US,Direct Drop,DDP,Ocean,ARV,Adult,Aurobindo Pharma Limited,"Tenofovir Disoproxil Fumarate 300mg, tablets, 30 Tabs",Tenofovir Disoproxil Fumarate,Generic,300mg,Tablet,"Aurobindo Unit III, India",62801,30,86843,577505.94,6.65,0.22,952.88,8106,10748.78,TRUE,9/15/11,9/15/11,,12/14/10
116-ZA-T30,FPQ-13973,SCMS-238551,ASN-26882,South Africa,PMO - US,Direct Drop,DDP,Truck,ARV,Adult,PHARMACY DIRECT,"Lamivudine 150mg, tablets, 60 Tabs",Lamivudine,Generic,150mg,Tablet,"Aurobindo Unit III, India",62808,60,138,1261.73,9.14,0.15,1.3,,,FALSE,6/25/14,6/25/14,,6/25/14
110-ZM-T30,FPQ-13084,SCMS-211060,ASN-22938,Zambia,PMO - US,Direct Drop,EXW,Air,ARV,Adult,Aurobindo Pharma Limited,"Lamivudine 150mg, tablets, 60 Tabs",Lamivudine,Generic,150mg,Tablet,"Aurobindo Unit III, India",62814,60,20000,43000,2.15,0.04,44.2,980,6020.81,TRUE,1/13/14,1/13/14,,10/21/13
A01-CM-T50,FPQ-15905,SCMS-285090,ASN-32540,Cameroon,PMO - US,Direct Drop,EXW,Air,ARV,Adult,HETERO LABS LIMITED,"Lamivudine 300mg, tablets, 30 Tabs",Lamivudine,Generic,300mg,Tablet,Hetero Unit III Hyderabad IN,62830,30,1080,2160,2,0.07,2.54,,,TRUE,6/16/15,6/16/15,,4/17/15
116-ZA-T30,FPQ-13035,SCMS-215370,ASN-24415,South Africa,PMO - US,Direct Drop,DDP,Truck,ARV,Adult,S. BUYS WHOLESALER,"Didanosine 250mg, delayed-release capsules, 30 Caps",Didanosine,Generic,250mg,Delayed-release capsules,"Aurobindo Unit III, India",62853,30,17,242.61,14.27,0.48,0.3,,,FALSE,2/6/14,2/6/14,,12/2/13
100-DO-T30,FPQ-6083,SCMS-80890,ASN-7834,Dominican Republic,PMO - US,Direct Drop,EXW,Air,ARV,Adult,MYLAN LABORATORIES LTD (FORMERLY MATRIX LABORATORIES),"Tenofovir Disoproxil Fumarate 300mg, tablets, 30 Tabs",Tenofovir Disoproxil Fumarate,Generic,300mg,Tablet,Mylan (formerly Matrix) Nashik,62879,30,2000,14000,7,0.23,30.18,111,1254.61,TRUE,9/14/10,9/14/10,,7/30/10
107-RW-T30,FPQ-15654,SCMS-272570,ASN-31045,Rwanda,PMO - US,Direct Drop,FCA,Air,ARV,Pediatric,ABBVIE LOGISTICS (FORMERLY ABBOTT LOGISTICS BV),"Lopinavir/Ritonavir 80/20mg/ml [Kaletra], oral solution, cool, Bottle 5 x 60 ml",Lopinavir/Ritonavir,Kaletra,80/20mg/ml,Oral solution,ABBVIE (Abbott) Logis. UK,62935,300,252,7766.64,30.82,0.1,9.14,316,2905.84,TRUE,4/2/15,4/2/15,,1/19/15
111-MZ-T30,FPQ-4108,SCMS-52440,ASN-5310,Mozambique,PMO - US,Direct Drop,FCA,Air,ARV,Adult,Hoffmann-La Roche ltd Basel,"Saquinavir 200mg [Invirase], capsules, 270 Caps",Saquinavir,Invirase,200mg,Capsule,Roche Basel,62942,270,392,37017.53,94.43,0.35,72.55,202,2191.21,TRUE,11/11/09,11/11/09,,9/3/09
108-VN-T30,FPQ-15692,SCMS-274350,ASN-32777,Vietnam,PMO - US,Direct Drop,EXW,Air,ARV,Adult,MYLAN LABORATORIES LTD (FORMERLY MATRIX LABORATORIES),"Lamivudine/Nevirapine/Zidovudine 150/200/300mg, tablets, 60 Tabs",Lamivudine/Nevirapine/Zidovudine,Generic,150/300/200mg,Tablet - FDC,Mylan (formerly Matrix) Nashik,62948,60,14663,118770.3,8.1,0.13,139.79,,,TRUE,7/27/15,7/27/15,,2/17/15
108-VN-T30,FPQ-3896,SCMS-48260,ASN-5132,Vietnam,PMO - US,Direct Drop,EXW,Air,ARV,Adult,Aurobindo Pharma Limited,"Lamivudine 150mg, tablets, 60 Tabs",Lamivudine,Generic,150mg,Tablet,"Aurobindo Unit III, India",62968,60,2520,6048,2.4,0.04,11.85,,,FALSE,10/23/09,10/23/09,,6/26/09
106-HT-T30,FPQ-9635,SCMS-148700,ASN-15789,Haiti,PMO - US,Direct Drop,EXW,Ocean,ARV,Adult,HETERO LABS LIMITED,"Lamivudine/Tenofovir Disoproxil Fumarate 300/300mg, tablets, 30 Tabs",Lamivudine/Tenofovir Disoproxil Fumarate,Generic,300/300mg,Tablet - FDC,Hetero Unit III Hyderabad IN,62980,30,19776,100857.6,5.1,0.17,141.4,2122,9272.18,TRUE,10/22/12,10/22/12,,6/28/12
102-MW-T30,FPQ-11638,SCMS-179351,ASN-21682,Malawi,PMO - US,Direct Drop,EXW,Air,HRDT,HIV test,"Orgenics, Ltd","HIV 1/2, Determine Complete HIV Kit, 100 Tests","HIV 1/2, Determine Complete HIV Kit",Determine,N/A,Test kit,"Alere Medical Co., Ltd.",62987,100,154,12320,80,0.8,15.24,60,1619.3,TRUE,10/2/13,10/2/13,,3/14/13
116-ZA-T30,FPQ-13973,SCMS-238550,ASN-30792,South Africa,PMO - US,Direct Drop,DDP,Truck,ARV,Adult,PHARMACY DIRECT,"Etravirine 100mg [Intelence], tablets, 120 Tabs",Etravirine,Intelence,100mg,Tablet,"Janssen-Cilag, Latina, IT",62988,120,3,106.26,35.42,0.3,0.11,,,FALSE,2/19/15,2/19/15,,5/8/14
108-VN-T30,FPQ-10811,SCMS-166120,ASN-17672,Vietnam,PMO - US,Direct Drop,EXW,Air,ARV,Pediatric,Aurobindo Pharma Limited,"Zidovudine 10mg/ml, oral solution w/syringe, Bottle, 240 ml",Zidovudine,Generic,10mg/ml,Oral solution,"Aurobindo Unit III, India",62990,240,691,1451.1,2.1,0.01,1.8,,,FALSE,1/29/13,1/29/13,,11/9/12
108-VN-T30,FPQ-4265,SCMS-56310,ASN-6252,Vietnam,PMO - US,Direct Drop,EXW,Air,ARV,Adult,MYLAN LABORATORIES LTD (FORMERLY MATRIX LABORATORIES),"Tenofovir Disoproxil Fumarate 300mg, tablets, 30 Tabs",Tenofovir Disoproxil Fumarate,Generic,300mg,Tablet,Mylan (formerly Matrix) Nashik,63044,30,4872,36540,7.5,0.25,71.62,,,FALSE,3/22/10,3/22/10,,11/3/09
116-ZA-T30,FPQ-13973,SCMS-238553,ASN-28021,South Africa,PMO - US,Direct Drop,DDP,Truck,ARV,Adult,PHARMACY DIRECT,"Zidovudine 300mg, tablets, 60 Tabs",Zidovudine,Generic,300mg,Tablet,"Aurobindo Unit III, India",63047,60,11,274.5,24.95,0.42,0.28,,,FALSE,8/28/14,8/28/14,,8/28/14
133-NG-T30,FPQ-12456,SCMS-196561,ASN-22347,Nigeria,PMO - US,Direct Drop,EXW,Air,HRDT,HIV test,"Orgenics, Ltd","HIV 1/2, Determine Complete HIV Kit, 100 Tests","HIV 1/2, Determine Complete HIV Kit",Determine,N/A,Test kit,"Alere Medical Co., Ltd.",63064,100,3023,269047,89,0.89,332.81,1221,19891.2,TRUE,11/7/13,11/7/13,,7/10/13
103-ZW-T30,FPQ-12094,SCMS-186840,ASN-24393,Zimbabwe,PMO - US,Direct Drop,FCA,Air,ARV,Pediatric,LAWRENCE LABORATORIES (SUBSIDIARY OF BRISTOL MYERS SQUIBB),"Didanosine 25mg [Videx], chewable tablets, 60 Tabs",Didanosine,Videx,25mg,Chewable/dispersible tablet,Bristol-Myers Squibb Anagni IT,63073,60,1014,7098,7,0.12,8.78,247,3584.08,TRUE,3/13/14,3/13/14,,4/25/13
901-CM-T30,FPQ-12837,SCMS-204300,ASN-21704,Cameroon,PMO - US,Direct Drop,EXW,Air,ARV,Adult,Aurobindo Pharma Limited,"Lamivudine/Nevirapine/Zidovudine 150/200/300mg, tablets, 60 Tabs",Lamivudine/Nevirapine/Zidovudine,Generic,150/300/200mg,Tablet - FDC,"Aurobindo Unit III, India",63106,60,38707,314687.9,8.13,0.14,389.27,4926,40227.6,TRUE,10/18/13,10/18/13,,8/23/13
102-ML-T30,FPQ-13391,SCMS-221930,ASN-24507,Mali,PMO - US,Direct Drop,EXW,Air,HRDT,HIV test - Ancillary,"Orgenics, Ltd","HIV, Lancet, Safety, for HIV Test kits, 100 Pcs","HIV, Lancet, Safety, for HIV Test kits, 100 Pcs",Generic,N/A,Test kit - Ancillary,"Alere Medical Co., Ltd.",63111,100,153,765,5,0.05,0.79,,,FALSE,3/19/14,3/19/14,,1/22/14
106-HT-T30,FPQ-9636,SCMS-148370,ASN-16472,Haiti,PMO - US,Direct Drop,EXW,Ocean,ARV,Adult,MYLAN LABORATORIES LTD (FORMERLY MATRIX LABORATORIES),"Abacavir 300mg, tablets, 60 Tabs",Abacavir,Generic,300mg,Tablet,Mylan (formerly Matrix) Nashik,63174,60,2610,32598.9,12.49,0.21,45.7,,,FALSE,12/20/12,12/20/12,,7/3/12
107-RW-T30,FPQ-3963,SCMS-48560,ASN-4448,Rwanda,PMO - US,Direct Drop,EXW,Air,HRDT,HIV test,"Trinity Biotech, Plc","HIV 1/2, Uni-Gold HIV Kit, 20 Tests","HIV 1/2, Uni-Gold HIV Kit",Uni-Gold,N/A,Test kit,"Trinity Biotech, Plc",63175,20,250,8000,32,1.6,15.68,88,3997.31,TRUE,8/14/09,8/14/09,,7/2/09
107-RW-T30,FPQ-3859,SCMS-48810,ASN-5182,Rwanda,PMO - US,Direct Drop,CIP,Air,ARV,Adult,Aurobindo Pharma Limited,"Abacavir 300mg, tablets, 60 Tabs",Abacavir,Generic,300mg,Tablet,"Aurobindo Unit III, India",63186,60,427,8253.91,19.33,0.32,16.18,62,1060.35,TRUE,10/19/09,10/19/09,,7/16/09
116-ZA-T30,FPQ-13973,SCMS-238550,ASN-30792,South Africa,PMO - US,Direct Drop,DDP,Truck,ARV,Adult,PHARMACY DIRECT,"Zidovudine 300mg, tablets, 60 Tabs",Zidovudine,Generic,300mg,Tablet,"Aurobindo Unit III, India",63228,60,3,74.86,24.95,0.42,0.08,,,FALSE,2/19/15,2/19/15,,5/8/14
102-SD-T30,FPQ-6119,SCMS-83990,ASN-8453,Sudan,PMO - US,Direct Drop,EXW,Air,HRDT,HIV test,"Orgenics, Ltd","HIV 1/2, Determine Complete HIV Kit, 100 Tests","HIV 1/2, Determine Complete HIV Kit",Determine,N/A,Test kit,Inverness Japan,63234,100,260,23140,89,0.89,49.89,119,2742.83,TRUE,11/12/10,11/12/10,,9/2/10
109-TZ-T30,FPQ-10619,SCMS-161830,ASN-17465,Tanzania,PMO - US,Direct Drop,EXW,Air,HRDT,HIV test,"Orgenics, Ltd","HIV 1/2, Determine Complete HIV Kit, 100 Tests","HIV 1/2, Determine Complete HIV Kit",Determine,N/A,Test kit,"Alere Medical Co., Ltd.",63273,100,2744,219520,80,0.8,307.77,1186,22067.21,TRUE,12/31/12,12/31/12,,10/4/12
108-VN-T30,FPQ-5317,SCMS-69710,ASN-7510,Vietnam,PMO - US,Direct Drop,EXW,Air,ARV,Adult,MYLAN LABORATORIES LTD (FORMERLY MATRIX LABORATORIES),"Abacavir 300mg, tablets, 60 Tabs",Abacavir,Generic,300mg,Tablet,Mylan (formerly Matrix) Nashik,63274,60,249,3956.61,15.89,0.26,8.53,,,FALSE,8/9/10,8/9/10,,3/29/10
800-CM-T30,FPQ-12570,SCMS-200900,ASN-22171,Cameroon,PMO - US,Direct Drop,EXW,Air,HRDT,HIV test,"Orgenics, Ltd","HIV 1/2, Determine Complete HIV Kit, 100 Tests","HIV 1/2, Determine Complete HIV Kit",Determine,N/A,Test kit,"Alere Medical Co., Ltd.",63289,100,5000,400000,80,0.8,494.8,1238,46044.38,TRUE,11/9/13,11/9/13,,8/6/13
108-VN-T30,FPQ-13976,SCMS-236080,ASN-28050,Vietnam,PMO - US,Direct Drop,FCA,Air,ARV,Adult,ABBVIE LOGISTICS (FORMERLY ABBOTT LOGISTICS BV),"Ritonavir 100mg [Norvir], film coated tablets, 30 Tabs",Ritonavir,Norvir,100mg,Tablet,ABBVIE Ludwigshafen Germany,63292,30,400,9304,23.26,0.78,9.56,52,379.77,TRUE,10/1/14,10/1/14,,4/30/14
144-BW-T30,FPQ-4487,SCMS-57521,ASN-8573,Botswana,PMO - US,Direct Drop,EXW,Air,HRDT,HIV test - Ancillary,"Trinity Biotech, Plc","#109436**HIV 1, Uni-Gold Recombigen HIV Control, Vial 2 x 0.5 ml","HIV 1, Uni-Gold Recombigen HIV Control, Vial 2 x 0.5 ml",Uni-Gold,N/A,Test kit - Ancillary,"Trinity Biotech, Plc",63296,2,15,465,31,15.5,1,1,650.97,TRUE,2/7/11,2/7/11,,11/13/09
106-HT-T30,FPQ-14895,SCMS-261040,ASN-30196,Haiti,PMO - US,Direct Drop,EXW,Ocean,ARV,Adult,HETERO LABS LIMITED,"Efavirenz/Lamivudine/Tenofovir Disoproxil Fumarate 600/300/300mg, tablets, 30 Tabs",Efavirenz/Lamivudine/Tenofovir Disoproxil Fumarate,Generic,600/300/300mg,Tablet - FDC,Hetero Unit III Hyderabad IN,63297,30,56500,579125,10.25,0.34,595.34,7324,10500.29,TRUE,4/9/15,4/9/15,,11/14/14
116-ZA-T30,FPQ-12522,SCMS-199280,ASN-24433,South Africa,PMO - US,Direct Drop,DDP,Truck,ARV,Pediatric,S. BUYS WHOLESALER,"Efavirenz 50mg, capsule, 30 Caps",Efavirenz,Generic,50mg,Capsule,"Aurobindo Unit III, India",63308,30,71,235.46,3.32,0.11,0.29,,,FALSE,2/7/14,2/7/14,,8/13/13
105-GH-T30,FPQ-13809,SCMS-234031,ASN-26374,Ghana,PMO - US,Direct Drop,EXW,Air,ARV,Adult,Aurobindo Pharma Limited,"Lopinavir/Ritonavir 200/50mg, tablets, 120 Tabs",Lopinavir/Ritonavir,Generic,200/50mg,Tablet,"Aurobindo Unit III, India",63355,120,3393,73967.4,21.8,0.18,76.04,901,7326.63,TRUE,6/12/14,6/12/14,,5/5/14
116-ZA-T30,FPQ-14942,SCMS-259073,ASN-30671,South Africa,PMO - US,Direct Drop,DDP,Truck,ARV,Pediatric,PHARMACY DIRECT,"Efavirenz 200mg, capsule, 90 Caps",Efavirenz,Generic,200mg,Capsule,"Aurobindo Unit III, India",63362,90,21,357.91,17.04,0.19,0.37,,,FALSE,2/12/15,2/12/15,,2/12/15
114-UG-T30,FPQ-12290,SCMS-192180,ASN-24273,Uganda,PMO - US,Direct Drop,CIP,Air,ARV,Adult,ASPEN PHARMACARE,"Darunavir 300mg [Prezista], tablets, 120 Tabs",Darunavir,Prezista,300mg,Tablet,"Aspen-OSD, Port Elizabeth, SA",63401,120,454,30236.4,66.6,0.55,37.4,79,281.94,TRUE,2/14/14,2/14/14,,7/3/13
117-ET-T30,FPQ-15928,SCMS-280490,ASN-31624,Ethiopia,PMO - US,Direct Drop,EXW,Air,HRDT,HIV test,"SHANGHAI KEHUA BIOENGINEERING CO.,LTD.  (KHB)","HIV 1/2, SKB Colloidal Gold, Diagnostic Kit, Antibody, 50 Tests","HIV 1/2, Colloidal Gold, Diagnostic Kit, Antibody",Colloidal Gold,N/A,Test kit,"KHB Test Kit Facility, Shanghai China",63409,1,4000,98000,24.5,24.5,115.35,2764,40716.16,TRUE,4/28/15,4/28/15,,3/17/15
104-CI-T30,FPQ-9823,SCMS-147550,ASN-15640,Côte d'Ivoire,PMO - US,Direct Drop,EXW,Air,HRDT,HIV test,"CHEMBIO DIAGNOSTIC SYSTEMS, INC.","HIV 1/2, Stat-Pak HIV, Kit, 20 Tests","HIV 1/2, Stat-Pak HIV, Kit",Stat-Pak,N/A,Test kit,Chembio Diagnostics Sys. Inc.,63412,20,2155,62495,29,1.45,87.62,622,7727.12,TRUE,8/16/12,8/16/12,,6/13/12
203-SZ-T30,FPQ-14826,SCMS-256310,ASN-29141,Swaziland,PMO - US,Direct Drop,EXW,Air,HRDT,HIV test,"Orgenics, Ltd","HIV 1/2, Determine Complete HIV Kit, 100 Tests","HIV 1/2, Determine Complete HIV Kit",Determine,N/A,Test kit,"Alere Medical Co., Ltd.",63419,100,39,3120,80,0.8,3.21,17,514.52,TRUE,2/19/15,2/19/15,,10/9/14
104-CI-T30,FPQ-7693,SCMS-113020,ASN-12293,Côte d'Ivoire,PMO - US,Direct Drop,FCA,Air,ARV,Adult,ABBVIE LOGISTICS (FORMERLY ABBOTT LOGISTICS BV),"Lopinavir/Ritonavir 200/50mg [Aluvia], tablets, 120 Tabs",Lopinavir/Ritonavir,Aluvia,200/50mg,Tablet,ABBVIE Ludwigshafen Germany,63432,120,16800,517776,30.82,0.26,854.33,4213,27376.29,TRUE,10/17/11,10/17/11,,7/6/11
109-TZ-T30,FPQ-12540,SCMS-198771,ASN-22834,Tanzania,PMO - US,Direct Drop,EXW,Air,ARV,Adult,CIPLA LIMITED,"Lamivudine/Nevirapine/Zidovudine 150/200/300mg, tablets, 60 Tabs",Lamivudine/Nevirapine/Zidovudine,Generic,150/300/200mg,Tablet - FDC,"Cipla, Goa, India",63438,60,80516,652179.6,8.1,0.13,806.75,11646,50445.73,TRUE,12/27/13,12/27/13,,8/27/13
116-ZA-T30,FPQ-4359,SCMS-54980,ASN-5372,South Africa,PMO - US,Direct Drop,DDP,Truck,ARV,Adult,S. BUYS WHOLESALER,"Nevirapine 200mg, tablets, 60 Tabs",Nevirapine,Generic,200mg,Tablet,"Cipla, Goa, India",63466,60,300,6758.47,22.53,0.38,13.25,,,FALSE,10/21/09,10/21/09,,10/15/09
116-ZA-T30,FPQ-12522,SCMS-199289,ASN-28033,South Africa,PMO - US,Direct Drop,DDP,Truck,ARV,Adult,S. BUYS WHOLESALER,"Efavirenz 600mg, tablets, 30 Tabs",Efavirenz,Generic,600mg,Tablet,Hetero Unit III Hyderabad IN,63468,30,632,10473.05,16.57,0.55,12.96,,,FALSE,8/29/14,8/29/14,,8/29/14
108-VN-T30,FPQ-11418,SCMS-176270,ASN-19859,Vietnam,PMO - US,Direct Drop,EXW,Air,ARV,Adult,HETERO LABS LIMITED,"Abacavir 300mg, tablets, 60 Tabs",Abacavir,Generic,300mg,Tablet,Hetero Unit III Hyderabad IN,63486,60,683,8366.75,12.25,0.2,10.35,,,FALSE,7/5/13,7/5/13,,2/6/13
106-HT-T30,FPQ-4389,SCMS-58020,ASN-5746,Haiti,PMO - US,Direct Drop,FCA,Air,ARV,Pediatric,ABBVIE LOGISTICS (FORMERLY ABBOTT LOGISTICS BV),"Lopinavir/Ritonavir 100/25mg [Aluvia], tablets, 60 Tabs",Lopinavir/Ritonavir,Generic,100/25mg,Tablet,ABBVIE Ludwigshafen Germany,63502,60,300,2712,9.04,0.15,5.85,37,971.8,TRUE,3/3/10,3/3/10,,11/13/09
133-NG-T30,FPQ-14995,SCMS-260700,ASN-29928,Nigeria,PMO - US,Direct Drop,EXW,Air,HRDT,HIV test,"Orgenics, Ltd","HIV 1/2, Determine Complete HIV Kit, 100 Tests","HIV 1/2, Determine Complete HIV Kit",Determine,N/A,Test kit,"Alere Medical Co., Ltd.",63537,100,6133,545837,89,0.89,561.12,2483,31306.65,TRUE,1/19/15,1/19/15,,10/29/14
104-CI-T30,FPQ-10636,SCMS-162550,ASN-18558,Côte d'Ivoire,PMO - US,Direct Drop,EXW,Air,ARV,Adult,MYLAN LABORATORIES LTD (FORMERLY MATRIX LABORATORIES),"Atazanavir/Ritonavir 300/100mg, tablets, 30 Tabs",Atazanavir/Ritonavir,Generic,300/100mg,Tablet,Mylan (formerly Matrix) Nashik,63555,30,1270,28575,22.5,0.75,40.06,,,FALSE,3/21/13,3/21/13,,10/12/12
103-ZW-T30,FPQ-15625,SCMS-272350,ASN-32051,Zimbabwe,PMO - US,Direct Drop,FCA,Air,ARV,Pediatric,ABBVIE LOGISTICS (FORMERLY ABBOTT LOGISTICS BV),"Lopinavir/Ritonavir 80/20mg/ml [Kaletra], oral solution, cool, Bottle 5 x 60 ml",Lopinavir/Ritonavir,Kaletra,80/20mg/ml,Oral solution,ABBVIE (Abbott) Logis. UK,63561,300,6914,213089.48,30.82,0.1,250.81,6090,41141.5,TRUE,5/21/15,5/21/15,,1/16/15
105-SS-T30,FPQ-12623,SCMS-200921,ASN-22955,South Sudan,PMO - US,Direct Drop,EXW,Air,HRDT,HIV test,"Trinity Biotech, Plc","HIV 1/2, Uni-Gold HIV Kit, 20 Tests","HIV 1/2, Uni-Gold HIV Kit",Uni-Gold,N/A,Test kit,"Trinity Biotech, Plc",63568,20,18,576,32,1.6,0.71,,,FALSE,2/11/14,2/11/14,,8/6/13
109-TZ-T30,FPQ-13945,SCMS-235380,ASN-28275,Tanzania,PMO - US,Direct Drop,EXW,Air,HRDT,HIV test,"Trinity Biotech, Plc","HIV 1/2, Uni-Gold HIV Kit, 20 Tests","HIV 1/2, Uni-Gold HIV Kit",Uni-Gold,N/A,Test kit,"Trinity Biotech, Plc",63571,20,252,8064,32,1.6,8.29,82,1353.35,TRUE,10/25/14,10/25/14,,5/6/14
101-CD-T30,FPQ-14100,SCMS-239410,ASN-26738,"Congo, DRC",PMO - US,Direct Drop,EXW,Air,HRDT,HIV test,"Trinity Biotech, Plc","HIV 1/2, Uni-Gold HIV Kit, 20 Tests","HIV 1/2, Uni-Gold HIV Kit",Uni-Gold,N/A,Test kit,"Trinity Biotech, Plc",63576,20,90,2880,32,1.6,2.96,,,FALSE,9/5/14,9/5/14,,5/20/14
105-SS-T30,FPQ-11538,SCMS-176920,ASN-18783,South Sudan,PMO - US,Direct Drop,EXW,Air,HRDT,HIV test,"Trinity Biotech, Plc","HIV 1/2, Uni-Gold HIV Kit, 20 Tests","HIV 1/2, Uni-Gold HIV Kit",Uni-Gold,N/A,Test kit,"Trinity Biotech, Plc",63579,20,125,4000,32,1.6,4.95,41,1441.21,TRUE,5/16/13,5/16/13,,2/22/13
116-ZA-T30,FPQ-12522,SCMS-199289,ASN-28033,South Africa,PMO - US,Direct Drop,DDP,Truck,ARV,Pediatric,S. BUYS WHOLESALER,"Efavirenz 200mg, capsule, 90 Caps",Efavirenz,Generic,200mg,Capsule,"Aurobindo Unit III, India",63582,90,60,1561.82,26.03,0.29,1.93,,,FALSE,8/29/14,8/29/14,,8/29/14
103-KE-T30,FPQ-9856,SCMS-149170,ASN-15733,Kenya,PMO - US,Direct Drop,EXW,Air,HRDT,HIV test,"Trinity Biotech, Plc","HIV 1/2, Uni-Gold HIV Kit, 20 Tests","HIV 1/2, Uni-Gold HIV Kit",Uni-Gold,N/A,Test kit,"Trinity Biotech, Plc",63608,20,20000,640000,32,1.6,897.28,6568,41300.11,TRUE,9/5/12,9/5/12,,6/13/12
114-UG-T30,FPQ-12155,SCMS-189350,ASN-21443,Uganda,PMO - US,Direct Drop,EXW,Air,HRDT,HIV test,"CHEMBIO DIAGNOSTIC SYSTEMS, INC.","HIV 1/2, Stat-Pak Dipstick Assay Kit, 30 Tests","HIV 1/2, Stat-Pak Dipstick Assay Kit",Stat-Pak,N/A,Test kit,Chembio Diagnostics Sys. Inc.,63620,30,2850,78660,27.6,0.92,97.3,318,4604.83,TRUE,10/4/13,10/4/13,,5/28/13
106-HT-T30,FPQ-6489,SCMS-90451,ASN-10748,Haiti,PMO - US,Direct Drop,CIP,Air,ARV,Adult,MERCK SHARP & DOHME IDEA GMBH (FORMALLY MERCK SHARP & DOHME B.V.),"Indinavir 400mg [Crixivan], capsules, 180 Caps",Indinavir,Crixivan,400mg,Capsule,"MSD, Haarlem, NL",63648,180,28,1400,50,0.28,3.02,7,290,TRUE,5/11/11,5/11/11,,11/4/10
900-TZ-T30,FPQ-10396,SCMS-157661,ASN-17085,Tanzania,PMO - US,Direct Drop,EXW,Air,HRDT,HIV test,"Orgenics, Ltd","HIV 1/2, Determine Complete HIV Kit, 100 Tests","HIV 1/2, Determine Complete HIV Kit",Determine,N/A,Test kit,"Alere Medical Co., Ltd.",63652,100,2744,219520,80,0.8,307.77,1303,22317.25,TRUE,12/7/12,12/7/12,,10/4/12
161-ZA-T30,FPQ-5303,SCMS-68810,ASN-7217,South Africa,PMO - US,Direct Drop,DDP,Air,ARV,Adult,STRIDES ARCOLAB LIMITED,"Lamivudine 150mg, tablets, 60 Tabs",Lamivudine,Generic,150mg,Tablet,"Strides, Bangalore, India.",63697,60,333334,856668.4,2.57,0.04,1846.98,16496,25285.11,TRUE,7/15/10,7/15/10,,3/19/10
200-UG-T30,FPQ-14628,SCMS-253240,ASN-28591,Uganda,PMO - US,Direct Drop,EXW,Air,HRDT,HIV test,"CHEMBIO DIAGNOSTIC SYSTEMS, INC.","HIV 1/2, Stat-Pak Dipstick Assay Kit, 30 Tests","HIV 1/2, Stat-Pak Dipstick Assay Kit",Stat-Pak,N/A,Test kit,Chembio Diagnostics Sys. Inc.,63719,30,800,22080,27.6,0.92,22.7,86,798.43,TRUE,10/14/14,10/14/14,,9/4/14
133-NG-T30,FPQ-12456,SCMS-196560,ASN-21224,Nigeria,PMO - US,Direct Drop,EXW,Air,HRDT,HIV test,"Orgenics, Ltd","HIV 1/2, Determine Complete HIV Kit, 100 Tests","HIV 1/2, Determine Complete HIV Kit",Determine,N/A,Test kit,"Alere Medical Co., Ltd.",63749,100,3040,270560,89,0.89,334.68,1235,13383.47,TRUE,9/18/13,9/19/13,,7/10/13
111-MZ-T30,FPQ-9530,SCMS-143810,ASN-15749,Mozambique,PMO - US,Direct Drop,EXW,Air,HRDT,HIV test,"Orgenics, Ltd","HIV 1/2, Determine Complete HIV Kit, 100 Tests","HIV 1/2, Determine Complete HIV Kit",Determine,N/A,Test kit,"Alere Medical Co., Ltd.",63757,100,6000,480000,80,0.8,672.96,2862,52239.49,TRUE,9/4/12,9/4/12,,4/24/12
161-ZA-T30,FPQ-7175,SCMS-103690,ASN-11306,South Africa,PMO - US,Direct Drop,DDP,Ocean,ARV,Adult,EMCURE PHARMACEUTICALS LTD,"Efavirenz 600mg, tablets, 30 Tabs",Efavirenz,Generic,600mg,Tablet,"Emcure Plot No.P-2, I.T-B.T. Park, Phase II, MIDC, Hinjwadi, Pune, India",63782,30,113020,485986,4.3,0.14,801.88,8826,7609.7,TRUE,11/2/11,11/2/11,,3/23/11
161-ZA-T30,FPQ-6262,SCMS-84230,ASN-9616,South Africa,PMO - US,Direct Drop,DDP,Ocean,ARV,Adult,STRIDES ARCOLAB LIMITED,"Nevirapine 200mg, tablets, 60 Tabs",Nevirapine,Generic,200mg,Tablet,"Strides, Bangalore, India.",63802,60,65072,186756.64,2.87,0.05,402.65,4194,17278.96,TRUE,4/5/11,4/5/11,,9/21/10
104-CI-T30,FPQ-12714,SCMS-205010,ASN-23353,Côte d'Ivoire,PMO - US,Direct Drop,EXW,Air,ARV,Pediatric,Aurobindo Pharma Limited,"Nevirapine 50mg, dispersible tablets (tablets for oral suspension), 30 Tabs",Nevirapine,Generic,50mg,Chewable/dispersible tablet,"Aurobindo Unit III, India",63807,30,6500,8125,1.25,0.04,10.05,406,4837.38,TRUE,1/3/14,1/3/14,,9/2/13
106-HT-T30,FPQ-9066,SCMS-138630,ASN-14843,Haiti,PMO - US,Direct Drop,EXW,Ocean,ARV,Adult,MYLAN LABORATORIES LTD (FORMERLY MATRIX LABORATORIES),"Efavirenz/Lamivudine/Tenofovir Disoproxil Fumarate 600/300/300mg, tablets, 30 Tabs",Efavirenz/Lamivudine/Tenofovir Disoproxil Fumarate,Generic,600/300/300mg,Tablet - FDC,Mylan (formerly Matrix) Nashik,63817,30,47970,676377,14.1,0.47,948.28,5438,23708.81,TRUE,7/3/12,7/3/12,,2/23/12
104-CI-T30,FPQ-12150,SCMS-191930,ASN-23812,Côte d'Ivoire,PMO - US,Direct Drop,FCA,Air,ARV,Pediatric,ABBVIE LOGISTICS (FORMERLY ABBOTT LOGISTICS BV),"Lopinavir/Ritonavir 80/20mg/ml [Kaletra], oral solution, cool, Bottle 5 x 60 ml",Lopinavir/Ritonavir,Kaletra,80/20mg/ml,Oral solution,ABBVIE (Abbott) Logis. UK,63826,300,340,10478.8,30.82,0.1,12.96,336,3899.33,TRUE,1/24/14,1/24/14,,6/12/13
104-CI-T30,FPQ-13602,SCMS-228010,ASN-26833,Côte d'Ivoire,PMO - US,Direct Drop,EXW,Air,HRDT,HIV test,"Standard Diagnostics, Inc.","HIV 1/2, Bioline 3.0 Kit, Lancets, Capillary pipets, Alcohol swabs included, 25 Tests","HIV 1/2, Bioline 3.0 Kit, Lancets, Capillary pipets, Alcohol swabs included",Bioline,N/A,Test kit,"Standard Diagnostics, Korea",63894,25,400,8200,20.5,0.82,8.43,125,2033.62,TRUE,7/8/14,7/8/14,,2/26/14
202-GT-T30,FPQ-6944,SCMS-98040,ASN-12152,Guatemala,PMO - US,Direct Drop,DDU,Air,ARV,Pediatric,IDIS LIMITED,"Didanosine 25mg [Videx], chewable tablets, 60 Tabs",Didanosine,Videx,25mg,Chewable/dispersible tablet,"BMS Meymac, France",63907,60,150,6843,45.62,0.76,11.29,,,FALSE,9/12/11,9/12/11,,1/25/11
108-VN-T30,FPQ-10286,SCMS-156130,ASN-17075,Vietnam,PMO - US,Direct Drop,EXW,Air,ARV,Adult,Aurobindo Pharma Limited,"Efavirenz 600mg, tablets, 30 Tabs",Efavirenz,Generic,600mg,Tablet,"Aurobindo Unit III, India",63915,30,15881,52407.3,3.3,0.11,73.48,,,FALSE,11/29/12,11/29/12,,8/14/12
104-CI-T30,FPQ-8209,SCMS-124110,ASN-12707,Côte d'Ivoire,PMO - US,Direct Drop,EXW,Air,HRDT,HIV test,"CHEMBIO DIAGNOSTIC SYSTEMS, INC.","HIV 1/2, Stat-Pak HIV, Kit, 20 Tests","HIV 1/2, Stat-Pak HIV, Kit",Stat-Pak,N/A,Test kit,Chembio Diagnostics Sys. Inc.,63939,20,167,4843,29,1.45,7.99,50,1128.74,TRUE,12/1/11,12/1/11,,10/5/11
901-NA-T30,FPQ-14728,SCMS-252640,ASN-28484,Namibia,PMO - US,Direct Drop,EXW,Air,ARV,Adult,HETERO LABS LIMITED,"Lamivudine/Tenofovir Disoproxil Fumarate 300/300mg, tablets, 30 Tabs",Lamivudine/Tenofovir Disoproxil Fumarate,Generic,300/300mg,Tablet - FDC,Hetero Unit III Hyderabad IN,63956,30,2910,13444.2,4.62,0.15,13.82,352,2429.39,TRUE,10/22/14,10/22/14,,8/14/14
101-CD-T30,FPQ-12073,SCMS-186710,ASN-20472,"Congo, DRC",PMO - US,Direct Drop,EXW,Air,HRDT,HIV test - Ancillary,"Orgenics, Ltd","Chase Buffer, Determine, 100 Tests, 2.5ml x 1 Vial","Chase Buffer, Determine, 100 Tests, 2.5ml x 1 Vial",Determine,N/A,Test kit - Ancillary,"Alere Medical Co., Ltd.",63988,1,2407,12035,5,5,14.89,,,FALSE,9/20/13,9/20/13,,5/8/13
103-CM-T30,FPQ-14930,SCMS-259420,ASN-29421,Cameroon,PMO - US,Direct Drop,EXW,Air,HRDT,HIV test,"Orgenics, Ltd","HIV 1/2, Determine Complete HIV Kit, 100 Tests","HIV 1/2, Determine Complete HIV Kit",Determine,N/A,Test kit,"Alere Medical Co., Ltd.",63998,100,120,9600,80,0.8,9.87,55,846.69,TRUE,12/2/14,12/2/14,,10/16/14
104-CI-T30,FPQ-3885,SCMS-48610,ASN-4585,Côte d'Ivoire,PMO - US,Direct Drop,EXW,Air,HRDT,HIV test,"Standard Diagnostics, Inc.","HIV 1/2, Bioline 3.0 Kit, (no accessories), 30 Tests","HIV 1/2, Bioline 3.0 Kit (no accessories)",Bioline,N/A,Test kit,"Standard Diagnostics, Korea",64003,30,1800,43200,24,0.8,84.67,560,5180.34,TRUE,8/17/09,8/17/09,,7/7/09
106-HT-T30,FPQ-6194,SCMS-85981,ASN-8878,Haiti,PMO - US,Direct Drop,EXW,Air,HRDT,HIV test,"SHANGHAI KEHUA BIOENGINEERING CO.,LTD.  (KHB)","HIV 1/2, SKB Colloidal Gold, Diagnostic Kit, Antibody, 50 Tests","HIV 1/2, Colloidal Gold, Diagnostic Kit, Antibody",Colloidal Gold,N/A,Test kit,"KHB Test Kit Facility, Shanghai China",64004,1,360,8280,23,23,17.85,261,3135.97,TRUE,12/7/10,12/7/10,,9/24/10
161-ZA-T30,FPQ-6262,SCMS-83830,ASN-9490,South Africa,PMO - US,Direct Drop,DDP,Ocean,ARV,Pediatric,Aurobindo Pharma Limited,"Lamivudine 10mg/ml, oral solution w/syringe, Bottle, 240 ml",Lamivudine,Generic,10mg/ml,Oral solution,"Aurobindo Unit III, India",64020,240,48264,97493.28,2.02,0.01,210.2,17436,10446.36,TRUE,3/4/11,3/4/11,,9/24/10
102-BW-T30,FPQ-10435,SCMS-155780,ASN-16044,Botswana,PMO - US,Direct Drop,EXW,Air,HRDT,HIV test,"SHANGHAI KEHUA BIOENGINEERING CO.,LTD.  (KHB)","HIV 1/2, SKB Colloidal Gold, Diagnostic Kit, Antibody, 50 Tests","HIV 1/2, Colloidal Gold, Diagnostic Kit, Antibody",Colloidal Gold,N/A,Test kit,"KHB Test Kit Facility, Shanghai China",64021,1,1600,39200,24.5,24.5,54.96,1111,8542.94,TRUE,9/10/12,9/10/12,,8/2/12
107-RW-T30,FPQ-5792,SCMS-75800,ASN-8529,Rwanda,PMO - US,Direct Drop,EXW,Air,HRDT,HIV test,"Orgenics, Ltd","HIV 1/2, Determine HIV Kit, without Lancets, 100 Tests","HIV 1/2, Determine HIV Kit, without Lancets",Determine,N/A,Test kit,Inverness Japan,64051,100,5000,388500,77.7,0.78,837.61,1134,50550.58,TRUE,11/17/10,11/17/10,,7/21/10
112-NG-T30,FPQ-9199,SCMS-140040,ASN-15132,Nigeria,PMO - US,Direct Drop,EXW,Air,ACT,ACT,NOVARTIS PHARMA SERVICES AG,"Artemether/Lumefantrine 20/120mg [Coartem], scored tablets, Blister 30 x 24 Tabs",Artemether/Lumefantrine,Coartem,20/120mg,Tablet - FDC + blister,"Novartis Pharma Suffern, USA",64087,720,2500,132000,52.8,0.07,185.06,1746,11216.78,TRUE,7/3/12,7/3/12,,5/15/12
133-NG-T30,FPQ-10349,SCMS-155320,ASN-16909,Nigeria,PMO - US,Direct Drop,EXW,Air,HRDT,HIV test,"Orgenics, Ltd","HIV 1/2, Determine Complete HIV Kit, 100 Tests","HIV 1/2, Determine Complete HIV Kit",Determine,N/A,Test kit,"Alere Medical Co., Ltd.",64108,100,2835,252315,89,0.89,353.75,1352,30726.22,TRUE,11/6/12,11/6/12,,8/13/12
111-MZ-T30,FPQ-13241,SCMS-226780,ASN-27436,Mozambique,PMO - US,Direct Drop,EXW,Air,ARV,Adult,B&C GROUP S.A.,"Darunavir 600mg [Prezista], tablets, 60 Tabs",Darunavir,Prezista,600mg,Tablet,"Janssen-Cilag, Latina, IT",64183,60,80,5328,66.6,1.11,5.48,13,277.4,TRUE,10/1/14,10/1/14,,3/14/14
901-CM-T30,FPQ-12837,SCMS-204350,ASN-22179,Cameroon,PMO - US,Direct Drop,EXW,Air,ARV,Adult,HETERO LABS LIMITED,"Nevirapine 200mg, tablets, 60 Tabs",Nevirapine,Generic,200mg,Tablet,Hetero Unit III Hyderabad IN,64186,60,121307,266875.4,2.2,0.04,330.12,7912,62102.07,TRUE,11/9/13,11/9/13,,8/23/13
108-VN-T30,FPQ-16194,SCMS-285500,ASN-33269,Vietnam,PMO - US,Direct Drop,EXW,Air,ARV,Adult,HETERO LABS LIMITED,"Efavirenz/Lamivudine/Tenofovir Disoproxil Fumarate 600/300/300mg, tablets, 30 Tabs",Efavirenz/Lamivudine/Tenofovir Disoproxil Fumarate,Generic,600/300/300mg,Tablet - FDC,Hetero Unit III Hyderabad IN,64208,30,13736,130492,9.5,0.32,153.59,,,FALSE,9/3/15,9/3/15,,5/13/15
119-NA-T30,FPQ-4186,SCMS-53271,ASN-5363,Namibia,PMO - US,Direct Drop,EXW,Air,HRDT,HIV test,"Orgenics, Ltd","HIV 1/2, Determine HIV Kit, without Lancets, 100 Tests","HIV 1/2, Determine HIV Kit, without Lancets",Determine,N/A,Test kit,Inverness Japan,64218,100,180,12600,70,0.7,24.7,42,2863.47,TRUE,11/12/09,11/12/09,,9/11/09
106-HT-T30,FPQ-11442,SCMS-177180,ASN-18919,Haiti,PMO - US,Direct Drop,EXW,Ocean,ARV,Pediatric,Aurobindo Pharma Limited,"Stavudine 1mg/ml, powder for oral solution w/syringe, 200 ml",Stavudine,Generic,1mg/ml,Powder for oral solution,"Aurobindo Unit III, India",64238,200,300,375,1.25,0.01,0.46,,,FALSE,8/7/13,8/7/13,,3/11/13
133-NG-T30,FPQ-12456,SCMS-196561,ASN-22344,Nigeria,PMO - US,Direct Drop,EXW,Air,HRDT,HIV test,"Orgenics, Ltd","HIV 1/2, Determine Complete HIV Kit, 100 Tests","HIV 1/2, Determine Complete HIV Kit",Determine,N/A,Test kit,"Alere Medical Co., Ltd.",64262,100,3056,271984,89,0.89,336.44,1241,20602.3,TRUE,11/7/13,11/11/13,,7/10/13
106-HT-T30,FPQ-13494,SCMS-225410,ASN-24980,Haiti,PMO - US,Direct Drop,EXW,Air,HRDT,HIV test,"Orgenics, Ltd","HIV 1/2, Determine Complete HIV Kit, 100 Tests","HIV 1/2, Determine Complete HIV Kit",Determine,N/A,Test kit,"Alere Medical Co., Ltd.",64304,100,4000,400000,100,1,411.2,1624,15537.04,TRUE,4/14/14,4/14/14,,2/19/14
133-NG-T30,FPQ-10349,SCMS-155320,ASN-16927,Nigeria,PMO - US,Direct Drop,EXW,Air,HRDT,HIV test,"Orgenics, Ltd","HIV 1/2, Determine Complete HIV Kit, 100 Tests","HIV 1/2, Determine Complete HIV Kit",Determine,N/A,Test kit,"Alere Medical Co., Ltd.",64319,100,2835,252315,89,0.89,353.75,1352,30726.22,TRUE,11/6/12,11/7/12,,8/13/12
203-SZ-T30,FPQ-14826,SCMS-256310,ASN-29141,Swaziland,PMO - US,Direct Drop,EXW,Air,HRDT,HIV test - Ancillary,"Orgenics, Ltd","Chase Buffer, Determine, 100 Tests, 2.5ml x 1 Vial","Chase Buffer, Determine, 100 Tests, 2.5ml x 1 Vial",Determine,N/A,Test kit - Ancillary,"Alere Medical Co., Ltd.",64320,1,39,195,5,5,0.2,,,FALSE,2/19/15,2/19/15,,10/9/14
104-CI-T30,FPQ-12150,SCMS-191920,ASN-21574,Côte d'Ivoire,PMO - US,Direct Drop,FCA,Air,ARV,Pediatric,ABBVIE LOGISTICS (FORMERLY ABBOTT LOGISTICS BV),"Lopinavir/Ritonavir 80/20mg/ml [Kaletra], oral solution, cool, Bottle 5 x 60 ml",Lopinavir/Ritonavir,Kaletra,80/20mg/ml,Oral solution,ABBVIE (Abbott) Logis. UK,64329,300,340,10478.8,30.82,0.1,12.96,336,5755.58,TRUE,9/24/13,9/24/13,,6/12/13
111-MZ-T30,FPQ-4739,SCMS-62690,ASN-5953,Mozambique,PMO - US,Direct Drop,EXW,Air,HRDT,HIV test,"Trinity Biotech, Plc","HIV 1/2, Uni-Gold HIV Kit, 20 Tests","HIV 1/2, Uni-Gold HIV Kit",Uni-Gold,N/A,Test kit,"Trinity Biotech, Plc",64335,20,2400,76800,32,1.6,165.58,,,FALSE,2/23/10,2/23/10,,1/8/10
161-ZA-T30,FPQ-7175,SCMS-103510,ASN-11803,South Africa,PMO - US,Direct Drop,DDP,Ocean,ARV,Adult,Aurobindo Pharma Limited,"Efavirenz 600mg, tablets, 30 Tabs",Efavirenz,Generic,600mg,Tablet,"Aurobindo Unit III, India",64351,30,90273,407131.22,4.51,0.15,671.77,,,TRUE,10/10/11,10/10/11,,3/24/11
114-UG-T30,FPQ-15314,SCMS-264720,ASN-31818,Uganda,PMO - US,Direct Drop,EXW,Air,HRDT,HIV test,"Trinity Biotech, Plc","HIV 1/2, Uni-Gold HIV Kit, 20 Tests","HIV 1/2, Uni-Gold HIV Kit",Uni-Gold,N/A,Test kit,"Trinity Biotech, Plc",64352,20,2600,83200,32,1.6,97.93,775,6164.1,TRUE,5/14/15,5/14/15,,12/4/14
111-MZ-T30,FPQ-8527,SCMS-130160,ASN-13818,Mozambique,PMO - US,Direct Drop,EXW,Air,HRDT,HIV test,"Orgenics, Ltd","HIV 1/2, Determine Complete HIV Kit, 100 Tests","HIV 1/2, Determine Complete HIV Kit",Determine,N/A,Test kit,"Alere Medical Co., Ltd.",64363,100,3094,247520,80,0.8,408.41,1477,27686.29,TRUE,5/2/12,5/2/12,,12/29/11
102-SD-T30,FPQ-8264,SCMS-121851,ASN-13537,Sudan,PMO - US,Direct Drop,EXW,Air,HRDT,HIV test - Ancillary,"Orgenics, Ltd","Capillary Tubes, for Determine, EDTA, 50uL,100 Pcs","HIV, Capillary Tubes, for Determine, EDTA, 50uL,100 Pcs",Determine,N/A,Test kit - Ancillary,"Alere Medical Co., Ltd.",64367,100,4,32,8,0.08,0.05,2,1076.15,TRUE,2/20/12,2/20/12,,9/14/11
103-ZW-T30,FPQ-13969,SCMS-239180,ASN-29540,Zimbabwe,PMO - US,Direct Drop,FCA,Air,ARV,Pediatric,ABBVIE LOGISTICS (FORMERLY ABBOTT LOGISTICS BV),"Lopinavir/Ritonavir 100/25mg [Aluvia], tablets, 60 Tabs",Lopinavir/Ritonavir,Generic,100/25mg,Tablet,ABBVIE Ludwigshafen Germany,64369,60,9253,54962.82,5.94,0.1,56.5,1065,11368.84,TRUE,1/12/15,1/12/15,,5/15/14
116-ZA-T30,FPQ-13973,SCMS-238550,ASN-30792,South Africa,PMO - US,Direct Drop,DDP,Truck,ARV,Adult,PHARMACY DIRECT,"Didanosine 250mg, delayed-release capsules, 30 Caps",Didanosine,Generic,250mg,Delayed-release capsules,"Aurobindo Unit III, India",64371,30,3,45.74,15.25,0.51,0.05,,,FALSE,2/19/15,2/19/15,,5/8/14
108-VN-T30,FPQ-15087,SCMS-261460,ASN-30940,Vietnam,PMO - US,Direct Drop,EXW,Air,ARV,Adult,HETERO LABS LIMITED,"Nevirapine 200mg, tablets, 60 Tabs",Nevirapine,Generic,200mg,Tablet,Hetero Unit III Hyderabad IN,64377,60,7700,16632,2.16,0.04,19.58,,,FALSE,3/31/15,3/31/15,,10/30/14
116-ZA-T30,FPQ-12522,SCMS-199283,ASN-27979,South Africa,PMO - US,Direct Drop,DDP,Truck,ARV,Adult,S. BUYS WHOLESALER,"Abacavir 300mg, tablets, 60 Tabs",Abacavir,Generic,300mg,Tablet,"Aurobindo Unit III, India",64405,60,47,3625.9,77.15,1.29,4.49,,,FALSE,8/27/14,8/27/14,,8/27/14
101-CD-T30,FPQ-16001,SCMS-280220,ASN-32231,"Congo, DRC",PMO - US,Direct Drop,EXW,Air,HRDT,HIV test,"Orgenics, Ltd","HIV 1/2, Determine Complete HIV Kit, 100 Tests","HIV 1/2, Determine Complete HIV Kit",Determine,N/A,Test kit,"Alere Medical Co., Ltd.",64427,100,97,7760,80,0.8,9.13,,,FALSE,7/23/15,7/23/15,,3/17/15
108-VN-T30,FPQ-13976,SCMS-236090,ASN-28220,Vietnam,PMO - US,Direct Drop,FCA,Air,ARV,Adult,ABBVIE LOGISTICS (FORMERLY ABBOTT LOGISTICS BV),"Lopinavir/Ritonavir 200/50mg [Aluvia], tablets, 120 Tabs",Lopinavir/Ritonavir,Aluvia,200/50mg,Tablet,ABBVIE Ludwigshafen Germany,64438,120,7000,425740,60.82,0.51,437.66,1714,4881.42,TRUE,10/29/14,10/29/14,,4/30/14
106-HT-T30,FPQ-11287,SCMS-176390,ASN-20894,Haiti,PMO - US,Direct Drop,EXW,Air,ARV,Adult,HETERO LABS LIMITED,"Lamivudine/Stavudine 150/30mg, tablets, 60 Tabs",Lamivudine/Stavudine,Generic,150/30mg,Tablet - FDC,Hetero Unit III Hyderabad IN,64452,60,384,956.16,2.49,0.04,1.18,30,1180.73,TRUE,8/20/13,8/20/13,,2/5/13
102-KE-T30,FPQ-6114,SCMS-80820,ASN-8588,Kenya,PMO - US,Direct Drop,EXW,Air,HRDT,HIV test,"Orgenics, Ltd","HIV 1/2, Determine Complete HIV Kit, 100 Tests","HIV 1/2, Determine Complete HIV Kit",Determine,N/A,Test kit,Inverness Japan,64493,100,7243,644627,89,0.89,1389.82,1247,13765.81,TRUE,11/12/10,11/12/10,,8/27/10
111-MZ-T30,FPQ-3999,SCMS-50180,ASN-4929,Mozambique,PMO - US,Direct Drop,EXW,Air,HRDT,HIV test,"Trinity Biotech, Plc","HIV 1/2, Uni-Gold HIV Kit, 20 Tests","HIV 1/2, Uni-Gold HIV Kit",Uni-Gold,N/A,Test kit,"Trinity Biotech, Plc",64506,20,4200,134400,32,1.6,263.42,1462,23097.81,TRUE,9/29/09,9/29/09,,7/25/09
133-NG-T30,FPQ-7193,SCMS-103110,ASN-11267,Nigeria,PMO - US,Direct Drop,EXW,Air,HRDT,HIV test,"Orgenics, Ltd","HIV 1/2, Determine Complete HIV Kit, 100 Tests","HIV 1/2, Determine Complete HIV Kit",Determine,N/A,Test kit,Inverness Japan,64545,100,2128,189392,89,0.89,312.5,1022,23826.25,TRUE,7/7/11,7/12/11,,3/30/11
107-RW-T30,FPQ-12791,SCMS-205920,ASN-22849,Rwanda,PMO - US,Direct Drop,EXW,Air,ARV,Adult,Aurobindo Pharma Limited,"Abacavir/Lamivudine 600/300mg, tablets, 30 Tabs",Abacavir/Lamivudine,Generic,600/300mg,Tablet - FDC,"Aurobindo Unit III, India",64553,30,14000,203000,14.5,0.48,251.11,1428,9061.84,TRUE,12/13/13,12/13/13,,9/19/13
114-UG-T30,FPQ-12477,SCMS-198541,ASN-22493,Uganda,PMO - US,Direct Drop,EXW,Air,ARV,Adult,CIPLA LIMITED,"Lamivudine/Nevirapine/Zidovudine 150/200/300mg, tablets, 60 Tabs",Lamivudine/Nevirapine/Zidovudine,Generic,150/300/200mg,Tablet - FDC,"Cipla, Goa, India",64558,60,39449,319536.9,8.1,0.13,395.27,5714,20416.03,TRUE,11/16/13,11/16/13,,9/10/13
104-CI-T30,FPQ-4381,SCMS-57600,ASN-6504,Côte d'Ivoire,PMO - US,Direct Drop,FCA,Air,ARV,Adult,ABBVIE LOGISTICS (FORMERLY ABBOTT LOGISTICS BV),"Ritonavir 100mg [Norvir], capsules, cool, 4 x 84 Caps",Ritonavir,Norvir,100mg,Capsule,ABBVIE (Abbott) Logis. UK,64588,336,680,26084.8,38.36,0.11,51.13,1299,9689.81,TRUE,4/7/10,4/7/10,,11/23/09
114-UG-T30,FPQ-11141,SCMS-176730,ASN-19001,Uganda,PMO - US,Direct Drop,EXW,Air,ARV,Pediatric,MICRO LABS LIMITED,"Efavirenz 50mg, capsule, 30 Caps",Efavirenz,Generic,50mg,Capsule,"Micro labs, Verna, Goa, India",64589,30,252,504,2,0.07,0.62,9,1026.15,TRUE,5/8/13,5/8/13,,2/7/13
106-HT-T30,FPQ-14895,SCMS-261140,ASN-31141,Haiti,PMO - US,Direct Drop,FCA,Air,ARV,Pediatric,ABBVIE LOGISTICS (FORMERLY ABBOTT LOGISTICS BV),"Lopinavir/Ritonavir 80/20mg/ml [Kaletra], oral solution, cool, Bottle 5 x 60 ml",Lopinavir/Ritonavir,Kaletra,80/20mg/ml,Oral solution,ABBVIE (Abbott) Logis. UK,64594,300,610,18800.2,30.82,0.1,19.33,708,3428.37,TRUE,4/24/15,4/24/15,,11/14/14
101-CD-T30,FPQ-14100,SCMS-239710,ASN-26736,"Congo, DRC",PMO - US,Direct Drop,EXW,Air,HRDT,HIV test,"Orgenics, Ltd","HIV 1/2, Determine Complete HIV Kit, 100 Tests","HIV 1/2, Determine Complete HIV Kit",Determine,N/A,Test kit,"Alere Medical Co., Ltd.",64603,100,3125,250000,80,0.8,257,1581,40965.77,TRUE,8/11/14,8/11/14,,5/20/14
114-UG-T30,FPQ-13600,SCMS-225720,ASN-27379,Uganda,PMO - US,Direct Drop,FCA,Air,ARV,Adult,ABBVIE LOGISTICS (FORMERLY ABBOTT LOGISTICS BV),"Ritonavir 100mg [Norvir], film coated tablets, 60 Tabs",Ritonavir,Norvir,100mg,Tablet,ABBVIE Ludwigshafen Germany,64615,60,579,3966.15,6.85,0.11,4.08,103,1393.29,TRUE,8/26/14,8/26/14,,2/4/14
116-ZA-T30,FPQ-14942,SCMS-259078,ASN-33470,South Africa,PMO - US,Direct Drop,DDP,Truck,ARV,Pediatric,PHARMACY DIRECT,"Abacavir 20mg/ml, oral solution, Bottle, 240 ml",Abacavir,Generic,20mg/ml,Oral solution,"Aurobindo Unit III, India",64617,240,25,474.97,19,0.08,0.49,,,FALSE,7/24/15,7/24/15,,10/9/14
106-HT-T30,FPQ-11443,SCMS-180970,ASN-20026,Haiti,PMO - US,Direct Drop,EXW,Ocean,ARV,Adult,HETERO LABS LIMITED,"Lamivudine/Tenofovir Disoproxil Fumarate 300/300mg, tablets, 30 Tabs",Lamivudine/Tenofovir Disoproxil Fumarate,Generic,300/300mg,Tablet - FDC,Hetero Unit III Hyderabad IN,64635,30,19152,88482.24,4.62,0.15,109.45,8351,6806.86,TRUE,9/2/13,9/2/13,,3/26/13
105-GY-T30,FPQ-12057,SCMS-189030,ASN-20003,Guyana,PMO - US,Direct Drop,EXW,Air,ARV,Pediatric,Aurobindo Pharma Limited,"Efavirenz 50mg, capsule, 30 Caps",Efavirenz,Generic,50mg,Capsule,"Aurobindo Unit III, India",64660,30,69,154.56,2.24,0.07,0.19,,,FALSE,7/1/13,7/1/13,,5/23/13
116-ZA-T30,FPQ-7176,SCMS-104400,ASN-11806,South Africa,PMO - US,Direct Drop,DDP,Ocean,ARV,Adult,Aurobindo Pharma Limited,"Abacavir 300mg, tablets, 60 Tabs",Abacavir,Generic,300mg,Tablet,"Aurobindo Unit III, India",64664,60,120,1791.6,14.93,0.25,2.96,12,160.52,TRUE,10/5/11,10/5/11,,4/1/11
105-SS-T30,FPQ-15569,SCMS-272160,ASN-31338,South Sudan,PMO - US,Direct Drop,EXW,Air,HRDT,HIV test - Ancillary,"Orgenics, Ltd","Capillary Tubes, for Determine, EDTA, 50uL,100 Pcs","HIV, Capillary Tubes, for Determine, EDTA, 50uL,100 Pcs",Determine,N/A,Test kit - Ancillary,"Alere Medical Co., Ltd.",64667,100,100,800,8,0.08,0.94,,,FALSE,6/3/15,6/3/15,,2/20/15
105-GY-T30,FPQ-12235,SCMS-190750,ASN-20442,Guyana,PMO - US,Direct Drop,EXW,Air,HRDT,HIV test,"CHEMBIO DIAGNOSTIC SYSTEMS, INC.","HIV 1/2, Stat-Pak HIV, Kit, 20 Tests","HIV 1/2, Stat-Pak HIV, Kit",Stat-Pak,N/A,Test kit,Chembio Diagnostics Sys. Inc.,64685,20,25,725,29,1.45,0.9,7,130,TRUE,7/17/13,7/17/13,,5/21/13
106-HT-T30,FPQ-7649,SCMS-108910,ASN-13616,Haiti,PMO - US,Direct Drop,CIP,Air,ARV,Adult,MERCK SHARP & DOHME IDEA GMBH (FORMALLY MERCK SHARP & DOHME B.V.),"Indinavir 400mg [Crixivan], capsules, 180 Caps",Indinavir,Crixivan,400mg,Capsule,"MSD, Haarlem, NL",64709,180,28,1400,50,0.28,2.31,7,290,TRUE,2/13/12,2/13/12,,5/30/11
114-UG-T30,FPQ-14254,SCMS-239760,ASN-27175,Uganda,PMO - US,Direct Drop,EXW,Air,HRDT,HIV test,"CHEMBIO DIAGNOSTIC SYSTEMS, INC.","HIV 1/2, Stat-Pak HIV, Kit, 20 Tests","HIV 1/2, Stat-Pak HIV, Kit",Stat-Pak,N/A,Test kit,Chembio Diagnostics Sys. Inc.,64724,20,2388,74028,31,1.55,76.1,740,5718.39,TRUE,7/30/14,7/30/14,,5/20/14
106-HT-T30,FPQ-12590,SCMS-210510,ASN-24412,Haiti,PMO - US,Direct Drop,EXW,Ocean,ARV,Adult,HETERO LABS LIMITED,"Efavirenz/Lamivudine/Tenofovir Disoproxil Fumarate 600/300/300mg, tablets, 30 Tabs",Efavirenz/Lamivudine/Tenofovir Disoproxil Fumarate,Generic,600/300/300mg,Tablet - FDC,Hetero Unit III Hyderabad IN,64757,30,39600,415800,10.5,0.35,514.34,5986,2549.52,TRUE,5/9/14,5/9/14,,10/25/13
151-NG-T30,FPQ-14780,SCMS-254180,ASN-32118,Nigeria,PMO - US,Direct Drop,EXW,Air,ARV,Adult,EMCURE PHARMACEUTICALS LTD,"Atazanavir/Ritonavir 300/100mg, tablets, 30 Tabs",Atazanavir/Ritonavir,Generic,300/100mg,Tablet,"Emcure Plot No.P-2, I.T-B.T. Park, Phase II, MIDC, Hinjwadi, Pune, India",64824,30,10717,192906,18,0.6,198.31,1400,11732.9,TRUE,6/2/15,6/2/15,,8/29/14
101-CD-T30,FPQ-14100,SCMS-239710,ASN-26736,"Congo, DRC",PMO - US,Direct Drop,EXW,Air,HRDT,HIV test - Ancillary,"Orgenics, Ltd","Chase Buffer, Determine, 100 Tests, 2.5ml x 1 Vial","Chase Buffer, Determine, 100 Tests, 2.5ml x 1 Vial",Determine,N/A,Test kit - Ancillary,"Alere Medical Co., Ltd.",64832,1,3438,17190,5,5,17.67,,,FALSE,8/11/14,8/11/14,,5/20/14
161-ZA-T30,FPQ-5303,SCMS-68760,ASN-7110,South Africa,PMO - US,Direct Drop,DDP,Air,ARV,Adult,STRIDES ARCOLAB LIMITED,"Nevirapine 200mg, tablets, 60 Tabs",Nevirapine,Generic,200mg,Tablet,"Strides, Bangalore, India.",64850,60,85111,246821.9,2.9,0.05,532.15,5437,9205.05,TRUE,7/27/10,7/27/10,,3/19/10
117-ET-T30,FPQ-15928,SCMS-280480,ASN-31720,Ethiopia,PMO - US,Direct Drop,EXW,Air,HRDT,HIV test,"CHEMBIO DIAGNOSTIC SYSTEMS, INC.","HIV 1/2, Stat-Pak HIV, Kit, 20 Tests","HIV 1/2, Stat-Pak HIV, Kit",Stat-Pak,N/A,Test kit,Chembio Diagnostics Sys. Inc.,64864,20,360,11700,32.5,1.62,13.77,112,1414.69,TRUE,4/27/15,4/27/15,,3/17/15
116-ZA-T30,FPQ-14942,SCMS-259078,ASN-33472,South Africa,PMO - US,Direct Drop,DDP,Truck,ARV,Adult,PHARMACY DIRECT,"Saquinavir 200mg [Invirase], capsules, 270 Caps",Saquinavir,Invirase,200mg,Capsule,Roche Madrid,64903,270,27,1611.22,59.67,0.22,1.66,,,FALSE,7/24/15,7/24/15,,10/9/14
133-NG-T30,FPQ-10765,SCMS-162440,ASN-17528,Nigeria,PMO - US,Direct Drop,EXW,Air,HRDT,HIV test,"Orgenics, Ltd","HIV 1/2, Determine Complete HIV Kit, 100 Tests","HIV 1/2, Determine Complete HIV Kit",Determine,N/A,Test kit,"Alere Medical Co., Ltd.",64904,100,2744,244216,89,0.89,342.39,1186,24927.19,TRUE,1/9/13,1/9/13,,10/16/12
101-CD-T30,FPQ-14100,SCMS-239410,ASN-26738,"Congo, DRC",PMO - US,Direct Drop,EXW,Air,HRDT,HIV test,"Trinity Biotech, Plc","HIV 1/2, Uni-Gold HIV Kit, 20 Tests","HIV 1/2, Uni-Gold HIV Kit",Uni-Gold,N/A,Test kit,"Trinity Biotech, Plc",64913,20,32,1024,32,1.6,1.05,,,FALSE,9/5/14,9/5/14,,5/20/14
108-VN-T30,FPQ-12051,SCMS-188571,ASN-21549,Vietnam,PMO - US,Direct Drop,FCA,Air,ARV,Adult,ABBVIE LOGISTICS (FORMERLY ABBOTT LOGISTICS BV),"Lopinavir/Ritonavir 200/50mg [Aluvia], tablets, 120 Tabs",Lopinavir/Ritonavir,Aluvia,200/50mg,Tablet,ABBVIE Ludwigshafen Germany,64936,120,3434,208855.88,60.82,0.51,258.35,826,3315.82,TRUE,10/3/13,10/3/13,,8/19/13
105-GH-T30,FPQ-14667,SCMS-254770,ASN-30498,Ghana,PMO - US,Direct Drop,EXW,Air,ARV,Pediatric,MYLAN LABORATORIES LTD (FORMERLY MATRIX LABORATORIES),"Abacavir/Lamivudine 60/30mg, tablets, 60 Tabs",Abacavir/Lamivudine,Generic,60/30mg,Tablet - FDC,Mylan (formerly Matrix) Nashik,64946,60,9073,35838.35,3.95,0.07,36.84,437,4659.75,TRUE,4/10/15,4/10/15,,9/25/14
105-SS-T30,FPQ-11538,SCMS-176921,ASN-19273,South Sudan,PMO - US,Direct Drop,EXW,Air,HRDT,HIV test,"Trinity Biotech, Plc","HIV 1/2, Uni-Gold HIV Kit, 20 Tests","HIV 1/2, Uni-Gold HIV Kit",Uni-Gold,N/A,Test kit,"Trinity Biotech, Plc",64989,20,125,4000,32,1.6,4.95,40,1412.9,TRUE,6/29/13,6/29/13,,2/22/13
133-NG-T30,FPQ-12812,SCMS-210350,ASN-22879,Nigeria,PMO - US,Direct Drop,EXW,Air,HRDT,HIV test,"Orgenics, Ltd","HIV 1/2, Determine Complete HIV Kit, 100 Tests","HIV 1/2, Determine Complete HIV Kit",Determine,N/A,Test kit,"Alere Medical Co., Ltd.",64995,100,9330,830370,89,0.89,1027.17,3787,61637.1,TRUE,12/23/13,12/10/13,,11/1/13
106-HT-T30,FPQ-12590,SCMS-210530,ASN-22712,Haiti,PMO - US,Direct Drop,EXW,Air,ARV,Adult,MYLAN LABORATORIES LTD (FORMERLY MATRIX LABORATORIES),"Atazanavir/Ritonavir 300/100mg, tablets, 30 Tabs",Atazanavir/Ritonavir,Generic,300/100mg,Tablet,Mylan (formerly Matrix) Nashik,65002,30,3905,78100,20,0.67,96.61,,,FALSE,1/24/14,1/24/14,,10/25/13
107-RW-T30,FPQ-8365,SCMS-126460,ASN-13559,Rwanda,PMO - US,Direct Drop,FCA,Air,ARV,Pediatric,ABBVIE LOGISTICS (FORMERLY ABBOTT LOGISTICS BV),"Lopinavir/Ritonavir 100/25mg [Aluvia], tablets, 60 Tabs",Lopinavir/Ritonavir,Generic,100/25mg,Tablet,ABBVIE Ludwigshafen Germany,65005,60,1305,10061.55,7.71,0.13,16.6,150,2682.48,TRUE,2/2/12,2/2/12,,11/11/11
108-VN-T30,FPQ-16194,SCMS-285490,ASN-33146,Vietnam,PMO - US,Direct Drop,EXW,Air,ARV,Adult,HETERO LABS LIMITED,"Nevirapine 200mg, tablets, 60 Tabs",Nevirapine,Generic,200mg,Tablet,Hetero Unit III Hyderabad IN,65033,60,3000,6480,2.16,0.04,7.63,,,FALSE,9/7/15,9/7/15,,5/13/15
116-ZA-T30,FPQ-5535,SCMS-71370,ASN-7373,South Africa,PMO - US,Direct Drop,DDP,Truck,ARV,Pediatric,S. BUYS WHOLESALER,"Zidovudine 100mg [Retrovir], capsules, 100 Caps",Zidovudine,Retrovir,100mg,Capsule,GSK Crawley,65037,100,40,544.11,13.6,0.14,1.17,,,FALSE,5/31/10,5/31/10,,4/21/10
106-HT-T30,FPQ-4406,SCMS-57200,ASN-6418,Haiti,PMO - US,Direct Drop,EXW,Air,ARV,Adult,Aurobindo Pharma Limited,"Lopinavir/Ritonavir 200/50mg, tablets, 120 Tabs",Lopinavir/Ritonavir,Generic,200/50mg,Tablet,"Aurobindo Unit III, India",65049,120,740,27750,37.5,0.31,59.83,183,2418.62,TRUE,4/8/10,4/8/10,,11/19/09
133-NG-T30,FPQ-12456,SCMS-196561,ASN-22349,Nigeria,PMO - US,Direct Drop,EXW,Air,HRDT,HIV test,"Orgenics, Ltd","HIV 1/2, Determine Complete HIV Kit, 100 Tests","HIV 1/2, Determine Complete HIV Kit",Determine,N/A,Test kit,"Alere Medical Co., Ltd.",65050,100,3076,273764,89,0.89,338.65,1249,20705.23,TRUE,11/7/13,11/11/13,,7/10/13
108-VN-T30,FPQ-13976,SCMS-236120,ASN-27811,Vietnam,PMO - US,Direct Drop,EXW,Air,ARV,Adult,HETERO LABS LIMITED,"Efavirenz/Lamivudine/Tenofovir Disoproxil Fumarate 600/300/300mg, tablets, 30 Tabs",Efavirenz/Lamivudine/Tenofovir Disoproxil Fumarate,Generic,600/300/300mg,Tablet - FDC,Hetero Unit III Hyderabad IN,65081,30,14016,147168,10.5,0.35,151.29,1955,6194.69,TRUE,9/16/14,9/23/14,,4/30/14
103-ZW-T30,FPQ-15220,SCMS-261580,ASN-31449,Zimbabwe,PMO - US,Direct Drop,FCA,Air,ARV,Pediatric,ABBVIE LOGISTICS (FORMERLY ABBOTT LOGISTICS BV),"Lopinavir/Ritonavir 100/25mg [Aluvia], tablets, 60 Tabs",Lopinavir/Ritonavir,Generic,100/25mg,Tablet,ABBVIE Ludwigshafen Germany,65091,60,14322,85072.68,5.94,0.1,100.13,,,FALSE,4/22/15,4/22/15,,10/30/14
127-KE-T30,FPQ-7684,SCMS-109240,ASN-11321,Kenya,PMO - US,Direct Drop,EXW,Air,HRDT,HIV test,"Trinity Biotech, Plc","HIV 1/2, Uni-Gold HIV Kit, 20 Tests","HIV 1/2, Uni-Gold HIV Kit",Uni-Gold,N/A,Test kit,"Trinity Biotech, Plc",65095,20,385,12320,32,1.6,20.33,129,2039.73,TRUE,8/18/11,8/18/11,,5/18/11
105-GY-T30,FPQ-13072,SCMS-211570,ASN-22978,Guyana,PMO - US,Direct Drop,FCA,Air,ARV,Pediatric,ABBVIE LOGISTICS (FORMERLY ABBOTT LOGISTICS BV),"Lopinavir/Ritonavir 80/20mg/ml [Kaletra], oral solution, cool, Bottle 5 x 60 ml",Lopinavir/Ritonavir,Kaletra,80/20mg/ml,Oral solution,ABBVIE (Abbott) Logis. UK,65111,300,23,1398.86,60.82,0.2,1.44,53,926.13,TRUE,3/3/14,3/3/14,,10/30/13
105-GY-T30,FPQ-12235,SCMS-190770,ASN-20330,Guyana,PMO - US,Direct Drop,EXW,Air,HRDT,HIV test,"Orgenics, Ltd","HIV 1/2, Determine Complete HIV Kit, 100 Tests","HIV 1/2, Determine Complete HIV Kit",Determine,N/A,Test kit,"Alere Medical Co., Ltd.",65120,100,655,65500,100,1,81.02,2,5110.28,TRUE,7/29/13,7/29/13,,6/4/13
144-BW-T30,FPQ-4207,SCMS-41840,ASN-6012,Botswana,PMO - US,Direct Drop,EXW,Air,HRDT,HIV test,Orasure Technologies Inc.,"HIV 1/2, OraQuick Advance HIV Rapid Antibody Kit, 100 Tests","HIV 1/2, OraQuick Advance HIV Rapid Antibody Kit",OraQuick,N/A,Test kit,"Pacific Biotech, Thailand",65132,100,20,7000,350,3.5,13.72,48,1681.44,TRUE,3/1/10,3/1/10,,3/25/09
101-CD-T30,FPQ-14654,SCMS-253260,ASN-28279,"Congo, DRC",PMO - US,Direct Drop,EXW,Air,HRDT,HIV test,"Trinity Biotech, Plc","HIV 1/2, Uni-Gold HIV Kit, 20 Tests","HIV 1/2, Uni-Gold HIV Kit",Uni-Gold,N/A,Test kit,"Trinity Biotech, Plc",65156,20,73,2336,32,1.6,2.4,,,FALSE,11/4/14,11/4/14,,8/27/14
161-ZA-T30,FPQ-7175,SCMS-103810,ASN-12626,South Africa,PMO - US,Direct Drop,DDP,Ocean,ARV,Pediatric,CIPLA LIMITED,"Lamivudine 10mg/ml, oral solution, Bottle, 240 ml",Lamivudine,Generic,10mg/ml,Oral solution,"Cipla, Goa, India",65165,240,40040,82482.4,2.06,0.01,136.1,,,TRUE,12/7/11,12/6/11,,3/28/11
105-DO-T30,FPQ-7858,SCMS-117370,ASN-11929,Dominican Republic,PMO - US,Direct Drop,EXW,Air,HRDT,HIV test - Ancillary,"Standard Diagnostics, Inc.","HIV 1/2, Bioline 3.0 Diluent, 25 Tests, Bottle x 5 ml","HIV 1/2, Bioline 3.0 Diluent, 25 Tests",Bioline,N/A,Test kit - Ancillary,"Standard Diagnostics, Korea",65180,1,164,147.6,0.9,0.9,0.24,,,FALSE,9/12/11,9/12/11,,8/3/11
108-VN-T30,FPQ-10811,SCMS-164580,ASN-18662,Vietnam,PMO - US,Direct Drop,EXW,Air,ARV,Adult,HETERO LABS LIMITED,"Lamivudine/Zidovudine 150/300mg, tablets, 60 Tabs",Lamivudine/Zidovudine,Generic,150/300mg,Tablet - FDC,Hetero Unit III Hyderabad IN,65186,60,11623,81361,7,0.12,100.64,,,FALSE,4/3/13,4/3/13,,11/7/12
109-TZ-T30,FPQ-4157,SCMS-52773,ASN-4977,Tanzania,PMO - US,Direct Drop,EXW,Air,HRDT,HIV test,"Trinity Biotech, Plc","HIV 1/2, Uni-Gold HIV Kit, 20 Tests","HIV 1/2, Uni-Gold HIV Kit",Uni-Gold,N/A,Test kit,"Trinity Biotech, Plc",65191,20,670,21440,32,1.6,42.02,234,3163.87,TRUE,11/17/09,11/17/09,,9/3/09
113-ZW-T30,FPQ-8447,SCMS-122760,ASN-12885,Zimbabwe,PMO - US,Direct Drop,EXW,Air,HRDT,HIV test,"Orgenics, Ltd","HIV 1/2, Determine Complete HIV Kit, 100 Tests","HIV 1/2, Determine Complete HIV Kit",Determine,N/A,Test kit,"Alere Medical Co., Ltd.",65219,100,1800,144000,80,0.8,237.6,885,17806.34,TRUE,12/22/11,12/22/11,,9/21/11
107-RW-T30,FPQ-7908,SCMS-115790,ASN-11823,Rwanda,PMO - US,Direct Drop,EXW,Air,HRDT,HIV test,"Orgenics, Ltd","HIV 1/2, Determine HIV Kit, without Lancets, 100 Tests","HIV 1/2, Determine HIV Kit, without Lancets",Determine,N/A,Test kit,Inverness Japan,65235,100,7500,582750,77.7,0.78,961.54,1703,25501.1,TRUE,9/4/11,9/4/11,,7/20/11
117-ET-T30,FPQ-14357,SCMS-244860,ASN-27173,Ethiopia,PMO - US,Direct Drop,EXW,Air,HRDT,HIV test,"SHANGHAI KEHUA BIOENGINEERING CO.,LTD.  (KHB)","HIV 1/2, SKB Colloidal Gold, Diagnostic Kit, Antibody, 50 Tests","HIV 1/2, Colloidal Gold, Diagnostic Kit, Antibody",Colloidal Gold,N/A,Test kit,"KHB Test Kit Facility, Shanghai China",65238,1,7527,184411.5,24.5,24.5,189.58,5020,78813.53,TRUE,7/29/14,7/29/14,,6/23/14
102-MW-T30,FPQ-12745,SCMS-203130,ASN-22041,Malawi,PMO - US,Direct Drop,EXW,Air,HRDT,HIV test,"Trinity Biotech, Plc","HIV 1/2, Uni-Gold HIV Kit, 20 Tests","HIV 1/2, Uni-Gold HIV Kit",Uni-Gold,N/A,Test kit,"Trinity Biotech, Plc",65241,20,15,480,32,1.6,0.59,5,572.55,TRUE,10/15/13,10/15/13,,9/4/13
106-HT-T30,FPQ-6519,SCMS-91000,ASN-10144,Haiti,PMO - US,Direct Drop,CIP,Air,ARV,Adult,BRISTOL-MYERS SQUIBB,"Didanosine EC 400mg [Videx EC], delayed-release capsules, Blister 3 x 10 Caps",Didanosine EC,Videx EC,400mg,Delayed-release capsules - blister,Bristol-Myers Squibb Anagni IT,65243,30,240,4401.6,18.34,0.61,7.26,12,450,TRUE,3/30/11,3/30/11,,11/2/10
133-NG-T30,FPQ-7634,SCMS-108740,ASN-11758,Nigeria,PMO - US,Direct Drop,EXW,Air,HRDT,HIV test,"Orgenics, Ltd","HIV 1/2, Determine Complete HIV Kit, 100 Tests","HIV 1/2, Determine Complete HIV Kit",Determine,N/A,Test kit,Inverness Japan,65261,100,2520,224280,89,0.89,370.06,1201,28669.23,TRUE,8/31/11,8/31/11,,5/23/11
108-VN-T30,FPQ-15040,SCMS-263660,ASN-30941,Vietnam,PMO - US,Direct Drop,EXW,Air,ARV,Adult,HETERO LABS LIMITED,"Tenofovir Disoproxil Fumarate 300mg, tablets, 30 Tabs",Tenofovir Disoproxil Fumarate,Generic,300mg,Tablet,Hetero Unit III Hyderabad IN,65263,30,8000,28400,3.55,0.12,29.2,,,FALSE,3/31/15,3/31/15,,12/8/14
901-CM-T30,FPQ-12837,SCMS-204300,ASN-21710,Cameroon,PMO - US,Direct Drop,EXW,Air,ARV,Adult,Aurobindo Pharma Limited,"Lamivudine/Nevirapine/Zidovudine 150/200/300mg, tablets, 60 Tabs",Lamivudine/Nevirapine/Zidovudine,Generic,150/300/200mg,Tablet - FDC,"Aurobindo Unit III, India",65274,60,32190,261704.7,8.13,0.14,323.73,4093,34441.93,TRUE,10/18/13,10/18/13,,8/23/13
116-ZA-T30,FPQ-12522,SCMS-199289,ASN-28036,South Africa,PMO - US,Direct Drop,DDP,Truck,ARV,Adult,S. BUYS WHOLESALER,"Lamivudine 150mg, tablets, 60 Tabs",Lamivudine,Generic,150mg,Tablet,Hetero Unit III Hyderabad IN,65280,60,783,7639.77,9.76,0.16,9.45,,,FALSE,8/29/14,8/29/14,,8/29/14
117-ET-T30,FPQ-9098,SCMS-133530,ASN-15834,Ethiopia,PMO - US,Direct Drop,EXW,Air,HRDT,HIV test,"Trinity Biotech, Plc","HIV 1/2, Uni-Gold HIV Kit, 20 Tests","HIV 1/2, Uni-Gold HIV Kit",Uni-Gold,N/A,Test kit,"Trinity Biotech, Plc",65291,20,167,5344,32,1.6,7.49,60,911.32,TRUE,8/28/12,8/28/12,,1/23/12
133-NG-T30,FPQ-4891,SCMS-64780,ASN-6620,Nigeria,PMO - US,Direct Drop,EXW,Air,HRDT,HIV test,"Orgenics, Ltd","HIV 1/2, Determine Complete HIV Kit, 100 Tests","HIV 1/2, Determine Complete HIV Kit",Determine,N/A,Test kit,Inverness Japan,65308,100,1750,140000,80,0.8,301.84,842,14829.77,TRUE,5/5/10,5/15/10,,2/5/10
116-ZA-T30,FPQ-12522,SCMS-199287,ASN-27749,South Africa,PMO - US,Direct Drop,DDP,Truck,ARV,Pediatric,S. BUYS WHOLESALER,"Lopinavir/Ritonavir 80/20mg/ml [Kaletra], oral solution, cool, Bottle 5 x 60 ml",Lopinavir/Ritonavir,Kaletra,80/20mg/ml,Oral solution,ABBVIE (Abbott) Logis. UK,65314,300,2,46.9,23.45,0.08,0.06,,,TRUE,8/13/14,8/13/14,,8/13/14
109-TZ-T30,FPQ-12540,SCMS-198771,ASN-22833,Tanzania,PMO - US,Direct Drop,EXW,Air,ARV,Adult,CIPLA LIMITED,"Lamivudine/Nevirapine/Zidovudine 150/200/300mg, tablets, 60 Tabs",Lamivudine/Nevirapine/Zidovudine,Generic,150/300/200mg,Tablet - FDC,"Cipla, Goa, India",65323,60,53239,431235.9,8.1,0.13,533.44,7696,33442.63,TRUE,12/27/13,12/27/13,,8/27/13
106-HT-T30,FPQ-11285,SCMS-176220,ASN-18344,Haiti,PMO - US,Direct Drop,EXW,Air,ARV,Adult,Aurobindo Pharma Limited,"Didanosine 400mg, delayed-release capsules, 30 Caps",Didanosine,Generic,400mg,Delayed-release capsules,"Aurobindo Unit III, India",65331,30,240,4800,20,0.67,5.94,19,971.7,TRUE,3/11/13,3/11/13,,2/5/13
161-ZA-T30,FPQ-7175,SCMS-103680,ASN-12948,South Africa,PMO - US,Direct Drop,DDP,Ocean,ARV,Adult,EMCURE PHARMACEUTICALS LTD,"Efavirenz 600mg, tablets, 30 Tabs",Efavirenz,Generic,600mg,Tablet,"Emcure Plot No.P-2, I.T-B.T. Park, Phase II, MIDC, Hinjwadi, Pune, India",65349,30,96224,413763.2,4.3,0.14,682.71,7556,9582.53,TRUE,12/1/11,12/1/11,,3/23/11
116-ZA-T30,FPQ-14942,SCMS-259077,ASN-33478,South Africa,PMO - US,Direct Drop,DDP,Truck,ARV,Adult,PHARMACY DIRECT,"Raltegravir 400mg [Isentress], tablets, 60 Tabs",Raltegravir,Isentress,400mg,Tablet,"MSD, Haarlem, NL",65359,60,35,2301.31,65.75,1.1,2.37,,,FALSE,7/24/15,7/24/15,,10/9/14
117-ET-T30,FPQ-5582,SCMS-72390,ASN-9567,Ethiopia,PMO - US,Direct Drop,EXW,Air,ARV,Adult,Aurobindo Pharma Limited,"Didanosine 400mg, delayed-release capsules, 30 Caps",Didanosine,Generic,400mg,Delayed-release capsules,"Aurobindo Unit III, India",65363,30,750,15000,20,0.67,32.34,,,FALSE,2/14/11,2/14/11,,4/29/10
116-ZA-T30,FPQ-4770,SCMS-60170,ASN-5933,South Africa,PMO - US,Direct Drop,DDP,Truck,ARV,Adult,S. BUYS WHOLESALER,"Nevirapine 200mg, tablets, 60 Tabs",Nevirapine,Generic,200mg,Tablet,"Cipla, Goa, India",65370,60,300,6676.17,22.25,0.37,14.39,,,FALSE,12/29/09,12/29/09,,12/23/09
103-ZW-T30,FPQ-9905,SCMS-149110,ASN-18803,Zimbabwe,PMO - US,Direct Drop,FCA,Air,ARV,Pediatric,ABBVIE LOGISTICS (FORMERLY ABBOTT LOGISTICS BV),"Lopinavir/Ritonavir 80/20mg/ml [Kaletra], oral solution, cool, Bottle 5 x 60 ml",Lopinavir/Ritonavir,Kaletra,80/20mg/ml,Oral solution,ABBVIE (Abbott) Logis. UK,65381,300,1500,46230,30.82,0.1,64.81,1374,9299.26,TRUE,4/25/13,4/25/13,,7/18/12
110-ZM-T30,FPQ-12252,SCMS-189250,ASN-20055,Zambia,PMO - US,Direct Drop,EXW,Air,HRDT,HIV test,"Trinity Biotech, Plc","HIV 1/2, Uni-Gold HIV Kit, 20 Tests","HIV 1/2, Uni-Gold HIV Kit",Uni-Gold,N/A,Test kit,"Trinity Biotech, Plc",65408,20,6900,220800,32,1.6,273.13,2262,27038.58,TRUE,7/24/13,7/24/13,,5/22/13
116-ZA-T30,FPQ-11828,SCMS-183950,ASN-19166,South Africa,South Africa Field Office,Direct Drop,DDP,Truck,ARV,Pediatric,S. BUYS WHOLESALER,"Lopinavir/Ritonavir 100/25mg [Aluvia], tablets, 60 Tabs",Lopinavir/Ritonavir,Generic,100/25mg,Tablet,ABBVIE Ludwigshafen Germany,65436,60,45,281.2,6.25,0.1,0.35,,,FALSE,4/16/13,4/16/13,,
133-NG-T30,FPQ-12456,SCMS-196560,ASN-21221,Nigeria,PMO - US,Direct Drop,EXW,Air,HRDT,HIV test,"Orgenics, Ltd","HIV 1/2, Determine Complete HIV Kit, 100 Tests","HIV 1/2, Determine Complete HIV Kit",Determine,N/A,Test kit,"Alere Medical Co., Ltd.",65450,100,3067,272963,89,0.89,337.66,1228,13325.65,TRUE,9/18/13,9/18/13,,7/10/13
102-BI-T30,FPQ-13443,SCMS-223460,ASN-24711,Burundi,PMO - US,Direct Drop,EXW,Air,HRDT,HIV test,"CHEMBIO DIAGNOSTIC SYSTEMS, INC.","HIV 1/2, Stat-Pak Dipstick Assay Kit, 30 Tests","HIV 1/2, Stat-Pak Dipstick Assay Kit",Stat-Pak,N/A,Test kit,Chembio Diagnostics Sys. Inc.,65452,30,345,9522,27.6,0.92,9.79,37,946.77,TRUE,3/24/14,3/24/14,,2/3/14
116-ZA-T30,FPQ-12522,SCMS-199289,ASN-28036,South Africa,PMO - US,Direct Drop,DDP,Truck,ARV,Pediatric,S. BUYS WHOLESALER,"Abacavir 20mg/ml, oral solution w/syringe, Bottle, 240 ml",Abacavir,Generic,20mg/ml,Oral solution,"Aurobindo Unit III, India",65458,240,171,4623.54,27.04,0.11,5.72,,,FALSE,8/29/14,8/29/14,,8/29/14
104-CI-T30,FPQ-13125,SCMS-215030,ASN-24094,Côte d'Ivoire,PMO - US,Direct Drop,EXW,Air,HRDT,HIV test,"Standard Diagnostics, Inc.","HIV 1/2, Bioline 3.0 Kit, Lancets, Capillary pipets, Alcohol swabs included, 25 Tests","HIV 1/2, Bioline 3.0 Kit, Lancets, Capillary pipets, Alcohol swabs included",Bioline,N/A,Test kit,"Standard Diagnostics, Korea",65478,25,3700,75850,20.5,0.82,77.97,1281,13222.33,TRUE,2/11/14,2/11/14,,11/21/13
108-VN-T30,FPQ-9577,SCMS-145330,ASN-16020,Vietnam,PMO - US,Direct Drop,FCA,Air,ARV,Adult,ABBVIE LOGISTICS (FORMERLY ABBOTT LOGISTICS BV),"Ritonavir 100mg [Norvir], film coated tablets, 30 Tabs",Ritonavir,Norvir,100mg,Tablet,ABBVIE Ludwigshafen Germany,65484,30,326,7582.76,23.26,0.78,10.63,34,404.78,TRUE,10/27/12,10/27/12,,6/15/12
161-ZA-T30,FPQ-7400,SCMS-104190,ASN-12821,South Africa,PMO - US,Direct Drop,DDP,Ocean,ARV,Pediatric,GLAXOSMITHKLINE EXPORT LIMITED,"Abacavir 20mg/ml [Ziagen], oral solution, Bottle, 240 ml",Abacavir,Ziagen,20mg/ml,Oral solution,GSK Mississauga (Canada),65487,240,10000,92800,9.28,0.04,153.12,3853,4228.61,TRUE,1/9/12,1/9/12,,3/30/11
116-ZA-T30,FPQ-13973,SCMS-238554,ASN-28627,South Africa,PMO - US,Direct Drop,DDP,Truck,ARV,Adult,PHARMACY DIRECT,"Tenofovir Disoproxil Fumarate 300mg, tablets, 30 Tabs",Tenofovir Disoproxil Fumarate,Generic,300mg,Tablet,Mylan (formerly Matrix) Nashik,65545,30,43,822.19,19.12,0.64,0.85,,,FALSE,10/3/14,10/3/14,,10/3/14
161-ZA-T30,FPQ-7175,SCMS-103510,ASN-12171,South Africa,PMO - US,Direct Drop,DDP,Ocean,ARV,Adult,Aurobindo Pharma Limited,"Efavirenz 600mg, tablets, 30 Tabs",Efavirenz,Generic,600mg,Tablet,"Aurobindo Unit III, India",65548,30,70,315.7,4.51,0.15,0.52,6,9951.38,TRUE,10/10/11,10/25/11,,3/24/11
109-TZ-T30,FPQ-12197,SCMS-189360,ASN-21233,Tanzania,PMO - US,Direct Drop,EXW,Air,HRDT,HIV test,"Standard Diagnostics, Inc.","HIV 1/2, Determine Complete HIV Kit, 100 Tests","HIV 1/2, Determine Complete HIV Kit",Determine,N/A,Test kit,"Alere Medical Co., Ltd.",65555,100,3015,0,0,0,0,1249,20906.77,TRUE,9/17/13,9/16/13,,5/29/13
106-HT-T30,FPQ-4389,SCMS-58010,ASN-5820,Haiti,PMO - US,Direct Drop,CIP,Air,ARV,Pediatric,BRISTOL-MYERS SQUIBB,"Didanosine 2g [Videx], powder for oral solution 10mg/ml, reconstitute to 200 ml",Didanosine,Videx,2g,Powder for oral solution,"BMS Meymac, France",65574,200,192,2417.28,12.59,0.06,5.21,,,FALSE,2/24/10,2/24/10,,11/24/09
109-TZ-T30,FPQ-5174,SCMS-66920,ASN-7251,Tanzania,PMO - US,Direct Drop,FCA,Air,ARV,Adult,ABBVIE LOGISTICS (FORMERLY ABBOTT LOGISTICS BV),"Lopinavir/Ritonavir 200/50mg [Aluvia], tablets, 120 Tabs",Lopinavir/Ritonavir,Aluvia,200/50mg,Tablet,ABBVIE Ludwigshafen Germany,65579,120,9007,325693.12,36.16,0.3,702.19,2020,9169.63,TRUE,7/28/10,7/28/10,,3/12/10
108-VN-T30,FPQ-4720,SCMS-62470,ASN-6341,Vietnam,PMO - US,Direct Drop,EXW,Air,ARV,Adult,MYLAN LABORATORIES LTD (FORMERLY MATRIX LABORATORIES),"Tenofovir Disoproxil Fumarate 300mg, tablets, 30 Tabs",Tenofovir Disoproxil Fumarate,Generic,300mg,Tablet,Mylan (formerly Matrix) Nashik,65588,30,2856,21420,7.5,0.25,46.18,,,FALSE,4/1/10,4/1/10,,1/12/10
144-BW-T30,FPQ-4167,SCMS-54130,ASN-6032,Botswana,PMO - US,Direct Drop,EXW,Air,HRDT,HIV test - Ancillary,Orasure Technologies Inc.,"#109435**HIV, OraQuick Controls Kit, 3 Vials","HIV, OraQuick Controls Kit, 3 Vials",OraQuick,N/A,Test kit - Ancillary,"Orasure Technologies, Inc USA",65601,3,10,250,25,8.33,0.49,6,402.42,TRUE,3/1/10,3/1/10,,9/30/09
111-MZ-T30,FPQ-10606,SCMS-162160,ASN-17088,Mozambique,PMO - US,Direct Drop,EXW,Air,HRDT,HIV test - Ancillary,"Orgenics, Ltd","Chase Buffer, Determine, 100 Tests, 2.5ml x 1 Vial","Chase Buffer, Determine, 100 Tests, 2.5ml x 1 Vial",Determine,N/A,Test kit - Ancillary,"Alere Medical Co., Ltd.",65609,1,81,405,5,5,0.57,,,FALSE,12/25/12,12/25/12,,10/10/12
109-TZ-T30,FPQ-5900,SCMS-76980,ASN-7442,Tanzania,PMO - US,Direct Drop,EXW,Air,ARV,Adult,Aurobindo Pharma Limited,"Nevirapine 200mg, tablets, 60 Tabs",Nevirapine,Generic,200mg,Tablet,"Aurobindo Unit III, India",65617,60,28800,74880,2.6,0.04,161.44,3396,16416.58,TRUE,8/7/10,8/7/10,,6/24/10
116-ZA-T30,FPQ-4770,SCMS-60190,ASN-5907,South Africa,PMO - US,Direct Drop,DDP,Truck,ARV,Pediatric,S. BUYS WHOLESALER,"Lopinavir/Ritonavir 80/20mg/ml [Kaletra], oral solution, cool, Bottle 5 x 60 ml",Lopinavir/Ritonavir,Kaletra,80/20mg/ml,Oral solution,ABBVIE (Abbott) Logis. UK,65619,300,60,2433.47,40.56,0.14,5.25,,,FALSE,12/29/09,12/29/09,,12/23/09
117-ET-T30,FPQ-9096,SCMS-133360,ASN-14200,Ethiopia,PMO - US,Direct Drop,EXW,Air,HRDT,HIV test,"CHEMBIO DIAGNOSTIC SYSTEMS, INC.","HIV 1/2, Stat-Pak HIV, Kit, 20 Tests","HIV 1/2, Stat-Pak HIV, Kit",Stat-Pak,N/A,Test kit,Chembio Diagnostics Sys. Inc.,65621,20,44,1276,29,1.45,1.79,15,529.4,TRUE,3/27/12,3/27/12,,1/23/12
116-ZA-T30,FPQ-13973,SCMS-238572,ASN-27958,South Africa,PMO - US,Direct Drop,DDP,Truck,ARV,Pediatric,PHARMACY DIRECT,"Lopinavir/Ritonavir 80/20mg/ml [Kaletra], oral solution, cool, Bottle 5 x 60 ml",Lopinavir/Ritonavir,Kaletra,80/20mg/ml,Oral solution,ABBVIE (Abbott) Logis. UK,65630,300,4,88.27,22.07,0.07,0.09,,,TRUE,8/26/14,8/26/14,,8/26/14
119-NA-T30,FPQ-3983,SCMS-50140,ASN-4769,Namibia,PMO - US,Direct Drop,EXW,Air,HRDT,HIV test,"Trinity Biotech, Plc","HIV 1/2, Uni-Gold HIV Kit, 20 Tests","HIV 1/2, Uni-Gold HIV Kit",Uni-Gold,N/A,Test kit,"Trinity Biotech, Plc",65640,20,750,24000,32,1.6,47.04,265,2906.31,TRUE,8/31/09,8/31/09,,7/25/09
109-TZ-T30,FPQ-13804,SCMS-231090,ASN-25332,Tanzania,PMO - US,Direct Drop,EXW,Air,ARV,Adult,MYLAN LABORATORIES LTD (FORMERLY MATRIX LABORATORIES),"Abacavir 300mg, tablets, 60 Tabs",Abacavir,Generic,300mg,Tablet,Mylan (formerly Matrix) Nashik,65675,60,20000,221800,11.09,0.18,228.01,2069,9716.76,TRUE,6/24/14,6/24/14,,3/7/14
105-GY-T30,FPQ-10249,SCMS-153860,ASN-16350,Guyana,PMO - US,Direct Drop,EXW,Air,HRDT,HIV test,"CHEMBIO DIAGNOSTIC SYSTEMS, INC.","HIV 1/2, Stat-Pak HIV, Kit, 20 Tests","HIV 1/2, Stat-Pak HIV, Kit",Stat-Pak,N/A,Test kit,Chembio Diagnostics Sys. Inc.,65688,20,19,551,29,1.45,0.77,5,296.52,TRUE,9/18/12,9/18/12,,7/26/12
116-ZA-T30,FPQ-13035,SCMS-215370,ASN-24415,South Africa,PMO - US,Direct Drop,DDP,Truck,ARV,Adult,S. BUYS WHOLESALER,"Tenofovir Disoproxil Fumarate 300mg, tablets, 30 Tabs",Tenofovir Disoproxil Fumarate,Generic,300mg,Tablet,Hetero Unit III Hyderabad IN,65693,30,2906,54302.12,18.69,0.62,67.17,,,FALSE,2/6/14,2/6/14,,12/2/13
104-CI-T30,FPQ-8302,SCMS-124780,ASN-13202,Côte d'Ivoire,PMO - US,Direct Drop,FCA,Air,ARV,Adult,ABBVIE LOGISTICS (FORMERLY ABBOTT LOGISTICS BV),"Lopinavir/Ritonavir 200/50mg [Aluvia], tablets, 120 Tabs",Lopinavir/Ritonavir,Aluvia,200/50mg,Tablet,ABBVIE Ludwigshafen Germany,65699,120,28000,862960,30.82,0.26,1423.88,7025,46002.44,TRUE,12/22/11,12/22/11,,11/18/11
900-UG-T30,FPQ-10089,SCMS-149411,ASN-15514,Uganda,PMO - US,Direct Drop,EXW,Air,ARV,Adult,HETERO LABS LIMITED,"Lamivudine/Tenofovir Disoproxil Fumarate 300/300mg, tablets, 30 Tabs",Lamivudine/Tenofovir Disoproxil Fumarate,Generic,300/300mg,Tablet - FDC,Hetero Unit III Hyderabad IN,65709,30,100440,481107.6,4.79,0.16,674.51,,,FALSE,7/27/12,7/27/12,,6/12/12
106-HT-T30,FPQ-8537,SCMS-126310,ASN-13152,Haiti,PMO - US,Direct Drop,EXW,Air,ARV,Adult,MYLAN LABORATORIES LTD (FORMERLY MATRIX LABORATORIES),"Efavirenz/Lamivudine/Tenofovir Disoproxil Fumarate 600/300/300mg, tablets, 30 Tabs",Efavirenz/Lamivudine/Tenofovir Disoproxil Fumarate,Generic,600/300/300mg,Tablet - FDC,Mylan (formerly Matrix) Nashik,65716,30,5500,77550,14.1,0.47,108.73,647,4877.34,TRUE,12/22/11,12/22/11,,11/1/11
161-ZA-T30,FPQ-7175,SCMS-103830,ASN-13290,South Africa,PMO - US,Direct Drop,DDP,Ocean,ARV,Pediatric,CIPLA LIMITED,"Lamivudine 10mg/ml, oral solution, Bottle, 240 ml",Lamivudine,Generic,10mg/ml,Oral solution,"Cipla, Goa, India",65717,240,50000,103000,2.06,0.01,169.95,18417,11534.48,TRUE,1/27/12,1/27/12,,3/28/11
109-TZ-T30,FPQ-3782,SCMS-47740,ASN-4636,Tanzania,PMO - US,Direct Drop,FCA,Air,ARV,Adult,ABBVIE LOGISTICS (FORMERLY ABBOTT LOGISTICS BV),"Ritonavir 100mg [Norvir], capsules, cool, 4 x 84 Caps",Ritonavir,Norvir,100mg,Capsule,ABBVIE (Abbott) Logis. UK,65732,336,160,6137.6,38.36,0.11,12.03,325,2278.11,TRUE,9/9/09,9/9/09,,6/23/09
108-VN-T30,FPQ-13034,SCMS-210150,ASN-24398,Vietnam,PMO - US,Direct Drop,EXW,Air,ARV,Adult,HETERO LABS LIMITED,"Efavirenz 600mg, tablets, 30 Tabs",Efavirenz,Generic,600mg,Tablet,Hetero Unit III Hyderabad IN,65748,30,12984,42068.16,3.24,0.11,52.04,,,FALSE,4/23/14,4/23/14,,10/10/13
107-RW-T30,FPQ-10092,SCMS-149430,ASN-15379,Rwanda,PMO - US,Direct Drop,EXW,Air,ARV,Adult,HETERO LABS LIMITED,"Nevirapine 200mg, tablets, 60 Tabs",Nevirapine,Generic,200mg,Tablet,Hetero Unit III Hyderabad IN,65780,60,55710,130361.4,2.34,0.04,182.77,3204,19625.64,TRUE,7/20/12,7/20/12,,6/12/12
116-ZA-T30,FPQ-12522,SCMS-199289,ASN-28033,South Africa,PMO - US,Direct Drop,DDP,Truck,ARV,Adult,S. BUYS WHOLESALER,"Lamivudine/Zidovudine 150/300mg, tablets, 60 Tabs",Lamivudine/Zidovudine,Generic,150/300mg,Tablet - FDC,Hetero Unit III Hyderabad IN,65799,60,206,6746.05,32.75,0.55,8.34,,,FALSE,8/29/14,8/29/14,,8/29/14
116-ZA-T30,FPQ-12522,SCMS-199289,ASN-28037,South Africa,PMO - US,Direct Drop,DDP,Truck,ARV,Adult,S. BUYS WHOLESALER,"Zidovudine 300mg, tablets, 60 Tabs",Zidovudine,Generic,300mg,Tablet,"Aurobindo Unit III, India",65803,60,19,515.11,27.11,0.45,0.64,,,FALSE,8/29/14,8/29/14,,8/29/14
133-NG-T30,FPQ-7088,SCMS-100510,ASN-10320,Nigeria,PMO - US,Direct Drop,EXW,Air,HRDT,HIV test,"CHEMBIO DIAGNOSTIC SYSTEMS, INC.","HIV 1/2, Stat-Pak HIV, Kit, 20 Tests","HIV 1/2, Stat-Pak HIV, Kit",Stat-Pak,N/A,Test kit,Chembio Diagnostics Sys. Inc.,65836,20,1448,41992,29,1.45,69.29,482,3060.82,TRUE,5/25/11,5/25/11,,3/2/11
116-ZA-T30,FPQ-12522,SCMS-199283,ASN-27979,South Africa,PMO - US,Direct Drop,DDP,Truck,ARV,Adult,S. BUYS WHOLESALER,"Tenofovir Disoproxil Fumarate 300mg, tablets, 30 Tabs",Tenofovir Disoproxil Fumarate,Generic,300mg,Tablet,"Aurobindo Unit III, India",65849,30,132,2983.26,22.6,0.75,3.69,,,FALSE,8/27/14,8/27/14,,8/27/14
106-HT-T30,FPQ-7459,SCMS-106780,ASN-11663,Haiti,PMO - US,Direct Drop,DDU,Air,HRDT,HIV test,REINBOLD EXPORT IMPORT,"HIV 1/2, Determine Complete HIV Kit, 100 Tests","HIV 1/2, Determine Complete HIV Kit",Determine,N/A,Test kit,Inverness Japan,65940,100,1432,164680,115,1.15,271.72,,,TRUE,7/25/11,7/25/11,,4/29/11
108-VN-T30,FPQ-6818,SCMS-97820,ASN-10345,Vietnam,PMO - US,Direct Drop,EXW,Air,ARV,Adult,STRIDES ARCOLAB LIMITED,"Lamivudine/Nevirapine/Stavudine 150/200/30mg, tablets, 60 Tabs",Lamivudine/Nevirapine/Stavudine,Generic,150/200/30mg,Tablet - FDC,"Strides, Bangalore, India.",65978,60,9377,50542.03,5.39,0.09,83.39,692,8494.45,TRUE,4/13/11,4/13/11,,2/9/11
108-VN-T30,FPQ-9001,SCMS-134870,ASN-14921,Vietnam,PMO - US,Direct Drop,FCA,Air,ARV,Pediatric,ABBVIE LOGISTICS (FORMERLY ABBOTT LOGISTICS BV),"Lopinavir/Ritonavir 80/20mg/ml [Kaletra], oral solution, cool, Bottle 5 x 60 ml",Lopinavir/Ritonavir,Kaletra,80/20mg/ml,Oral solution,ABBVIE (Abbott) Logis. UK,65987,300,100,6082,60.82,0.2,8.53,164,742.1,TRUE,6/27/12,6/27/12,,1/25/12
107-RW-T30,FPQ-14113,SCMS-238800,ASN-26864,Rwanda,PMO - US,Direct Drop,FCA,Air,ARV,Pediatric,ABBVIE LOGISTICS (FORMERLY ABBOTT LOGISTICS BV),"Lopinavir/Ritonavir 80/20mg/ml [Kaletra], oral solution, cool, Bottle 5 x 60 ml",Lopinavir/Ritonavir,Kaletra,80/20mg/ml,Oral solution,ABBVIE (Abbott) Logis. UK,66000,300,316,9739.12,30.82,0.1,10.01,415,4399.65,TRUE,7/16/14,7/16/14,,6/2/14
161-ZA-T30,FPQ-5648,SCMS-75480,ASN-8649,South Africa,PMO - US,Direct Drop,DDP,Air,ARV,Pediatric,Aurobindo Pharma Limited,"Nevirapine 10mg/ml, oral suspension w/syringe, Bottle, 240 ml",Nevirapine,Generic,10mg/ml,Oral suspension,"Aurobindo Unit III, India",66030,240,19060,60039,3.15,0.01,129.44,7353,4876.34,TRUE,12/13/10,12/8/10,,6/17/10
108-VN-T30,FPQ-15823,SCMS-277290,ASN-33205,Vietnam,PMO - US,Direct Drop,FCA,Air,ARV,Adult,ABBVIE LOGISTICS (FORMERLY ABBOTT LOGISTICS BV),"Lopinavir/Ritonavir 200/50mg [Aluvia], tablets, 120 Tabs",Lopinavir/Ritonavir,Aluvia,200/50mg,Tablet,ABBVIE Ludwigshafen Germany,66062,120,5000,304000,60.8,0.51,357.81,,,TRUE,8/12/15,8/12/15,,3/2/15
161-ZA-T30,FPQ-7400,SCMS-104220,ASN-12743,South Africa,PMO - US,Direct Drop,DDP,Ocean,ARV,Pediatric,GLAXOSMITHKLINE EXPORT LIMITED,"Abacavir 20mg/ml [Ziagen], oral solution, Bottle, 240 ml",Abacavir,Ziagen,20mg/ml,Oral solution,GSK Mississauga (Canada),66073,240,2244,20824.32,9.28,0.04,34.36,870,3755.91,TRUE,1/9/12,1/9/12,,3/30/11
151-NG-T30,FPQ-13102,SCMS-212690,ASN-24552,Nigeria,PMO - US,Direct Drop,EXW,Air,ARV,Adult,Aurobindo Pharma Limited,"Zidovudine 300mg, tablets, 60 Tabs",Zidovudine,Generic,300mg,Tablet,"Aurobindo Unit III, India",66094,60,25932,140810.77,5.43,0.09,144.75,1548,11663.16,TRUE,4/14/14,4/14/14,,11/4/13
105-GH-T30,FPQ-14050,SCMS-236710,ASN-27675,Ghana,PMO - US,Direct Drop,EXW,Air,ARV,Adult,HETERO LABS LIMITED,"Lamivudine/Tenofovir Disoproxil Fumarate 300/300mg, tablets, 30 Tabs",Lamivudine/Tenofovir Disoproxil Fumarate,Generic,300/300mg,Tablet - FDC,Hetero Unit III Hyderabad IN,66100,30,45632,210819.84,4.62,0.15,216.72,4486,20394.49,TRUE,10/9/14,10/9/14,,5/23/14
161-ZA-T30,FPQ-6262,SCMS-84210,ASN-10109,South Africa,PMO - US,Direct Drop,DDP,Ocean,ARV,Adult,CIPLA LIMITED,"Nevirapine 200mg, tablets, 60 Tabs",Nevirapine,Generic,200mg,Tablet,"Cipla, Goa, India",66123,60,48446,135164.34,2.79,0.05,291.41,,,TRUE,4/5/11,5/5/11,,9/21/10
116-ZA-T30,FPQ-14942,SCMS-259079,ASN-33854,South Africa,PMO - US,Direct Drop,DDP,Truck,ARV,Adult,PHARMACY DIRECT,"Raltegravir 400mg [Isentress], tablets, 60 Tabs",Raltegravir,Isentress,400mg,Tablet,"MSD, Haarlem, NL",66145,60,3,197.26,65.75,1.1,0.2,,,FALSE,8/24/15,8/24/15,,10/9/14
108-VN-T30,FPQ-5317,SCMS-69720,ASN-7237,Vietnam,PMO - US,Direct Drop,EXW,Air,ARV,Adult,MYLAN LABORATORIES LTD (FORMERLY MATRIX LABORATORIES),"Tenofovir Disoproxil Fumarate 300mg, tablets, 30 Tabs",Tenofovir Disoproxil Fumarate,Generic,300mg,Tablet,Mylan (formerly Matrix) Nashik,66175,30,12084,84588,7,0.23,182.37,,,FALSE,7/2/10,7/2/10,,3/29/10
106-HT-T30,FPQ-15038,SCMS-263050,ASN-31197,Haiti,PMO - US,Direct Drop,EXW,Air,ARV,Adult,EMCURE PHARMACEUTICALS LTD,"Atazanavir/Ritonavir 300/100mg, tablets, 30 Tabs",Atazanavir/Ritonavir,Generic,300/100mg,Tablet,"Emcure Plot No.P-2, I.T-B.T. Park, Phase II, MIDC, Hinjwadi, Pune, India",66205,30,1000,18000,18,0.6,18.5,133,1604.56,TRUE,3/26/15,3/26/15,,12/24/14
114-UG-T30,FPQ-4373,SCMS-58240,ASN-6621,Uganda,PMO - US,Direct Drop,EXW,Air,ARV,Adult,ASPEN PHARMACARE,"Darunavir 300mg [Prezista], tablets, 120 Tabs",Darunavir,Prezista,300mg,Tablet,"Aspen-OSD, Port Elizabeth, SA",66207,120,102,9180,90,0.75,17.99,15,845.1,TRUE,4/21/10,4/21/10,,12/2/09
116-ZA-T30,FPQ-4770,SCMS-60190,ASN-5907,South Africa,PMO - US,Direct Drop,DDP,Truck,ARV,Pediatric,S. BUYS WHOLESALER,"Ritonavir 80mg/ml [Norvir], oral solution, cool, Bottle, 90 ml",Ritonavir,Norvir,80mg/ml,Oral solution,ABBVIE (Abbott) France,66218,90,5,46.16,9.23,0.1,0.1,,,FALSE,12/29/09,12/29/09,,12/23/09
104-CI-T30,FPQ-7325,SCMS-106590,ASN-11216,Côte d'Ivoire,PMO - US,Direct Drop,EXW,Air,HRDT,HIV test,"Orgenics, Ltd","HIV 1/2, Determine Complete HIV Kit, 100 Tests","HIV 1/2, Determine Complete HIV Kit",Determine,N/A,Test kit,Inverness Japan,66233,100,3236,258880,80,0.8,427.15,1543,37173.01,TRUE,7/12/11,7/12/11,,5/5/11
114-UG-T30,FPQ-14254,SCMS-239750,ASN-26608,Uganda,PMO - US,Direct Drop,EXW,Air,HRDT,HIV test,"Trinity Biotech, Plc","HIV 1/2, Uni-Gold HIV Kit, 20 Tests","HIV 1/2, Uni-Gold HIV Kit",Uni-Gold,N/A,Test kit,"Trinity Biotech, Plc",66236,20,750,24000,32,1.6,24.67,242,1899.22,TRUE,6/26/14,6/26/14,,5/20/14
116-ZA-T30,FPQ-13035,SCMS-215370,ASN-24415,South Africa,PMO - US,Direct Drop,DDP,Truck,ARV,Pediatric,S. BUYS WHOLESALER,"Abacavir 20mg/ml [Ziagen], oral solution, Bottle, 240 ml",Abacavir,Ziagen,20mg/ml,Oral solution,GSK Mississauga (Canada),66257,240,8,192.37,24.05,0.1,0.24,,,FALSE,2/6/14,2/6/14,,12/2/13
108-VN-T30,FPQ-16194,SCMS-285490,ASN-33144,Vietnam,PMO - US,Direct Drop,EXW,Air,ARV,Adult,HETERO LABS LIMITED,"Efavirenz/Lamivudine/Tenofovir Disoproxil Fumarate 600/300/300mg, tablets, 30 Tabs",Efavirenz/Lamivudine/Tenofovir Disoproxil Fumarate,Generic,600/300/300mg,Tablet - FDC,Hetero Unit III Hyderabad IN,66264,30,17760,168720,9.5,0.32,198.58,,,TRUE,9/7/15,9/7/15,,5/13/15
114-UG-T30,FPQ-9365,SCMS-142300,ASN-14824,Uganda,PMO - US,Direct Drop,DDP,Air,ARV,Adult,ASPEN PHARMACARE,"Darunavir 300mg [Prezista], tablets, 120 Tabs",Darunavir,Prezista,300mg,Tablet,"Aspen-OSD, Port Elizabeth, SA",66277,120,100,6660,66.6,0.55,9.34,14,527,TRUE,5/10/12,5/10/12,,4/17/12
108-VN-T30,FPQ-9001,SCMS-131650,ASN-14875,Vietnam,PMO - US,Direct Drop,EXW,Air,ARV,Pediatric,Aurobindo Pharma Limited,"Efavirenz 50mg, capsule, 30 Caps",Efavirenz,Generic,50mg,Capsule,"Aurobindo Unit III, India",66278,30,2065,4625.6,2.24,0.07,6.49,,,FALSE,6/5/12,6/5/12,,1/18/12
108-VN-T30,FPQ-11560,SCMS-177620,ASN-20367,Vietnam,PMO - US,Direct Drop,EXW,Air,ARV,Adult,MYLAN LABORATORIES LTD (FORMERLY MATRIX LABORATORIES),"Efavirenz/Lamivudine/Tenofovir Disoproxil Fumarate 600/300/300mg, tablets, 30 Tabs",Efavirenz/Lamivudine/Tenofovir Disoproxil Fumarate,Generic,600/300/300mg,Tablet - FDC,Mylan (formerly Matrix) Nashik,66307,30,32673,375412.78,11.49,0.38,464.39,3425,11077.85,TRUE,8/1/13,8/1/13,,2/13/13
111-MZ-T30,FPQ-5613,SCMS-81030,ASN-8093,Mozambique,PMO - US,Direct Drop,EXW,Air,HRDT,HIV test,"Trinity Biotech, Plc","HIV 1/2, Uni-Gold HIV Kit, 20 Tests","HIV 1/2, Uni-Gold HIV Kit",Uni-Gold,N/A,Test kit,"Trinity Biotech, Plc",66323,20,424,13568,32,1.6,29.25,145,2572.68,TRUE,9/29/10,9/29/10,,8/10/10
116-ZA-T30,FPQ-5535,SCMS-71370,ASN-7373,South Africa,PMO - US,Direct Drop,DDP,Truck,ARV,Pediatric,S. BUYS WHOLESALER,"Zidovudine 10mg/ml [Retrovir], oral solution, Bottle, 200 ml",Zidovudine,Retrovir,10mg/ml,Oral solution,GSK Mississauga (Canada),66333,200,400,2864.03,7.16,0.04,6.17,,,FALSE,5/31/10,5/31/10,,4/21/10
116-ZA-T30,FPQ-11828,SCMS-183950,ASN-19166,South Africa,South Africa Field Office,Direct Drop,DDP,Truck,ARV,Pediatric,S. BUYS WHOLESALER,"Zidovudine 10mg/ml, oral solution, Bottle, 240 ml",Zidovudine,Generic,10mg/ml,Oral solution,"Aurobindo Unit III, India",66338,240,145,1173.68,8.09,0.03,1.45,,,FALSE,4/16/13,4/16/13,,
900-SS-T30,FPQ-8611,SCMS-127500,ASN-13396,South Sudan,PMO - US,Direct Drop,EXW,Air,HRDT,HIV test,"Trinity Biotech, Plc","HIV 1/2, Uni-Gold HIV Kit, 20 Tests","HIV 1/2, Uni-Gold HIV Kit",Uni-Gold,N/A,Test kit,"Trinity Biotech, Plc",66349,20,240,7680,32,1.6,10.77,82,1504.59,TRUE,2/9/12,2/9/12,,11/16/11
116-ZA-T30,FPQ-14942,SCMS-259074,ASN-31070,South Africa,PMO - US,Direct Drop,DDP,Truck,ARV,Adult,PHARMACY DIRECT,"Lamivudine/Zidovudine 150/300mg, tablets, 60 Tabs",Lamivudine/Zidovudine,Generic,150/300mg,Tablet - FDC,"Aurobindo Unit III, India",66352,60,20,428.71,21.44,0.36,0.44,,,FALSE,3/9/15,3/9/15,,3/9/15
900-TZ-T30,FPQ-10396,SCMS-157661,ASN-17086,Tanzania,PMO - US,Direct Drop,EXW,Air,HRDT,HIV test,"Orgenics, Ltd","HIV 1/2, Determine Complete HIV Kit, 100 Tests","HIV 1/2, Determine Complete HIV Kit",Determine,N/A,Test kit,"Alere Medical Co., Ltd.",66355,100,840,67200,80,0.8,94.21,405,7765.61,TRUE,12/7/12,11/30/12,,10/4/12
109-TZ-T30,FPQ-12540,SCMS-198780,ASN-20858,Tanzania,PMO - US,Direct Drop,EXW,Air,ARV,Adult,Aurobindo Pharma Limited,"Lamivudine/Nevirapine/Zidovudine 150/200/300mg, tablets, 60 Tabs",Lamivudine/Nevirapine/Zidovudine,Generic,150/300/200mg,Tablet - FDC,"Aurobindo Unit III, India",66371,60,37012,300907.56,8.13,0.14,372.22,4699,17907.7,TRUE,9/24/13,9/24/13,,7/16/13
102-GY-T30,FPQ-4870,SCMS-63870,ASN-6095,Guyana,PMO - US,Direct Drop,EXW,Air,HRDT,HIV test,"Trinity Biotech, Plc","HIV 1/2, Uni-Gold HIV Kit, 20 Tests","HIV 1/2, Uni-Gold HIV Kit",Uni-Gold,N/A,Test kit,"Trinity Biotech, Plc",66373,20,2334,74688,32,1.6,161.03,807,6558.08,TRUE,3/4/10,3/4/10,,2/4/10
161-ZA-T30,FPQ-5648,SCMS-75540,ASN-7991,South Africa,PMO - US,Direct Drop,DDP,Ocean,ARV,Adult,STRIDES ARCOLAB LIMITED,"Nevirapine 200mg, tablets, 60 Tabs",Nevirapine,Generic,200mg,Tablet,"Strides, Bangalore, India.",66374,60,116000,327120,2.82,0.05,705.27,7193,8559.24,TRUE,10/22/10,10/22/10,,6/17/10
114-UG-T30,FPQ-11141,SCMS-173450,ASN-18894,Uganda,PMO - US,Direct Drop,EXW,Air,ARV,Pediatric,Aurobindo Pharma Limited,"Nevirapine 50mg, dispersible tablets (tablets for oral suspension), 30 Tabs",Nevirapine,Generic,50mg,Chewable/dispersible tablet,"Aurobindo Unit III, India",66383,30,961,1201.25,1.25,0.04,1.49,53,1203.4,TRUE,4/22/13,4/22/13,,2/5/13
110-ZM-T30,FPQ-4691,SCMS-60711,ASN-6615,Zambia,PMO - US,Direct Drop,EXW,Air,HRDT,HIV test,"Orgenics, Ltd","HIV 1/2, Determine Complete HIV Kit, 100 Tests","HIV 1/2, Determine Complete HIV Kit",Determine,N/A,Test kit,Inverness Japan,66420,100,1993,143496,72,0.72,309.38,967,14582.14,TRUE,5/3/10,4/26/10,,12/22/09
114-UG-T30,FPQ-4482,SCMS-52570,ASN-5536,Uganda,PMO - US,Direct Drop,FCA,Air,ARV,Adult,Hoffmann-La Roche ltd Basel,"Saquinavir 500mg [Invirase], tablets, 120 Tabs",Saquinavir,Invirase,500mg,Tablet,Roche Basel,66431,120,161,16125.1,100.16,0.83,34.77,30,1072.35,TRUE,12/3/09,12/3/09,,9/14/09
106-HT-T30,FPQ-11286,SCMS-176320,ASN-18407,Haiti,PMO - US,Direct Drop,EXW,Air,ARV,Adult,Aurobindo Pharma Limited,"Didanosine 400mg, delayed-release capsules, 30 Caps",Didanosine,Generic,400mg,Delayed-release capsules,"Aurobindo Unit III, India",66438,30,384,7680,20,0.67,9.5,30,1119.09,TRUE,3/11/13,3/11/13,,2/5/13
104-CI-T30,FPQ-13155,SCMS-217340,ASN-27114,Côte d'Ivoire,PMO - US,Direct Drop,EXW,Air,ARV,Adult,MYLAN LABORATORIES LTD (FORMERLY MATRIX LABORATORIES),"Atazanavir/Ritonavir 300/100mg, tablets, 30 Tabs",Atazanavir/Ritonavir,Generic,300/100mg,Tablet,Mylan (formerly Matrix) Nashik,66448,30,3200,64000,20,0.67,65.79,430,3587.34,TRUE,7/31/14,7/31/14,,12/4/13
108-VN-T30,FPQ-5094,SCMS-68780,ASN-7020,Vietnam,PMO - US,Direct Drop,FCA,Air,ARV,Adult,ABBVIE LOGISTICS (FORMERLY ABBOTT LOGISTICS BV),"Lopinavir/Ritonavir 200/50mg [Aluvia], tablets, 120 Tabs",Lopinavir/Ritonavir,Aluvia,200/50mg,Tablet,ABBVIE Ludwigshafen Germany,66449,120,8225,676095,82.2,0.68,1457.66,2018,10263.55,TRUE,6/22/10,6/22/10,,3/31/10
116-ZA-T30,FPQ-15269,SCMS-267020,ASN-29764,South Africa,PMO - US,Direct Drop,DDP,Truck,ARV,Adult,S. BUYS WHOLESALER,"Stavudine 30mg, capsules, 60 Caps",Stavudine,Generic,30mg,Capsule,"Aurobindo Unit III, India",66500,60,329,1159.91,3.53,0.06,1.37,,,FALSE,12/10/14,12/10/14,,12/10/14
108-VN-T30,FPQ-9001,SCMS-131650,ASN-14875,Vietnam,PMO - US,Direct Drop,EXW,Air,ARV,Pediatric,Aurobindo Pharma Limited,"Efavirenz 200mg, capsule, 90 Caps",Efavirenz,Generic,200mg,Capsule,"Aurobindo Unit III, India",66508,90,400,3128,7.82,0.09,4.39,,,FALSE,6/5/12,6/5/12,,1/18/12
116-ZA-T30,FPQ-4054,SCMS-51250,ASN-5056,South Africa,PMO - US,Direct Drop,DDP,Truck,ARV,Adult,S. BUYS WHOLESALER,"Nevirapine 200mg [Viramune], tablets, 60 Tabs",Nevirapine,Viramune,200mg,Tablet,"Boehringer Ing., Koropi, GR",66522,60,100,2156.36,21.56,0.36,4.23,,,FALSE,8/24/09,8/24/09,,8/7/09
900-SS-T30,FPQ-10504,SCMS-157880,ASN-16852,South Sudan,PMO - US,Direct Drop,EXW,Air,HRDT,HIV test - Ancillary,"Orgenics, Ltd","Chase Buffer, Determine, 100 Tests, 2.5ml x 1 Vial","Chase Buffer, Determine, 100 Tests, 2.5ml x 1 Vial",Determine,N/A,Test kit - Ancillary,"Alere Medical Co., Ltd.",66578,1,238,1190,5,5,1.67,,,FALSE,12/13/12,12/13/12,,8/21/12
133-NG-T30,FPQ-12456,SCMS-196560,ASN-21220,Nigeria,PMO - US,Direct Drop,EXW,Air,HRDT,HIV test,"Orgenics, Ltd","HIV 1/2, Determine Complete HIV Kit, 100 Tests","HIV 1/2, Determine Complete HIV Kit",Determine,N/A,Test kit,"Alere Medical Co., Ltd.",66585,100,3056,271984,89,0.89,336.44,1248,13325.5,TRUE,9/18/13,9/24/13,,7/10/13
108-VN-T30,FPQ-6384,SCMS-87770,ASN-9407,Vietnam,PMO - US,Direct Drop,EXW,Air,ARV,Adult,HETERO LABS LIMITED,"Stavudine 30mg, capsules, 60 Caps",Stavudine,Generic,30mg,Capsule,Hetero Unit III Hyderabad IN,66609,60,14428,20920.6,1.45,0.02,45.1,,,FALSE,2/9/11,2/9/11,,10/18/10
114-UG-T30,FPQ-14070,SCMS-237180,ASN-31555,Uganda,PMO - US,Direct Drop,EXW,Air,HRDT,HIV test,BIO-RAD LABORATORIES (FRANCE),"HIV 1/2, Genie III Kit, 50 Tests","HIV 1/2, Genie III Kit",Genie,N/A,Test kit,Bio-Rad Laboratories,66626,50,30,2982,99.4,1.99,3.07,17,660.77,TRUE,4/17/15,4/17/15,,4/30/14
161-ZA-T30,FPQ-5648,SCMS-75480,ASN-8326,South Africa,PMO - US,Direct Drop,DDP,Air,ARV,Pediatric,Aurobindo Pharma Limited,"Nevirapine 10mg/ml, oral suspension w/syringe, Bottle, 240 ml",Nevirapine,Generic,10mg/ml,Oral suspension,"Aurobindo Unit III, India",66641,240,19050,60007.5,3.15,0.01,129.38,7349,4876.34,TRUE,12/13/10,12/13/10,,6/17/10
133-NG-T30,FPQ-12456,SCMS-196561,ASN-22350,Nigeria,PMO - US,Direct Drop,EXW,Air,HRDT,HIV test,"Orgenics, Ltd","HIV 1/2, Determine Complete HIV Kit, 100 Tests","HIV 1/2, Determine Complete HIV Kit",Determine,N/A,Test kit,"Alere Medical Co., Ltd.",66663,100,3035,270115,89,0.89,334.13,1233,21084.84,TRUE,11/7/13,11/7/13,,7/10/13
108-VN-T30,FPQ-5317,SCMS-69711,ASN-7665,Vietnam,PMO - US,Direct Drop,EXW,Air,ARV,Adult,MYLAN LABORATORIES LTD (FORMERLY MATRIX LABORATORIES),"Efavirenz 600mg, tablets, 30 Tabs",Efavirenz,Generic,600mg,Tablet,Mylan (formerly Matrix) Nashik,66669,30,62369,268186.7,4.3,0.14,578.21,5009,17031.91,TRUE,8/13/10,8/13/10,,3/29/10
108-VN-T30,FPQ-6384,SCMS-87780,ASN-9408,Vietnam,PMO - US,Direct Drop,EXW,Air,ARV,Adult,HETERO LABS LIMITED,"Lamivudine/Nevirapine/Stavudine 150/200/30mg, tablets, 60 Tabs",Lamivudine/Nevirapine/Stavudine,Generic,150/200/30mg,Tablet - FDC,Hetero Unit III Hyderabad IN,66680,60,5200,24960,4.8,0.08,53.81,,,FALSE,2/16/11,2/16/11,,10/18/10
161-ZA-T30,FPQ-5303,SCMS-69030,ASN-7772,South Africa,PMO - US,Direct Drop,DDP,Air,ARV,Adult,Aurobindo Pharma Limited,"Zidovudine 300mg, tablets, 60 Tabs",Zidovudine,Generic,300mg,Tablet,"Aurobindo Unit III, India",66690,60,44168,328168.25,7.43,0.12,707.53,2373,1697.9,TRUE,9/20/10,9/20/10,,3/19/10
108-VN-T30,FPQ-13524,SCMS-226230,ASN-26347,Vietnam,PMO - US,Direct Drop,FCA,Air,ARV,Adult,ABBVIE LOGISTICS (FORMERLY ABBOTT LOGISTICS BV),"Ritonavir 100mg [Norvir], film coated tablets, 30 Tabs",Ritonavir,Norvir,100mg,Tablet,ABBVIE Ludwigshafen Germany,66713,30,450,10467,23.26,0.78,10.76,56,520.19,TRUE,7/2/14,7/2/14,,3/10/14
104-CI-T30,FPQ-9394,SCMS-141420,ASN-14873,Côte d'Ivoire,PMO - US,Direct Drop,EXW,Air,HRDT,HIV test,"Orgenics, Ltd","HIV 1/2, Determine Complete HIV Kit, 100 Tests","HIV 1/2, Determine Complete HIV Kit",Determine,N/A,Test kit,"Alere Medical Co., Ltd.",66762,100,3000,240000,80,0.8,336.48,1428,28142.92,TRUE,5/31/12,5/31/12,,3/22/12
114-UG-T30,FPQ-10788,SCMS-162750,ASN-18152,Uganda,PMO - US,Direct Drop,DAP,Air,ARV,Adult,ASPEN PHARMACARE,"Etravirine 100mg [Intelence], tablets, 120 Tabs",Etravirine,Intelence,100mg,Tablet,"Janssen-Cilag, Latina, IT",66768,120,178,6408,36,0.3,7.93,90,989,TRUE,2/13/13,2/13/13,,10/25/12
100-GN-T30,FPQ-4855,SCMS-63890,ASN-6143,Guinea,PMO - US,Direct Drop,EXW,Air,HRDT,HIV test,"Orgenics, Ltd","HIV 1/2, Determine Complete HIV Kit, 100 Tests","HIV 1/2, Determine Complete HIV Kit",Determine,N/A,Test kit,Inverness Japan,66782,100,50,3600,72,0.72,7.76,32,1804.2,TRUE,3/23/10,3/23/10,,1/22/10
108-VN-T30,FPQ-5094,SCMS-68370,ASN-7486,Vietnam,PMO - US,Direct Drop,EXW,Air,ARV,Adult,STRIDES ARCOLAB LIMITED,"Lamivudine 150mg, tablets, 60 Tabs",Lamivudine,Generic,150mg,Tablet,"Strides, Bangalore, India.",66792,60,43262,101665.7,2.35,0.04,219.19,2035,8711.4,TRUE,8/3/10,8/3/10,,3/24/10
108-VN-T30,FPQ-10287,SCMS-156320,ASN-17177,Vietnam,PMO - US,Direct Drop,EXW,Air,ARV,Adult,HETERO LABS LIMITED,"Abacavir 300mg, tablets, 60 Tabs",Abacavir,Generic,300mg,Tablet,Hetero Unit III Hyderabad IN,66809,60,615,7933.5,12.9,0.22,11.12,,,FALSE,12/5/12,12/5/12,,8/15/12
102-GY-T30,FPQ-4869,SCMS-63860,ASN-6373,Guyana,PMO - US,Direct Drop,EXW,Air,HRDT,HIV test,"Orgenics, Ltd","HIV 1/2, Determine Complete HIV Kit, 100 Tests","HIV 1/2, Determine Complete HIV Kit",Determine,N/A,Test kit,Inverness Japan,66811,100,237,21330,90,0.9,45.99,108,2058.84,TRUE,4/5/10,4/5/10,,2/4/10
109-TZ-T30,FPQ-4157,SCMS-52772,ASN-6356,Tanzania,PMO - US,Direct Drop,EXW,Air,HRDT,HIV test,"Trinity Biotech, Plc","HIV 1/2, Uni-Gold HIV Kit, 20 Tests","HIV 1/2, Uni-Gold HIV Kit",Uni-Gold,N/A,Test kit,"Trinity Biotech, Plc",66840,20,794,25408,32,1.6,49.8,277,3174.13,TRUE,5/24/10,5/24/10,,9/3/09
901-CM-T30,FPQ-12837,SCMS-204301,ASN-22787,Cameroon,PMO - US,Direct Drop,EXW,Air,ARV,Adult,Aurobindo Pharma Limited,"Zidovudine 300mg, tablets, 60 Tabs",Zidovudine,Generic,300mg,Tablet,"Aurobindo Unit III, India",66891,60,18180,98717.4,5.43,0.09,122.11,1007,11067.86,TRUE,12/4/13,12/4/13,,9/11/13
108-VN-T30,FPQ-6818,SCMS-98050,ASN-11023,Vietnam,PMO - US,Direct Drop,EXW,Air,ARV,Adult,MYLAN LABORATORIES LTD (FORMERLY MATRIX LABORATORIES),"Abacavir 300mg, tablets, 60 Tabs",Abacavir,Generic,300mg,Tablet,Mylan (formerly Matrix) Nashik,66925,60,64,960,15,0.25,1.58,,,FALSE,6/22/11,6/22/11,,2/15/11
101-CD-T30,FPQ-13555,SCMS-234230,ASN-26408,"Congo, DRC",PMO - US,Direct Drop,EXW,Air,ARV,Adult,Aurobindo Pharma Limited,"Didanosine 250mg, delayed-release capsules, 30 Caps",Didanosine,Generic,250mg,Delayed-release capsules,"Aurobindo Unit III, India",66946,30,100,758,7.58,0.25,0.78,9,734.66,TRUE,8/26/14,8/26/14,,5/5/14
161-ZA-T30,FPQ-6262,SCMS-83830,ASN-8905,South Africa,PMO - US,Direct Drop,DDP,Ocean,ARV,Adult,Aurobindo Pharma Limited,"Tenofovir Disoproxil Fumarate 300mg, tablets, 30 Tabs",Tenofovir Disoproxil Fumarate,Generic,300mg,Tablet,"Aurobindo Unit III, India",66967,30,116857,777099.06,6.65,0.22,1675.43,10907,7905.94,TRUE,1/6/11,1/6/11,,9/24/10
102-GY-T30,FPQ-4871,SCMS-63880,ASN-6085,Guyana,PMO - US,Direct Drop,EXW,Air,HRDT,HIV test,"CHEMBIO DIAGNOSTIC SYSTEMS, INC.","HIV 1/2, Stat-Pak HIV, Kit, 20 Tests","HIV 1/2, Stat-Pak HIV, Kit",Stat-Pak,N/A,Test kit,Chembio Diagnostics Sys. Inc.,66992,20,20,540,27,1.35,1.16,11,386.16,TRUE,3/4/10,3/4/10,,2/4/10
113-ZW-T30,FPQ-13939,SCMS-240570,ASN-27581,Zimbabwe,PMO - US,Direct Drop,EXW,Air Charter,ARV,Adult,HETERO LABS LIMITED,"Lamivudine/Tenofovir Disoproxil Fumarate 300/300mg, tablets, 30 Tabs",Lamivudine/Tenofovir Disoproxil Fumarate,Generic,300/300mg,Tablet - FDC,Hetero Unit III Hyderabad IN,67011,30,47136,217768.31,4.62,0.15,223.87,5151,29257.65,TRUE,9/17/14,9/17/14,,5/27/14
108-VN-T30,FPQ-4720,SCMS-62460,ASN-6355,Vietnam,PMO - US,Direct Drop,EXW,Air,ARV,Adult,MYLAN LABORATORIES LTD (FORMERLY MATRIX LABORATORIES),"Zidovudine 300mg, tablets, 60 Tabs",Zidovudine,Generic,300mg,Tablet,Mylan (formerly Matrix) Nashik,67022,60,336,2520,7.5,0.12,5.43,,,FALSE,3/29/10,3/29/10,,1/12/10
105-GY-T30,FPQ-14659,SCMS-256490,ASN-29130,Guyana,PMO - US,Direct Drop,EXW,Air,ARV,Adult,HETERO LABS LIMITED,"Emtricitabine/Tenofovir Disoproxil Fumarate 200/300mg, tablets, 30 Tabs",Emtricitabine/Tenofovir Disoproxil Fumarate,Generic,200/300mg,Tablet - FDC,Hetero Unit III Hyderabad IN,67023,30,2175,12158.25,5.59,0.19,12.5,252,2531.62,TRUE,12/10/14,12/10/14,,9/12/14
133-NG-T30,FPQ-12812,SCMS-210351,ASN-23949,Nigeria,PMO - US,Direct Drop,EXW,Air,HRDT,HIV test,"Orgenics, Ltd","HIV 1/2, Determine Complete HIV Kit, 100 Tests","HIV 1/2, Determine Complete HIV Kit",Determine,N/A,Test kit,"Alere Medical Co., Ltd.",67043,100,9312,828768,89,0.89,1025.19,3787,57017.68,TRUE,2/18/14,2/18/14,,11/1/13
107-RW-T30,FPQ-14090,SCMS-239700,ASN-28331,Rwanda,PMO - US,Direct Drop,EXW,Air,HRDT,HIV test,"Orgenics, Ltd","HIV 1/2, Determine Complete HIV Kit, 100 Tests","HIV 1/2, Determine Complete HIV Kit",Determine,N/A,Test kit,"Alere Medical Co., Ltd.",67057,100,1891,151280,80,0.8,155.52,766,14125.63,TRUE,10/17/14,10/17/14,,6/9/14
116-ZA-T30,FPQ-3560,SCMS-49660,ASN-5048,South Africa,PMO - US,Direct Drop,DDP,Truck,ARV,Adult,S. BUYS WHOLESALER,"Ritonavir 100mg [Norvir], capsules, cool, 84 Caps",Ritonavir,Norvir,100mg,Capsule,ABBVIE (Abbott) Logis. UK,67069,84,329,3345.72,10.17,0.12,6.56,,,TRUE,8/12/09,8/12/09,,7/21/09
108-VN-T30,FPQ-4843,SCMS-64410,ASN-6469,Vietnam,PMO - US,Direct Drop,CIP,Air,ARV,Pediatric,BRISTOL-MYERS SQUIBB,"Didanosine 25mg [Videx], chewable tablets, 60 Tabs",Didanosine,Videx,25mg,Chewable/dispersible tablet,"BMS Meymac, France",67077,60,520,3640,7,0.12,7.85,104,2658.09,TRUE,4/8/10,4/8/10,,2/2/10
106-HT-T30,FPQ-12590,SCMS-210490,ASN-23840,Haiti,PMO - US,Direct Drop,EXW,Air,ARV,Adult,STRIDES ARCOLAB LIMITED,"Efavirenz 600mg, tablets, 30 Tabs",Efavirenz,Generic,600mg,Tablet,"Strides, Bangalore, India.",67090,30,28080,89575.2,3.19,0.11,110.8,1772,11656.59,TRUE,2/17/14,2/17/14,,10/24/13
101-CD-T30,FPQ-16001,SCMS-280220,ASN-32231,"Congo, DRC",PMO - US,Direct Drop,EXW,Air,HRDT,HIV test,"Orgenics, Ltd","HIV 1/2, Determine Complete HIV Kit, 100 Tests","HIV 1/2, Determine Complete HIV Kit",Determine,N/A,Test kit,"Alere Medical Co., Ltd.",67091,100,81,6480,80,0.8,7.63,,,FALSE,7/23/15,7/23/15,,3/17/15
116-ZA-T30,FPQ-12522,SCMS-199283,ASN-27980,South Africa,PMO - US,Direct Drop,DDP,Truck,ARV,Adult,S. BUYS WHOLESALER,"Lamivudine 150mg, tablets, 60 Tabs",Lamivudine,Generic,150mg,Tablet,Hetero Unit III Hyderabad IN,67134,60,148,1457.49,9.85,0.16,1.8,,,FALSE,8/27/14,8/27/14,,8/27/14
104-CI-T30,FPQ-6663,SCMS-91840,ASN-9056,Côte d'Ivoire,PMO - US,Direct Drop,FCA,Air,ARV,Adult,ABBVIE LOGISTICS (FORMERLY ABBOTT LOGISTICS BV),"Lopinavir/Ritonavir 200/50mg [Aluvia], tablets, 120 Tabs",Lopinavir/Ritonavir,Aluvia,200/50mg,Tablet,ABBVIE Ludwigshafen Germany,67142,120,10280,371724.8,36.16,0.3,613.35,2573,13562.35,TRUE,1/14/11,1/14/11,,11/11/10
119-NA-T30,FPQ-4857,SCMS-62731,ASN-7211,Namibia,PMO - US,Direct Drop,EXW,Air,HRDT,HIV test,"Trinity Biotech, Plc","HIV 1/2, Uni-Gold HIV Kit, 20 Tests","HIV 1/2, Uni-Gold HIV Kit",Uni-Gold,N/A,Test kit,"Trinity Biotech, Plc",67150,20,500,16000,32,1.6,34.5,170,1691.15,TRUE,6/30/10,6/30/10,,1/8/10
114-UG-T30,FPQ-12477,SCMS-198720,ASN-21627,Uganda,PMO - US,Direct Drop,EXW,Ocean,ARV,Adult,MYLAN LABORATORIES LTD (FORMERLY MATRIX LABORATORIES),"Lamivudine/Nevirapine/Zidovudine 150/200/300mg, tablets, 60 Tabs",Lamivudine/Nevirapine/Zidovudine,Generic,150/300/200mg,Tablet - FDC,Mylan (formerly Matrix) Nashik,67153,60,165374,1339529.4,8.1,0.13,1657,,,FALSE,11/6/13,11/6/13,,7/31/13
102-MW-T30,FPQ-9454,SCMS-141450,ASN-14884,Malawi,PMO - US,Direct Drop,EXW,Air,HRDT,HIV test,"Orgenics, Ltd","HIV 1/2, Determine Complete HIV Kit, 100 Tests","HIV 1/2, Determine Complete HIV Kit",Determine,N/A,Test kit,"Alere Medical Co., Ltd.",67159,100,66,5280,80,0.8,7.4,30,1470.09,TRUE,5/23/12,5/23/12,,3/28/12
114-UG-T30,FPQ-4320,SCMS-58130,ASN-6153,Uganda,PMO - US,Direct Drop,FCA,Air,ARV,Adult,ABBVIE LOGISTICS (FORMERLY ABBOTT LOGISTICS BV),"Ritonavir 100mg [Norvir], capsules, cool, 4 x 84 Caps",Ritonavir,Norvir,100mg,Capsule,ABBVIE (Abbott) Logis. UK,67191,336,44,1687.84,38.36,0.11,3.31,116,985.78,TRUE,3/10/10,3/10/10,,11/26/09
113-ZW-T30,FPQ-13939,SCMS-240570,ASN-27583,Zimbabwe,PMO - US,Direct Drop,EXW,Air Charter,ARV,Adult,HETERO LABS LIMITED,"Lamivudine/Tenofovir Disoproxil Fumarate 300/300mg, tablets, 30 Tabs",Lamivudine/Tenofovir Disoproxil Fumarate,Generic,300/300mg,Tablet - FDC,Hetero Unit III Hyderabad IN,67194,30,42240,195148.8,4.62,0.15,200.61,4589,27376.22,TRUE,9/17/14,9/17/14,,5/27/14
105-GY-T30,FPQ-14048,SCMS-235750,ASN-26388,Guyana,PMO - US,Direct Drop,FCA,Air,ARV,Pediatric,ABBVIE LOGISTICS (FORMERLY ABBOTT LOGISTICS BV),"Lopinavir/Ritonavir 80/20mg/ml [Kaletra], oral solution, cool, Bottle 5 x 60 ml",Lopinavir/Ritonavir,Kaletra,80/20mg/ml,Oral solution,ABBVIE (Abbott) Logis. UK,67195,300,17,1033.94,60.82,0.2,1.06,50,828.23,TRUE,8/11/14,8/11/14,,4/28/14
161-ZA-T30,FPQ-6262,SCMS-83830,ASN-8903,South Africa,PMO - US,Direct Drop,DDP,Ocean,ARV,Pediatric,Aurobindo Pharma Limited,"Nevirapine 10mg/ml, oral suspension w/syringe, Bottle, 240 ml",Nevirapine,Generic,10mg/ml,Oral suspension,"Aurobindo Unit III, India",67199,240,35000,74200,2.12,0.01,159.98,12974,11138.89,TRUE,1/6/11,1/6/11,,9/24/10
116-ZA-T30,FPQ-14942,SCMS-259073,ASN-30671,South Africa,PMO - US,Direct Drop,DDP,Truck,ARV,Pediatric,PHARMACY DIRECT,"Abacavir 20mg/ml, oral solution, Bottle, 240 ml",Abacavir,Generic,20mg/ml,Oral solution,"Aurobindo Unit III, India",67203,240,23,407.34,17.71,0.07,0.42,,,FALSE,2/12/15,2/12/15,,2/12/15
105-SS-T30,FPQ-15569,SCMS-272150,ASN-31765,South Sudan,PMO - US,Direct Drop,EXW,Air,HRDT,HIV test,"Trinity Biotech, Plc","HIV 1/2, Uni-Gold HIV Kit, 20 Tests","HIV 1/2, Uni-Gold HIV Kit",Uni-Gold,N/A,Test kit,"Trinity Biotech, Plc",67225,20,18,576,32,1.6,0.68,,,FALSE,7/25/15,7/25/15,,2/20/15
107-RW-T30,FPQ-12518,SCMS-198222,ASN-24717,Rwanda,PMO - US,Direct Drop,EXW,Air,HRDT,HIV test,"SHANGHAI KEHUA BIOENGINEERING CO.,LTD.  (KHB)","HIV 1/2, SKB Colloidal Gold, Diagnostic Kit, Antibody, 50 Tests","HIV 1/2, Colloidal Gold, Diagnostic Kit, Antibody",Colloidal Gold,N/A,Test kit,"KHB Test Kit Facility, Shanghai China",67244,1,2988,73206,24.5,24.5,90.56,1992,26266.34,TRUE,3/27/14,3/27/14,,8/12/13
116-ZA-T30,FPQ-14942,SCMS-259084,ASN-33331,South Africa,PMO - US,Direct Drop,DDP,Truck,ARV,Pediatric,PHARMACY DIRECT,"Lopinavir/Ritonavir 80/20mg/ml [Kaletra], oral solution, cool, Bottle 5 x 60 ml",Lopinavir/Ritonavir,Kaletra,80/20mg/ml,Oral solution,ABBVIE (Abbott) Logis. UK,67248,300,4,68.56,17.14,0.06,0.07,,,TRUE,7/14/15,7/14/15,,7/14/15
109-TZ-T30,FPQ-7909,SCMS-114990,ASN-12162,Tanzania,PMO - US,Direct Drop,EXW,Air,HRDT,HIV test,"Standard Diagnostics, Inc.","HIV 1/2, Bioline 3.0 Kit, Lancets, Capillary pipets, Alcohol swabs included, 25 Tests","HIV 1/2, Bioline 3.0 Kit, Lancets, Capillary pipets, Alcohol swabs included",Bioline,N/A,Test kit,"Standard Diagnostics, Korea",67263,25,10000,200000,20,0.8,330,3334,22523.12,TRUE,9/29/11,10/5/11,,7/18/11
111-MZ-T30,FPQ-10369,SCMS-157230,ASN-16634,Mozambique,PMO - US,Direct Drop,EXW,Air,HRDT,HIV test,"Orgenics, Ltd","HIV 1/2, Determine Kit without Lancets, Buffer or Caplillary Tubes, 100 Tests","HIV 1/2, Determine Kit without Lancets, Buffer or Capillary Tubes, 100 Tests",Determine,N/A,Test kit,"Alere Medical Co., Ltd.",67300,100,215,15512.25,72.15,0.72,21.75,,,FALSE,10/18/12,10/18/12,,8/22/12
107-RW-T30,FPQ-15695,SCMS-276400,ASN-31756,Rwanda,PMO - US,Direct Drop,FCA,Air,ARV,Pediatric,ABBVIE LOGISTICS (FORMERLY ABBOTT LOGISTICS BV),"Lopinavir/Ritonavir 100/25mg [Aluvia], tablets, 60 Tabs",Lopinavir/Ritonavir,Generic,100/25mg,Tablet,ABBVIE Ludwigshafen Germany,67308,60,642,3813.48,5.94,0.1,4.49,83,929.85,TRUE,5/11/15,5/11/15,,2/23/15
104-CI-T30,FPQ-5518,SCMS-61091,ASN-6764,Côte d'Ivoire,PMO - US,Direct Drop,EXW,Air,ARV,Pediatric,Aurobindo Pharma Limited,"Didanosine 200mg, chewable/dispersible tablets, 60 Tabs",Didanosine,Generic,200mg,Chewable/dispersible tablet,"Aurobindo Unit III, India",67321,60,712,10680,15,0.25,23.03,147,1836.81,TRUE,5/26/10,5/26/10,,4/15/10
144-BW-T30,FPQ-4167,SCMS-54120,ASN-8574,Botswana,PMO - US,Direct Drop,EXW,Air,HRDT,HIV test,"Trinity Biotech, Plc","HIV 1/2, Uni-Gold HIV Kit, 20 Tests","HIV 1/2, Uni-Gold HIV Kit",Uni-Gold,N/A,Test kit,"Trinity Biotech, Plc",67372,20,5,160,32,1.6,0.31,2,634.36,TRUE,11/22/10,11/22/10,,9/30/09
108-VN-T30,FPQ-5317,SCMS-69240,ASN-7581,Vietnam,PMO - US,Direct Drop,EXW,Air,ARV,Adult,Aurobindo Pharma Limited,"Stavudine 30mg, capsules, 60 Caps",Stavudine,Generic,30mg,Capsule,"Aurobindo Unit III, India",67389,60,28496,39894.4,1.4,0.02,86.01,,,FALSE,8/13/10,8/13/10,,3/25/10
116-ZA-T30,FPQ-13973,SCMS-238551,ASN-26882,South Africa,PMO - US,Direct Drop,DDP,Truck,ARV,Adult,PHARMACY DIRECT,"Tenofovir Disoproxil Fumarate 300mg, tablets, 30 Tabs",Tenofovir Disoproxil Fumarate,Generic,300mg,Tablet,Mylan (formerly Matrix) Nashik,67448,30,91,1644.26,18.07,0.6,1.69,,,FALSE,6/25/14,6/25/14,,6/25/14
101-CD-T30,FPQ-13548,SCMS-224840,ASN-24721,"Congo, DRC",PMO - US,Direct Drop,EXW,Air,HRDT,HIV test,"Trinity Biotech, Plc","HIV 1/2, Uni-Gold HIV Kit, 20 Tests","HIV 1/2, Uni-Gold HIV Kit",Uni-Gold,N/A,Test kit,"Trinity Biotech, Plc",67449,20,6,192,32,1.6,0.2,,,FALSE,4/4/14,4/4/14,,1/28/14
161-ZA-T30,FPQ-5303,SCMS-69010,ASN-7317,South Africa,PMO - US,Direct Drop,DDP,Air,ARV,Adult,Aurobindo Pharma Limited,"Zidovudine 300mg, tablets, 60 Tabs",Zidovudine,Generic,300mg,Tablet,"Aurobindo Unit III, India",67476,60,23800,176834,7.43,0.12,381.25,1273,3296.58,TRUE,6/24/10,6/24/10,,3/19/10
117-ET-T30,FPQ-7065,SCMS-98701,ASN-11156,Ethiopia,PMO - US,Direct Drop,EXW,Air,ARV,Adult,Aurobindo Pharma Limited,"Lopinavir/Ritonavir 200/50mg, tablets, 120 Tabs",Lopinavir/Ritonavir,Generic,200/50mg,Tablet,"Aurobindo Unit III, India",67501,120,14498,487132.8,33.6,0.28,803.77,3685,16359.2,TRUE,6/28/11,6/28/11,,2/15/11
109-TZ-T30,FPQ-12286,SCMS-193850,ASN-20160,Tanzania,PMO - US,Direct Drop,EXW,Air,ARV,Adult,Aurobindo Pharma Limited,"Lamivudine/Nevirapine/Zidovudine 150/200/300mg, tablets, 60 Tabs",Lamivudine/Nevirapine/Zidovudine,Generic,150/300/200mg,Tablet - FDC,"Aurobindo Unit III, India",67509,60,32002,260816.3,8.15,0.14,322.63,4059,17997.84,TRUE,8/24/13,8/24/13,,6/11/13
116-ZA-T30,FPQ-14942,SCMS-295800,ASN-33865,South Africa,PMO - US,Direct Drop,DDP,Truck,ARV,Adult,PHARMACY DIRECT,"Zidovudine 300mg, tablets, 60 Tabs",Zidovudine,Generic,300mg,Tablet,"Aurobindo Unit III, India",67526,60,14,270.58,19.33,0.32,0.28,,,FALSE,8/24/15,8/24/15,,8/24/15
151-NG-T30,FPQ-4574,SCMS-59990,ASN-6680,Nigeria,PMO - US,Direct Drop,FCA,Air,ARV,Adult,Hoffmann-La Roche ltd Basel,"Saquinavir 500mg [Invirase], tablets, 120 Tabs",Saquinavir,Invirase,500mg,Tablet,Roche Basel,67541,120,2106,207249.44,98.41,0.82,446.83,,,TRUE,5/21/10,5/21/10,,12/22/09
111-MZ-T30,FPQ-15221,SCMS-270120,ASN-32420,Mozambique,PMO - US,Direct Drop,CIP,Air,ARV,Adult,MERCK SHARP & DOHME IDEA GMBH (FORMALLY MERCK SHARP & DOHME B.V.),"Raltegravir 400mg [Isentress], tablets, 60 Tabs",Raltegravir,Isentress,400mg,Tablet,"MSD, Haarlem, NL",67551,60,52,2886,55.5,0.92,3.4,,,TRUE,6/9/15,6/9/15,,12/19/14
109-TZ-T30,FPQ-10394,SCMS-156520,ASN-16036,Tanzania,PMO - US,Direct Drop,EXW,Air,ARV,Adult,Aurobindo Pharma Limited,"Lamivudine/Zidovudine 150/300mg, tablets, 60 Tabs",Lamivudine/Zidovudine,Generic,150/300mg,Tablet - FDC,"Aurobindo Unit III, India",67562,60,37589,268761.34,7.15,0.12,376.8,3267,13180.76,TRUE,9/27/12,9/27/12,,8/9/12
101-CD-T30,FPQ-16001,SCMS-280220,ASN-32231,"Congo, DRC",PMO - US,Direct Drop,EXW,Air,HRDT,HIV test,"Orgenics, Ltd","HIV 1/2, Determine Complete HIV Kit, 100 Tests","HIV 1/2, Determine Complete HIV Kit",Determine,N/A,Test kit,"Alere Medical Co., Ltd.",67597,100,263,21040,80,0.8,24.76,,,FALSE,7/23/15,7/23/15,,3/17/15
110-ZM-T30,FPQ-5987,SCMS-77910,ASN-8037,Zambia,PMO - US,Direct Drop,CIP,Air,ARV,Adult,ABBVIE LOGISTICS (FORMERLY ABBOTT LOGISTICS BV),"Lopinavir/Ritonavir 200/50mg [Aluvia], tablets, 120 Tabs",Lopinavir/Ritonavir,Aluvia,200/50mg,Tablet,ABBVIE Ludwigshafen Germany,67600,120,22000,816200,37.1,0.31,1759.73,4959,2173.4,TRUE,9/15/10,9/15/10,,11/17/09
105-SS-T30,FPQ-15569,SCMS-272160,ASN-31337,South Sudan,PMO - US,Direct Drop,EXW,Air,HRDT,HIV test,"Orgenics, Ltd","HIV 1/2, Determine Complete HIV Kit, 100 Tests","HIV 1/2, Determine Complete HIV Kit",Determine,N/A,Test kit,"Alere Medical Co., Ltd.",67614,100,90,8010,89,0.89,9.43,,,FALSE,6/3/15,6/3/15,,2/20/15
116-ZA-T30,FPQ-13973,SCMS-238554,ASN-28629,South Africa,PMO - US,Direct Drop,DDP,Truck,ARV,Adult,PHARMACY DIRECT,"Etravirine 100mg [Intelence], tablets, 120 Tabs",Etravirine,Intelence,100mg,Tablet,"Janssen-Cilag, Latina, IT",67634,120,33,1168.83,35.42,0.3,1.2,,,TRUE,10/3/14,10/3/14,,10/3/14
116-ZA-T30,FPQ-13973,SCMS-238551,ASN-26882,South Africa,PMO - US,Direct Drop,DDP,Truck,ARV,Adult,PHARMACY DIRECT,"Emtricitabine/Tenofovir Disoproxil Fumarate 200/300mg, tablets, 30 Tabs",Emtricitabine/Tenofovir Disoproxil Fumarate,Generic,200/300mg,Tablet - FDC,"Aurobindo Unit III, India",67654,30,11,332.32,30.21,1.01,0.34,,,FALSE,6/25/14,6/25/14,,6/25/14
105-GY-T30,FPQ-12626,SCMS-201380,ASN-22952,Guyana,PMO - US,Direct Drop,EXW,Air,ARV,Pediatric,Aurobindo Pharma Limited,"Zidovudine 100mg, capsules, 100 Caps",Zidovudine,Generic,100mg,Capsule,"Aurobindo Unit III, India",67661,100,114,513,4.5,0.04,0.63,5,672.49,TRUE,12/4/13,12/4/13,,8/2/13
116-ZA-T30,FPQ-14942,SCMS-259075,ASN-32122,South Africa,PMO - US,Direct Drop,DDP,Truck,ARV,Pediatric,PHARMACY DIRECT,"Efavirenz 200mg, capsule, 90 Caps",Efavirenz,Generic,200mg,Capsule,"Aurobindo Unit III, India",67666,90,12,204.53,17.04,0.19,0.21,,,FALSE,5/12/15,5/12/15,,5/11/15
104-CI-T30,FPQ-13155,SCMS-216970,ASN-25670,Côte d'Ivoire,PMO - US,Direct Drop,FCA,Air,ARV,Adult,ABBVIE LOGISTICS (FORMERLY ABBOTT LOGISTICS BV),"Ritonavir 100mg [Norvir], film coated tablets, 60 Tabs",Ritonavir,Norvir,100mg,Tablet,ABBVIE Ludwigshafen Germany,67703,60,3000,20550,6.85,0.11,21.13,385,3765.28,TRUE,4/25/14,4/25/14,,12/4/13
108-VN-T30,FPQ-5317,SCMS-69250,ASN-7661,Vietnam,PMO - US,Direct Drop,EXW,Air,ARV,Adult,Aurobindo Pharma Limited,"Stavudine 30mg, capsules, 60 Caps",Stavudine,Generic,30mg,Capsule,"Aurobindo Unit III, India",67717,60,21504,30105.6,1.4,0.02,64.91,,,FALSE,8/13/10,8/13/10,,3/25/10
105-SS-T30,FPQ-15569,SCMS-272160,ASN-31331,South Sudan,PMO - US,Direct Drop,EXW,Air,HRDT,HIV test - Ancillary,"Orgenics, Ltd","Chase Buffer, Determine, 100 Tests, 2.5ml x 1 Vial","Chase Buffer, Determine, 100 Tests, 2.5ml x 1 Vial",Determine,N/A,Test kit - Ancillary,"Alere Medical Co., Ltd.",67720,1,50,250,5,5,0.29,,,FALSE,6/3/15,6/3/15,,2/20/15
104-CI-T30,FPQ-14068,SCMS-237930,ASN-26334,Côte d'Ivoire,PMO - US,Direct Drop,EXW,Air,ARV,Adult,Aurobindo Pharma Limited,"Didanosine 250mg, delayed-release capsules, 30 Caps",Didanosine,Generic,250mg,Delayed-release capsules,"Aurobindo Unit III, India",67739,30,1984,15038.72,7.58,0.25,15.46,46,1899.89,TRUE,6/11/14,6/11/14,,5/7/14
109-TZ-T30,FPQ-7680,SCMS-111660,ASN-11623,Tanzania,PMO - US,Direct Drop,EXW,Air,ARV,Pediatric,EMCURE PHARMACEUTICALS LTD,"Atazanavir 150mg, capsules, 60 Caps",Atazanavir,Generic,150mg,Capsule,"Emcure Plot No.P-2, I.T-B.T. Park, Phase II, MIDC, Hinjwadi, Pune, India",67753,60,1028,22616,22,0.37,37.32,107,1794.89,TRUE,9/29/11,9/29/11,,6/22/11
116-ZA-T30,FPQ-11828,SCMS-183950,ASN-19166,South Africa,South Africa Field Office,Direct Drop,DDP,Truck,ARV,Adult,S. BUYS WHOLESALER,"Lamivudine/Zidovudine 150/300mg, tablets, 60 Tabs",Lamivudine/Zidovudine,Generic,150/300mg,Tablet - FDC,"Cipla, Goa, India",67759,60,287,4059.7,14.15,0.24,5.02,,,FALSE,4/16/13,4/16/13,,
105-DO-T30,FPQ-12359,SCMS-202330,ASN-22277,Dominican Republic,PMO - US,Direct Drop,EXW,Air,HRDT,HIV test,"Standard Diagnostics, Inc.","HIV 1/2, Determine Complete HIV Kit, 100 Tests","HIV 1/2, Determine Complete HIV Kit",Determine,N/A,Test kit,"Alere Medical Co., Ltd.",67769,100,112,0,0,0,0,,,FALSE,10/29/13,10/29/13,,8/7/13
108-VN-T30,FPQ-4662,SCMS-58610,ASN-5841,Vietnam,PMO - US,Direct Drop,EXW,Air,ARV,Adult,STRIDES ARCOLAB LIMITED,"Stavudine 30mg, capsules, 60 Caps",Stavudine,Generic,30mg,Capsule,"Strides, Bangalore, India.",67776,60,672,940.8,1.4,0.02,2.03,32,1701.1,TRUE,1/25/10,1/25/10,,12/8/09
107-RW-T30,FPQ-8742,SCMS-137410,ASN-15442,Rwanda,PMO - US,Direct Drop,EXW,Air,ARV,Adult,HETERO LABS LIMITED,"Efavirenz 600mg, tablets, 30 Tabs",Efavirenz,Generic,600mg,Tablet,Hetero Unit III Hyderabad IN,67806,30,3007,10734.99,3.57,0.12,15.05,262,3840.85,TRUE,7/20/12,7/20/12,,5/18/12
108-VN-T30,FPQ-15692,SCMS-274360,ASN-32779,Vietnam,PMO - US,Direct Drop,EXW,Air,ARV,Adult,MYLAN LABORATORIES LTD (FORMERLY MATRIX LABORATORIES),"Lamivudine/Zidovudine 150/300mg, tablets, 60 Tabs",Lamivudine/Zidovudine,Generic,150/300mg,Tablet - FDC,Mylan (formerly Matrix) Nashik,67854,60,20000,129800,6.49,0.11,152.77,1748,3868.49,TRUE,7/30/15,7/30/15,,2/17/15
900-TZ-T30,FPQ-10396,SCMS-157661,ASN-17084,Tanzania,PMO - US,Direct Drop,EXW,Air,HRDT,HIV test,"Orgenics, Ltd","HIV 1/2, Determine Complete HIV Kit, 100 Tests","HIV 1/2, Determine Complete HIV Kit",Determine,N/A,Test kit,"Alere Medical Co., Ltd.",67864,100,2744,219520,80,0.8,307.77,1303,22617.38,TRUE,12/7/12,12/7/12,,10/4/12
104-CI-T30,FPQ-4381,SCMS-57601,ASN-10179,Côte d'Ivoire,PMO - US,Direct Drop,FCA,Air,ARV,Adult,ABBVIE LOGISTICS (FORMERLY ABBOTT LOGISTICS BV),"Ritonavir 100mg [Norvir], film coated tablets, 60 Tabs",Ritonavir,Norvir,100mg,Tablet,ABBVIE Ludwigshafen Germany,67868,60,3450,23632.5,6.85,0.11,46.32,440,4588.02,TRUE,4/29/11,4/29/11,,11/23/09
161-ZA-T30,FPQ-5648,SCMS-75460,ASN-8900,South Africa,PMO - US,Direct Drop,DDP,Ocean,ARV,Adult,Aurobindo Pharma Limited,"Lamivudine 150mg, tablets, 60 Tabs",Lamivudine,Generic,150mg,Tablet,"Aurobindo Unit III, India",67917,60,19172,46396.24,2.42,0.04,100.03,,,TRUE,3/4/11,1/6/11,,6/17/10
116-ZA-T30,FPQ-14942,SCMS-295800,ASN-33865,South Africa,PMO - US,Direct Drop,DDP,Truck,ARV,Adult,PHARMACY DIRECT,"Nevirapine 200mg, tablets, 60 Tabs",Nevirapine,Generic,200mg,Tablet,"Aurobindo Unit III, India",67925,60,18,247.28,13.74,0.23,0.25,,,FALSE,8/24/15,8/24/15,,8/24/15
133-NG-T30,FPQ-10765,SCMS-162440,ASN-17525,Nigeria,PMO - US,Direct Drop,EXW,Air,HRDT,HIV test,"Orgenics, Ltd","HIV 1/2, Determine Complete HIV Kit, 100 Tests","HIV 1/2, Determine Complete HIV Kit",Determine,N/A,Test kit,"Alere Medical Co., Ltd.",67980,100,2744,244216,89,0.89,342.39,1186,24927.19,TRUE,1/9/13,1/8/13,,10/16/12
100-ZW-T30,FPQ-5018,SCMS-65350,ASN-6752,Zimbabwe,PMO - US,Direct Drop,EXW,Air,HRDT,HIV test,"Orgenics, Ltd","HIV 1/2, Determine Complete HIV Kit, 100 Tests","HIV 1/2, Determine Complete HIV Kit",Determine,N/A,Test kit,Inverness Japan,68007,100,2100,151200,72,0.72,325.99,1016,18862.39,TRUE,5/20/10,5/20/10,,2/17/10
108-VN-T30,FPQ-11418,SCMS-176270,ASN-19859,Vietnam,PMO - US,Direct Drop,EXW,Air,ARV,Adult,HETERO LABS LIMITED,"Lamivudine/Nevirapine/Zidovudine 150/200/300mg, tablets, 60 Tabs",Lamivudine/Nevirapine/Zidovudine,Generic,150/300/200mg,Tablet - FDC,Hetero Unit III Hyderabad IN,68050,60,4555,37396.55,8.21,0.14,46.26,,,FALSE,7/5/13,7/5/13,,2/6/13
108-VN-T30,FPQ-4266,SCMS-56290,ASN-6251,Vietnam,PMO - US,Direct Drop,EXW,Air,ARV,Adult,MYLAN LABORATORIES LTD (FORMERLY MATRIX LABORATORIES),"Zidovudine 300mg, tablets, 60 Tabs",Zidovudine,Generic,300mg,Tablet,Mylan (formerly Matrix) Nashik,68096,60,840,6300,7.5,0.12,12.35,57,8747.56,TRUE,3/22/10,3/22/10,,11/2/09
116-ZA-T30,FPQ-13973,SCMS-238554,ASN-28629,South Africa,PMO - US,Direct Drop,DDP,Truck,ARV,Adult,PHARMACY DIRECT,"Darunavir 300mg [Prezista], tablets, 120 Tabs",Darunavir,Prezista,300mg,Tablet,"Janssen-Cilag, Latina, IT",68110,120,36,2509.54,69.71,0.58,2.58,,,FALSE,10/3/14,10/3/14,,10/3/14
116-ZA-T30,FPQ-13973,SCMS-238551,ASN-26882,South Africa,PMO - US,Direct Drop,DDP,Truck,ARV,Adult,PHARMACY DIRECT,"Efavirenz 600mg, tablets, 30 Tabs",Efavirenz,Generic,600mg,Tablet,"Aurobindo Unit III, India",68116,30,106,1653.18,15.6,0.52,1.7,,,FALSE,6/25/14,6/25/14,,6/25/14
116-ZA-T30,FPQ-12522,SCMS-199280,ASN-24433,South Africa,PMO - US,Direct Drop,DDP,Truck,ARV,Adult,S. BUYS WHOLESALER,"Lamivudine 150mg, tablets, 60 Tabs",Lamivudine,Generic,150mg,Tablet,Hetero Unit III Hyderabad IN,68117,60,415,4049.18,9.76,0.16,5.01,,,FALSE,2/7/14,2/7/14,,8/13/13
109-TZ-T30,FPQ-9211,SCMS-135870,ASN-13851,Tanzania,PMO - US,Direct Drop,EXW,Air,HRDT,HIV test,"Orgenics, Ltd","HIV 1/2, Determine Complete HIV Kit, 100 Tests","HIV 1/2, Determine Complete HIV Kit",Determine,N/A,Test kit,"Alere Medical Co., Ltd.",68126,100,1044,83520,80,0.8,117.1,499,9894.85,TRUE,3/7/12,3/8/12,,1/27/12
105-SS-T30,FPQ-12623,SCMS-200920,ASN-21751,South Sudan,PMO - US,Direct Drop,EXW,Air,HRDT,HIV test,"Trinity Biotech, Plc","HIV 1/2, Uni-Gold HIV Kit, 20 Tests","HIV 1/2, Uni-Gold HIV Kit",Uni-Gold,N/A,Test kit,"Trinity Biotech, Plc",68128,20,25,800,32,1.6,0.99,,,FALSE,10/18/13,10/18/13,,8/6/13
109-TZ-T30,FPQ-6936,SCMS-100630,ASN-10756,Tanzania,PMO - US,Direct Drop,EXW,Air,HRDT,HIV test,"Standard Diagnostics, Inc.","HIV 1/2, Bioline 3.0 Kit, Lancets, Capillary pipets, Alcohol swabs included, 25 Tests","HIV 1/2, Bioline 3.0 Kit, Lancets, Capillary pipets, Alcohol swabs included",Bioline,N/A,Test kit,"Standard Diagnostics, Korea",68138,25,10000,200000,20,0.8,330,3335,24382.98,TRUE,6/9/11,6/9/11,,3/9/11
109-TZ-T30,FPQ-12588,SCMS-200850,ASN-22193,Tanzania,PMO - US,Direct Drop,EXW,Air,ARV,Pediatric,Aurobindo Pharma Limited,"Efavirenz 50mg, capsule, 30 Caps",Efavirenz,Generic,50mg,Capsule,"Aurobindo Unit III, India",68186,30,3550,5538,1.56,0.05,6.85,255,2454.46,TRUE,11/13/13,11/13/13,,8/2/13
116-ZA-T30,FPQ-4770,SCMS-60170,ASN-5934,South Africa,PMO - US,Direct Drop,DDP,Truck,ARV,Pediatric,S. BUYS WHOLESALER,"Lamivudine 10mg/ml [Epivir], oral solution, Bottle, 240 ml",Lamivudine,Epivir,10mg/ml,Oral solution,GSK Mississauga (Canada),68207,240,800,4943.88,6.18,0.03,10.66,,,FALSE,12/28/09,12/28/09,,12/23/09
104-CI-T30,FPQ-14372,SCMS-246570,ASN-31173,Côte d'Ivoire,PMO - US,Direct Drop,FCA,Air,ARV,Pediatric,ABBVIE LOGISTICS (FORMERLY ABBOTT LOGISTICS BV),"Lopinavir/Ritonavir 80/20mg/ml [Kaletra], oral solution, cool, Bottle 5 x 60 ml",Lopinavir/Ritonavir,Kaletra,80/20mg/ml,Oral solution,ABBVIE (Abbott) Logis. UK,68219,300,745,22960.9,30.82,0.1,23.6,844,9768.22,TRUE,4/9/15,4/9/15,,7/31/14
108-VN-T30,FPQ-4720,SCMS-62380,ASN-6188,Vietnam,PMO - US,Direct Drop,FCA,Air,ARV,Adult,ABBVIE LOGISTICS (FORMERLY ABBOTT LOGISTICS BV),"Lopinavir/Ritonavir 200/50mg [Aluvia], tablets, 120 Tabs",Lopinavir/Ritonavir,Aluvia,200/50mg,Tablet,ABBVIE Ludwigshafen Germany,68230,120,1820,149604,82.2,0.68,322.55,445,4755.76,TRUE,3/15/10,3/15/10,,1/11/10
116-ZA-T30,FPQ-13214,SCMS-215410,ASN-23875,South Africa,PMO - US,Direct Drop,DDP,Truck,ARV,Adult,S. BUYS WHOLESALER,"Efavirenz 600mg, tablets, 30 Tabs",Efavirenz,Generic,600mg,Tablet,"Aurobindo Unit III, India",68231,30,2157,33315.55,15.45,0.52,34.25,,,FALSE,1/13/14,1/13/14,,12/2/13
107-RW-T30,FPQ-8932,SCMS-129870,ASN-13372,Rwanda,PMO - US,Direct Drop,EXW,Air,ARV,Adult,Aurobindo Pharma Limited,"Lamivudine/Tenofovir Disoproxil Fumarate 300/300mg, tablets, 30 Tabs",Lamivudine/Tenofovir Disoproxil Fumarate,Generic,300/300mg,Tablet - FDC,"Aurobindo Unit VII, IN",68241,30,48640,260224,5.35,0.18,364.83,4746,98521.56,TRUE,1/24/12,1/25/12,,12/13/11
117-ET-T30,FPQ-9247,SCMS-135780,ASN-13723,Ethiopia,PMO - US,Direct Drop,FCA,Air,ARV,Pediatric,ABBVIE LOGISTICS (FORMERLY ABBOTT LOGISTICS BV),"Lopinavir/Ritonavir 80/20mg/ml [Kaletra], oral solution, cool, Bottle 5 x 60 ml",Lopinavir/Ritonavir,Kaletra,80/20mg/ml,Oral solution,ABBVIE (Abbott) Logis. UK,68268,300,699,21543.18,30.82,0.1,30.2,728,6941.12,TRUE,2/20/12,2/20/12,,1/30/12
116-ZA-T30,FPQ-14942,SCMS-259075,ASN-32122,South Africa,PMO - US,Direct Drop,DDP,Truck,ARV,Adult,PHARMACY DIRECT,"Didanosine 250mg, delayed-release capsules, 30 Caps",Didanosine,Generic,250mg,Delayed-release capsules,"Aurobindo Unit III, India",68281,30,5,55.08,11.02,0.37,0.06,,,FALSE,5/12/15,5/12/15,,5/11/15
161-ZA-T30,FPQ-6262,SCMS-84200,ASN-9514,South Africa,PMO - US,Direct Drop,DDP,Ocean,ARV,Adult,CIPLA LIMITED,"Tenofovir Disoproxil Fumarate 300mg, tablets, 30 Tabs",Tenofovir Disoproxil Fumarate,Generic,300mg,Tablet,"Cipla, Goa, India",68341,30,105278,740104.3,7.03,0.23,1595.66,7225,6038.21,TRUE,2/23/11,2/23/11,,9/21/10
108-VN-T30,FPQ-10286,SCMS-156270,ASN-17262,Vietnam,PMO - US,Direct Drop,EXW,Air,ARV,Pediatric,MYLAN LABORATORIES LTD (FORMERLY MATRIX LABORATORIES),"Lamivudine/Nevirapine/Zidovudine 30/50/60mg, dispersible tablets, 60 Tabs",Lamivudine/Nevirapine/Zidovudine,Generic,30/50/60mg,Chewable/dispersible tablet - FDC,Mylan (formerly Matrix) Nashik,68361,60,10508,43608.2,4.15,0.07,61.14,678,2148.1,TRUE,12/19/12,12/19/12,,8/14/12
107-RW-T30,FPQ-9168,SCMS-137550,ASN-15880,Rwanda,PMO - US,Direct Drop,EXW,Ocean,ARV,Adult,MYLAN LABORATORIES LTD (FORMERLY MATRIX LABORATORIES),"Lamivudine/Tenofovir Disoproxil Fumarate 300/300mg, tablets, 30 Tabs",Lamivudine/Tenofovir Disoproxil Fumarate,Generic,300/300mg,Tablet - FDC,Mylan (formerly Matrix) Nashik,68367,30,131704,683543.75,5.19,0.17,958.33,10116,24250.15,TRUE,10/8/12,10/8/12,,5/31/12
116-ZA-T30,FPQ-14942,SCMS-259072,ASN-30377,South Africa,PMO - US,Direct Drop,DDP,Truck,ARV,Pediatric,PHARMACY DIRECT,"Efavirenz 50mg, capsule, 30 Caps",Efavirenz,Generic,50mg,Capsule,"Aurobindo Unit III, India",68389,30,9,19.55,2.17,0.07,0.02,,,FALSE,1/26/15,1/26/15,,1/26/15
114-UG-T30,FPQ-12841,SCMS-205040,ASN-23308,Uganda,PMO - US,Direct Drop,EXW,Air,ARV,Pediatric,Aurobindo Pharma Limited,"Nevirapine 50mg, dispersible tablets (tablets for oral suspension), 30 Tabs",Nevirapine,Generic,50mg,Chewable/dispersible tablet,"Aurobindo Unit III, India",68397,30,9051,11313.75,1.25,0.04,14,575,3231.11,TRUE,1/17/14,1/17/14,,9/2/13
114-UG-T30,FPQ-4320,SCMS-58120,ASN-5947,Uganda,PMO - US,Direct Drop,CIP,Air,ARV,Adult,MERCK SHARP & DOHME IDEA GMBH (FORMALLY MERCK SHARP & DOHME B.V.),"Indinavir 400mg [Crixivan], capsules, 180 Caps",Indinavir,Crixivan,400mg,Capsule,"MSD, Haarlem, NL",68401,180,153,7650,50,0.28,14.99,34,395,TRUE,2/18/10,2/18/10,,11/25/09
111-MZ-T30,FPQ-6562,SCMS-93750,ASN-9835,Mozambique,PMO - US,Direct Drop,EXW,Air,HRDT,HIV test,"Trinity Biotech, Plc","HIV 1/2, Uni-Gold HIV Kit, 20 Tests","HIV 1/2, Uni-Gold HIV Kit",Uni-Gold,N/A,Test kit,"Trinity Biotech, Plc",68437,20,108,3456,32,1.6,5.7,41,897.87,TRUE,4/7/11,4/7/11,,1/12/11
161-ZA-T30,FPQ-6708,SCMS-93550,ASN-11511,South Africa,PMO - US,Direct Drop,DDP,Ocean,ARV,Adult,Aurobindo Pharma Limited,"Tenofovir Disoproxil Fumarate 300mg, tablets, 30 Tabs",Tenofovir Disoproxil Fumarate,Generic,300mg,Tablet,"Aurobindo Unit III, India",68457,30,29031,193056.16,6.65,0.22,318.54,,,TRUE,6/13/11,9/5/11,,12/14/10
107-RW-T30,FPQ-4850,SCMS-63640,ASN-6130,Rwanda,PMO - US,Direct Drop,FCA,Air,ARV,Adult,ABBVIE LOGISTICS (FORMERLY ABBOTT LOGISTICS BV),"Ritonavir 100mg [Norvir], capsules, cool, 4 x 84 Caps",Ritonavir,Norvir,100mg,Capsule,ABBVIE (Abbott) Logis. UK,68462,336,120,4603.2,38.36,0.11,9.92,298,2204.08,TRUE,3/3/10,3/3/10,,1/20/10
104-CI-T30,FPQ-11294,SCMS-173131,ASN-19634,Côte d'Ivoire,PMO - US,Direct Drop,EXW,Air,HRDT,HIV test,"Orgenics, Ltd","HIV 1/2, Determine Complete HIV Kit, 100 Tests","HIV 1/2, Determine Complete HIV Kit",Determine,N/A,Test kit,"Alere Medical Co., Ltd.",68481,100,601,48080,80,0.8,59.47,264,36428.24,TRUE,6/4/13,6/4/13,,1/15/13
106-HT-T30,FPQ-9621,SCMS-147130,ASN-15788,Haiti,PMO - US,Direct Drop,FCA,Air,ARV,Pediatric,ABBVIE LOGISTICS (FORMERLY ABBOTT LOGISTICS BV),"Lopinavir/Ritonavir 80/20mg/ml [Kaletra], oral solution, cool, Bottle 5 x 60 ml",Lopinavir/Ritonavir,Kaletra,80/20mg/ml,Oral solution,ABBVIE (Abbott) Logis. UK,68482,300,40,1232.8,30.82,0.1,1.73,,,TRUE,8/20/12,8/20/12,,6/13/12
108-VN-T30,FPQ-4265,SCMS-56330,ASN-6062,Vietnam,PMO - US,Direct Drop,EXW,Air,ARV,Adult,MYLAN LABORATORIES LTD (FORMERLY MATRIX LABORATORIES),"Efavirenz 600mg, tablets, 30 Tabs",Efavirenz,Generic,600mg,Tablet,Mylan (formerly Matrix) Nashik,68494,30,19152,124488,6.5,0.22,244,1503,11884.14,TRUE,3/13/10,3/13/10,,11/3/09
106-HT-T30,FPQ-15038,SCMS-262980,ASN-30463,Haiti,PMO - US,Direct Drop,EXW,Ocean,ARV,Adult,HETERO LABS LIMITED,"Tenofovir Disoproxil Fumarate 300mg, tablets, 30 Tabs",Tenofovir Disoproxil Fumarate,Generic,300mg,Tablet,Hetero Unit III Hyderabad IN,68496,30,336,1192.8,3.55,0.12,1.23,,,FALSE,4/9/15,4/9/15,,1/7/15
109-TZ-T30,FPQ-4157,SCMS-52771,ASN-5076,Tanzania,PMO - US,Direct Drop,EXW,Air,HRDT,HIV test,"Standard Diagnostics, Inc.","HIV 1/2, Bioline 3.0 Kit, (no accessories), 30 Tests","HIV 1/2, Bioline 3.0 Kit (no accessories)",Bioline,N/A,Test kit,"Standard Diagnostics, Korea",68508,30,20000,480000,24,0.8,940.8,6223,82236.74,TRUE,12/15/09,12/15/09,,9/3/09
104-CI-T30,FPQ-7325,SCMS-106570,ASN-11058,Côte d'Ivoire,PMO - US,Direct Drop,EXW,Air,HRDT,HIV test,"Standard Diagnostics, Inc.","HIV 1/2, Bioline 3.0 Kit, Lancets, Capillary pipets, Alcohol swabs included, 25 Tests","HIV 1/2, Bioline 3.0 Kit, Lancets, Capillary pipets, Alcohol swabs included",Bioline,N/A,Test kit,"Standard Diagnostics, Korea",68515,25,1354,27080,20,0.8,44.68,422,5054.68,TRUE,6/17/11,6/17/11,,5/5/11
108-VN-T30,FPQ-11417,SCMS-174420,ASN-18913,Vietnam,PMO - US,Direct Drop,EXW,Air,ARV,Adult,HETERO LABS LIMITED,"Tenofovir Disoproxil Fumarate 300mg, tablets, 30 Tabs",Tenofovir Disoproxil Fumarate,Generic,300mg,Tablet,Hetero Unit III Hyderabad IN,68553,30,42660,151443,3.55,0.12,187.33,3442,10533.01,TRUE,4/24/13,4/24/13,,1/22/13
109-TZ-T30,FPQ-13569,SCMS-225820,ASN-25604,Tanzania,PMO - US,Direct Drop,EXW,Air,ARV,Adult,MYLAN LABORATORIES LTD (FORMERLY MATRIX LABORATORIES),"Atazanavir/Ritonavir 300/100mg, tablets, 30 Tabs",Atazanavir/Ritonavir,Generic,300/100mg,Tablet,Mylan (formerly Matrix) Nashik,68572,30,10565,211300,20,0.67,217.22,1412,6758.01,TRUE,5/27/14,5/27/14,,2/14/14
101-CD-T30,FPQ-10044,SCMS-149140,ASN-15986,"Congo, DRC",PMO - US,Direct Drop,EXW,Air,HRDT,HIV test,"Orgenics, Ltd","HIV 1/2, Determine Complete HIV Kit, 100 Tests","HIV 1/2, Determine Complete HIV Kit",Determine,N/A,Test kit,"Alere Medical Co., Ltd.",68577,100,1505,120400,80,0.8,168.8,746,13037.01,TRUE,2/27/13,2/27/13,,6/27/12
105-SS-T30,FPQ-12623,SCMS-200911,ASN-22749,South Sudan,PMO - US,Direct Drop,EXW,Air,HRDT,HIV test - Ancillary,"Orgenics, Ltd","Chase Buffer, Determine, 100 Tests, 2.5ml x 1 Vial","Chase Buffer, Determine, 100 Tests, 2.5ml x 1 Vial",Determine,N/A,Test kit - Ancillary,"Alere Medical Co., Ltd.",68583,1,160,800,5,5,0.99,,,FALSE,1/24/14,1/24/14,,8/5/13
108-VN-T30,FPQ-13524,SCMS-226190,ASN-27098,Vietnam,PMO - US,Direct Drop,FCA,Air,ARV,Adult,ABBVIE LOGISTICS (FORMERLY ABBOTT LOGISTICS BV),"Lopinavir/Ritonavir 200/50mg [Aluvia], tablets, 120 Tabs",Lopinavir/Ritonavir,Aluvia,200/50mg,Tablet,ABBVIE Ludwigshafen Germany,68596,120,4800,291936,60.82,0.51,300.11,1175,1779.1,TRUE,8/18/14,8/18/14,,3/10/14
116-ZA-T30,FPQ-3596,SCMS-50363,ASN-6113,South Africa,PMO - US,Direct Drop,DDP,Truck,ARV,Adult,S. BUYS WHOLESALER,"Stavudine 30mg, capsules, 60 Caps",Stavudine,Generic,30mg,Capsule,"Aurobindo Unit III, India",68627,60,3000,13863.09,4.62,0.08,27.17,,,TRUE,1/27/10,1/27/10,,9/22/09
116-ZA-T30,FPQ-13973,SCMS-238552,ASN-27609,South Africa,PMO - US,Direct Drop,DDP,Truck,ARV,Adult,PHARMACY DIRECT,"Raltegravir 400mg [Isentress], tablets, 60 Tabs",Raltegravir,Isentress,400mg,Tablet,"MSD, Haarlem, NL",68641,60,40,3199.67,79.99,1.33,3.29,,,FALSE,8/5/14,8/5/14,,8/5/14
116-ZA-T30,FPQ-15950,SCMS-277984,ASN-33454,South Africa,PMO - US,Direct Drop,DDP,Truck,ARV,Pediatric,PHARMACY DIRECT,"Ritonavir 80mg/ml [Norvir], oral solution, cool, Bottle, 90 ml",Ritonavir,Norvir,80mg/ml,Oral solution,ABBVIE (Abbott) France,68647,90,3,14.91,4.97,0.06,0.02,,,TRUE,7/23/15,7/23/15,,2/24/15
111-MZ-T30,FPQ-4080,SCMS-51380,ASN-4927,Mozambique,PMO - US,Direct Drop,EXW,Air,HRDT,HIV test,"Trinity Biotech, Plc","HIV 1/2, Uni-Gold HIV Kit, 20 Tests","HIV 1/2, Uni-Gold HIV Kit",Uni-Gold,N/A,Test kit,"Trinity Biotech, Plc",68651,20,3700,118400,32,1.6,232.06,1265,18937.3,TRUE,9/24/09,9/24/09,,8/11/09
901-CM-T30,FPQ-12837,SCMS-204300,ASN-21703,Cameroon,PMO - US,Direct Drop,EXW,Air,ARV,Adult,Aurobindo Pharma Limited,"Lamivudine/Nevirapine/Zidovudine 150/200/300mg, tablets, 60 Tabs",Lamivudine/Nevirapine/Zidovudine,Generic,150/300/200mg,Tablet - FDC,"Aurobindo Unit III, India",68662,60,34910,283818.3,8.13,0.14,351.08,4426,37479.21,TRUE,10/18/13,10/11/13,,8/23/13
116-ZA-T30,FPQ-14942,SCMS-259079,ASN-33855,South Africa,PMO - US,Direct Drop,DDP,Truck,ARV,Adult,PHARMACY DIRECT,"Darunavir 600mg [Prezista], tablets, 60 Tabs",Darunavir,Prezista,600mg,Tablet,"Janssen-Cilag, Latina, IT",68675,60,1,50.66,50.66,0.84,0.05,,,FALSE,8/24/15,8/24/15,,10/9/14
108-VN-T30,FPQ-13976,SCMS-236120,ASN-27810,Vietnam,PMO - US,Direct Drop,EXW,Air,ARV,Adult,HETERO LABS LIMITED,"Efavirenz/Lamivudine/Tenofovir Disoproxil Fumarate 600/300/300mg, tablets, 30 Tabs",Efavirenz/Lamivudine/Tenofovir Disoproxil Fumarate,Generic,600/300/300mg,Tablet - FDC,Hetero Unit III Hyderabad IN,68680,30,17188,180474,10.5,0.35,185.53,2388,3790.32,TRUE,9/16/14,9/16/14,,4/30/14
109-TZ-T30,FPQ-7909,SCMS-114980,ASN-11974,Tanzania,PMO - US,Direct Drop,EXW,Air,HRDT,HIV test,"Standard Diagnostics, Inc.","HIV 1/2, Bioline 3.0 Kit, Lancets, Capillary pipets, Alcohol swabs included, 25 Tests","HIV 1/2, Bioline 3.0 Kit, Lancets, Capillary pipets, Alcohol swabs included",Bioline,N/A,Test kit,"Standard Diagnostics, Korea",68735,25,10000,200000,20,0.8,330,3334,22086.15,TRUE,9/29/11,9/29/11,,7/18/11
101-CD-T30,FPQ-13548,SCMS-224840,ASN-24721,"Congo, DRC",PMO - US,Direct Drop,EXW,Air,HRDT,HIV test,"Trinity Biotech, Plc","HIV 1/2, Uni-Gold HIV Kit, 20 Tests","HIV 1/2, Uni-Gold HIV Kit",Uni-Gold,N/A,Test kit,"Trinity Biotech, Plc",68752,20,7,224,32,1.6,0.23,,,FALSE,4/4/14,4/4/14,,1/28/14
108-VN-T30,FPQ-5094,SCMS-68550,ASN-7301,Vietnam,PMO - US,Direct Drop,EXW,Air,ARV,Adult,Aurobindo Pharma Limited,"Lamivudine/Zidovudine 150/300mg, tablets, 60 Tabs",Lamivudine/Zidovudine,Generic,150/300mg,Tablet - FDC,"Aurobindo Unit III, India",68779,60,11004,94084.2,8.55,0.14,202.85,1073,9535.67,TRUE,7/16/10,7/16/10,,3/24/10
108-VN-T30,FPQ-4265,SCMS-57140,ASN-6264,Vietnam,PMO - US,Direct Drop,EXW,Air,ARV,Adult,Aurobindo Pharma Limited,"Lamivudine 150mg, tablets, 60 Tabs",Lamivudine,Generic,150mg,Tablet,"Aurobindo Unit III, India",68785,60,20520,49248,2.4,0.04,96.53,,,FALSE,3/17/10,3/17/10,,11/13/09
107-RW-T30,FPQ-6186,SCMS-83340,ASN-9217,Rwanda,PMO - US,Direct Drop,CIP,Air,ARV,Adult,MYLAN LABORATORIES LTD (FORMERLY MATRIX LABORATORIES),"Efavirenz/Lamivudine/Tenofovir Disoproxil Fumarate 600/300/300mg, tablets, 30 Tabs",Efavirenz/Lamivudine/Tenofovir Disoproxil Fumarate,Generic,600/300/300mg,Tablet - FDC,Mylan (formerly Matrix) Nashik,68820,30,22347,390625.56,17.48,0.58,842.19,,,TRUE,12/12/10,12/12/10,,9/28/10
114-UG-T30,FPQ-3965,SCMS-52630,ASN-5160,Uganda,PMO - US,Direct Drop,EXW,Air,ARV,Adult,ASPEN PHARMACARE,"Darunavir 300mg [Prezista], tablets, 120 Tabs",Darunavir,Prezista,300mg,Tablet,"Aspen-OSD, Port Elizabeth, SA",68846,120,112,10080,90,0.75,19.76,16,1000.94,TRUE,10/26/09,10/26/09,,9/14/09
114-UG-T30,FPQ-9923,SCMS-149960,ASN-16320,Uganda,PMO - US,Direct Drop,EXW,Air,ARV,Adult,MYLAN LABORATORIES LTD (FORMERLY MATRIX LABORATORIES),"Atazanavir/Ritonavir 300/100mg, tablets, 30 Tabs",Atazanavir/Ritonavir,Generic,300/100mg,Tablet,Mylan (formerly Matrix) Nashik,68872,30,1262,28395,22.5,0.75,39.81,173,935.89,TRUE,9/21/12,9/21/12,,6/26/12
116-ZA-T30,FPQ-5381,SCMS-69590,ASN-6724,South Africa,PMO - US,Direct Drop,DDP,Truck,ARV,Adult,S. BUYS WHOLESALER,"Tenofovir Disoproxil Fumarate 300mg [Viread], tablets, 30 Tabs",Tenofovir Disoproxil Fumarate,Viread,300mg,Tablet,"Aspen-OSD, Port Elizabeth, SA",68875,30,240,6944.46,28.94,0.96,14.97,,,FALSE,4/1/10,4/1/10,,3/25/10
117-ET-T30,FPQ-6608,SCMS-92090,ASN-9248,Ethiopia,PMO - US,Direct Drop,EXW,Air,HRDT,HIV test,"CHEMBIO DIAGNOSTIC SYSTEMS, INC.","HIV 1/2, Stat-Pak HIV, Kit, 20 Tests","HIV 1/2, Stat-Pak HIV, Kit",Stat-Pak,N/A,Test kit,Chembio Diagnostics Sys. Inc.,68878,20,545,16895,31,1.55,27.88,204,1219.85,TRUE,1/5/11,1/5/11,,11/24/10
116-ZA-T30,FPQ-3560,SCMS-49631,ASN-5446,South Africa,PMO - US,Direct Drop,DDP,Truck,ARV,Adult,S. BUYS WHOLESALER,"Efavirenz 600mg, tablets, 30 Tabs",Efavirenz,Generic,600mg,Tablet,"Cipla, Goa, India",68893,30,15328,291978.47,19.05,0.64,572.28,,,FALSE,9/30/09,9/30/09,,7/21/09
114-UG-T30,FPQ-10787,SCMS-163440,ASN-17956,Uganda,PMO - US,Direct Drop,FCA,Air,ARV,Adult,ABBVIE LOGISTICS (FORMERLY ABBOTT LOGISTICS BV),"Ritonavir 100mg [Norvir], film coated tablets, 60 Tabs",Ritonavir,Norvir,100mg,Tablet,ABBVIE Ludwigshafen Germany,68937,60,587,4020.95,6.85,0.11,4.97,85,1253.45,TRUE,2/8/13,2/8/13,,10/25/12
104-CI-T30,FPQ-13602,SCMS-228040,ASN-28479,Côte d'Ivoire,PMO - US,Direct Drop,EXW,Air,HRDT,HIV test,"CHEMBIO DIAGNOSTIC SYSTEMS, INC.","HIV 1/2, Stat-Pak HIV, Kit, 20 Tests","HIV 1/2, Stat-Pak HIV, Kit",Stat-Pak,N/A,Test kit,Chembio Diagnostics Sys. Inc.,68938,20,530,16430,31,1.55,16.89,219,2516.62,TRUE,10/13/14,10/13/14,,2/27/14
113-ZW-T30,FPQ-13939,SCMS-234760,ASN-25890,Zimbabwe,PMO - US,Direct Drop,EXW,Air Charter,ARV,Adult,STRIDES ARCOLAB LIMITED,"Nevirapine 200mg, tablets, 60 Tabs",Nevirapine,Generic,200mg,Tablet,"Strides, Bangalore, India.",68949,60,158000,347600,2.2,0.04,357.33,9832,68350.52,TRUE,6/14/14,6/14/14,,4/11/14
161-ZA-T30,FPQ-5303,SCMS-69000,ASN-7022,South Africa,PMO - US,Direct Drop,DDP,Air,ARV,Adult,Aurobindo Pharma Limited,"Zidovudine 300mg, tablets, 60 Tabs",Zidovudine,Generic,300mg,Tablet,"Aurobindo Unit III, India",68993,60,57494,427180.4,7.43,0.12,921,3085,4885.2,TRUE,6/8/10,6/8/10,,3/19/10
117-ET-T30,FPQ-4981,SCMS-65780,ASN-6734,Ethiopia,Ethiopia Field Office,Direct Drop,DDP,Truck,HRDT,HIV test,TURE PHARMACEUTICALS & MEDICAL SUPPLIES P.L.C.,"HIV 1/2, Uni-Gold HIV Kit, 20 Tests","HIV 1/2, Uni-Gold HIV Kit",Uni-Gold,N/A,Test kit,"Trinity Biotech, Plc",68998,20,8,440.44,55.06,2.75,0.95,,,TRUE,3/25/10,3/25/10,,3/4/10
110-ZM-T30,FPQ-8315,SCMS-120570,ASN-13033,Zambia,PMO - US,Direct Drop,EXW,Air,HRDT,HIV test,"Orgenics, Ltd","HIV 1/2, Determine Complete HIV Kit, 100 Tests","HIV 1/2, Determine Complete HIV Kit",Determine,N/A,Test kit,"Alere Medical Co., Ltd.",69006,100,2618,209440,80,0.8,345.58,1246,22614.24,TRUE,12/20/11,12/16/11,,9/22/11
116-ZA-T30,FPQ-14942,SCMS-259079,ASN-33852,South Africa,PMO - US,Direct Drop,DDP,Truck,ARV,Pediatric,PHARMACY DIRECT,"Efavirenz 200mg, capsule, 90 Caps",Efavirenz,Generic,200mg,Capsule,"Aurobindo Unit III, India",69009,90,41,748.24,18.25,0.2,0.77,,,FALSE,8/24/15,8/24/15,,10/9/14
133-NG-T30,FPQ-14995,SCMS-260700,ASN-29936,Nigeria,PMO - US,Direct Drop,EXW,Air,HRDT,HIV test,"Orgenics, Ltd","HIV 1/2, Determine Complete HIV Kit, 100 Tests","HIV 1/2, Determine Complete HIV Kit",Determine,N/A,Test kit,"Alere Medical Co., Ltd.",69051,100,3180,283020,89,0.89,290.94,1290,15890.52,TRUE,1/19/15,1/20/15,,10/29/14
113-ZW-T30,FPQ-13939,SCMS-240570,ASN-27587,Zimbabwe,PMO - US,Direct Drop,EXW,Air Charter,ARV,Adult,HETERO LABS LIMITED,"Lamivudine/Tenofovir Disoproxil Fumarate 300/300mg, tablets, 30 Tabs",Lamivudine/Tenofovir Disoproxil Fumarate,Generic,300/300mg,Tablet - FDC,Hetero Unit III Hyderabad IN,69086,30,16013,73980.06,4.62,0.15,76.05,1468,12091.91,TRUE,9/17/14,9/17/14,,5/27/14
109-TZ-T30,FPQ-5900,SCMS-76980,ASN-7441,Tanzania,PMO - US,Direct Drop,EXW,Air,ARV,Adult,Aurobindo Pharma Limited,"Nevirapine 200mg, tablets, 60 Tabs",Nevirapine,Generic,200mg,Tablet,"Aurobindo Unit III, India",69148,60,6934,18028.4,2.6,0.04,38.87,820,18044.49,TRUE,8/7/10,8/7/10,,6/24/10
101-CD-T30,FPQ-14717,SCMS-251440,ASN-28024,"Congo, DRC",PMO - US,Direct Drop,EXW,Air,ARV,Pediatric,Aurobindo Pharma Limited,"Didanosine 200mg, delayed-release capsules, 30 Caps",Didanosine,Generic,200mg,Delayed-release capsules,"Aurobindo Unit III, India",69162,30,550,6050,11,0.37,6.22,54,1961.49,TRUE,12/19/14,12/19/14,,8/20/14
161-ZA-T30,FPQ-6708,SCMS-93590,ASN-10512,South Africa,PMO - US,Direct Drop,DDP,Ocean,ARV,Adult,CIPLA LIMITED,"Tenofovir Disoproxil Fumarate 300mg, tablets, 30 Tabs",Tenofovir Disoproxil Fumarate,Generic,300mg,Tablet,"Cipla, Goa, India",69179,30,150000,1029000,6.86,0.23,1697.85,10156,13731.6,TRUE,5/30/11,5/30/11,,12/14/10
144-BW-T30,FPQ-4167,SCMS-54100,ASN-7209,Botswana,PMO - US,Direct Drop,EXW,Air,HRDT,HIV test,"Trinity Biotech, Plc","HIV 1/2, Uni-Gold HIV Kit, 20 Tests","HIV 1/2, Uni-Gold HIV Kit",Uni-Gold,N/A,Test kit,"Trinity Biotech, Plc",69198,20,5,160,32,1.6,0.31,2,592.46,TRUE,9/13/10,9/13/10,,9/30/09
101-CD-T30,FPQ-14722,SCMS-253310,ASN-29481,"Congo, DRC",PMO - US,Direct Drop,EXW,Air,HRDT,HIV test,"Orgenics, Ltd","HIV 1/2, DoubleCheck Gold Kit, 20 Tests","HIV 1/2, DoubleCheck Gold Kit",DoubleCheck,N/A,Test kit,"Alere Medical Co., Ltd.",69202,20,540,19720.8,36.52,1.83,20.27,,,TRUE,5/19/15,5/19/15,,8/27/14
106-HT-T30,FPQ-5526,SCMS-74050,ASN-7805,Haiti,PMO - US,Direct Drop,CIP,Air,ARV,Pediatric,MERCK SHARP & DOHME IDEA GMBH (FORMALLY MERCK SHARP & DOHME B.V.),"Efavirenz 30mg/ml [Stocrin/Sustiva], oral solution, Bottle, 180 ml",Efavirenz,Stocrin/Sustiva,30mg/ml,Oral solution,"MSD, Haarlem, NL",69208,180,342,5800.32,16.96,0.09,12.51,109,290,TRUE,8/30/10,8/30/10,,5/25/10
107-RW-T30,FPQ-12518,SCMS-198222,ASN-24439,Rwanda,PMO - US,Direct Drop,EXW,Air,HRDT,HIV test,"SHANGHAI KEHUA BIOENGINEERING CO.,LTD.  (KHB)","HIV 1/2, SKB Colloidal Gold, Diagnostic Kit, Antibody, 50 Tests","HIV 1/2, Colloidal Gold, Diagnostic Kit, Antibody",Colloidal Gold,N/A,Test kit,"KHB Test Kit Facility, Shanghai China",69219,1,2988,73206,24.5,24.5,90.56,1992,27313,TRUE,3/27/14,3/27/14,,8/12/13
116-ZA-T30,FPQ-13973,SCMS-238552,ASN-27609,South Africa,PMO - US,Direct Drop,DDP,Truck,ARV,Adult,PHARMACY DIRECT,"Etravirine 100mg [Intelence], tablets, 120 Tabs",Etravirine,Intelence,100mg,Tablet,"Janssen-Cilag, Latina, IT",69235,120,24,850.06,35.42,0.3,0.87,,,FALSE,8/5/14,8/5/14,,8/5/14
108-VN-T30,FPQ-11417,SCMS-174370,ASN-19620,Vietnam,PMO - US,Direct Drop,EXW,Air,ARV,Adult,MICRO LABS LIMITED,"Lamivudine 150mg, tablets, 60 Tabs",Lamivudine,Generic,150mg,Tablet,"Micro labs, Verna, Goa, India",69253,60,46100,83441,1.81,0.03,103.22,2350,10627.8,TRUE,7/2/13,7/2/13,,1/22/13
108-VN-T30,FPQ-15823,SCMS-277270,ASN-33526,Vietnam,PMO - US,Direct Drop,FCA,Air,ARV,Adult,ABBVIE LOGISTICS (FORMERLY ABBOTT LOGISTICS BV),"Lopinavir/Ritonavir 200/50mg [Aluvia], tablets, 120 Tabs",Lopinavir/Ritonavir,Aluvia,200/50mg,Tablet,ABBVIE Ludwigshafen Germany,69301,120,4500,273600,60.8,0.51,322.03,,,FALSE,9/14/15,9/14/15,,3/4/15
111-MZ-T30,FPQ-13241,SCMS-226030,ASN-28449,Mozambique,PMO - US,Direct Drop,CIP,Air,ARV,Adult,MERCK SHARP & DOHME IDEA GMBH (FORMALLY MERCK SHARP & DOHME B.V.),"Raltegravir 400mg [Isentress], tablets, 60 Tabs",Raltegravir,Isentress,400mg,Tablet,"MSD, Haarlem, NL",69314,60,100,5550,55.5,0.92,5.71,,,TRUE,10/21/14,10/21/14,,3/14/14
161-ZA-T30,FPQ-5303,SCMS-68950,ASN-7103,South Africa,PMO - US,Direct Drop,DDP,Air,ARV,Adult,Aurobindo Pharma Limited,"Lamivudine 150mg, tablets, 60 Tabs",Lamivudine,Generic,150mg,Tablet,"Aurobindo Unit III, India",69354,60,66660,168649.8,2.53,0.04,363.61,3211,4116.81,TRUE,6/11/10,6/11/10,,3/19/10
117-ET-T30,FPQ-5582,SCMS-72350,ASN-6929,Ethiopia,PMO - US,Direct Drop,EXW,Air,ARV,Adult,Aurobindo Pharma Limited,"Didanosine 400mg, delayed-release capsules, 30 Caps",Didanosine,Generic,400mg,Delayed-release capsules,"Aurobindo Unit III, India",69366,30,500,10000,20,0.67,21.56,39,516.35,TRUE,5/21/10,5/21/10,,4/29/10
161-ZA-T30,FPQ-6262,SCMS-83820,ASN-9485,South Africa,PMO - US,Direct Drop,DDP,Ocean,ARV,Adult,Aurobindo Pharma Limited,"Efavirenz 600mg, tablets, 30 Tabs",Efavirenz,Generic,600mg,Tablet,"Aurobindo Unit III, India",69376,30,127904,579405.1,4.53,0.15,1249.2,10980,15331.5,TRUE,3/10/11,3/10/11,,9/24/10
116-ZA-T30,FPQ-13035,SCMS-215370,ASN-24415,South Africa,PMO - US,Direct Drop,DDP,Truck,ARV,Adult,S. BUYS WHOLESALER,"Emtricitabine/Tenofovir Disoproxil Fumarate 200/300mg, tablets, 30 Tabs",Emtricitabine/Tenofovir Disoproxil Fumarate,Generic,200/300mg,Tablet - FDC,"Aurobindo Unit III, India",69461,30,4,119.68,29.92,1,0.15,,,FALSE,2/6/14,2/6/14,,12/2/13
106-HT-T30,FPQ-14083,SCMS-240130,ASN-28761,Haiti,PMO - US,Direct Drop,EXW,Ocean,ARV,Adult,MICRO LABS LIMITED,"Efavirenz 600mg, tablets, 30 Tabs",Efavirenz,Generic,600mg,Tablet,"Micro labs, Verna, Goa, India",69463,30,43065,128333.7,2.98,0.1,131.93,,,FALSE,1/9/15,1/9/15,,6/2/14
116-ZA-T30,FPQ-14942,SCMS-259071,ASN-29597,South Africa,PMO - US,Direct Drop,DDP,Truck,ARV,Adult,PHARMACY DIRECT,"Abacavir 300mg, tablets, 60 Tabs",Abacavir,Generic,300mg,Tablet,"Aurobindo Unit III, India",69483,60,39,1944.25,49.85,0.83,2,,,FALSE,11/28/14,11/28/14,,11/28/14
108-VN-T30,FPQ-15823,SCMS-277300,ASN-33327,Vietnam,PMO - US,Direct Drop,FCA,Air,ARV,Adult,ABBVIE LOGISTICS (FORMERLY ABBOTT LOGISTICS BV),"Lopinavir/Ritonavir 200/50mg [Aluvia], tablets, 120 Tabs",Lopinavir/Ritonavir,Aluvia,200/50mg,Tablet,ABBVIE Ludwigshafen Germany,69493,120,2700,164160,60.8,0.51,193.22,,,TRUE,8/31/15,8/31/15,,3/2/15
116-ZA-T30,FPQ-12522,SCMS-199289,ASN-28033,South Africa,PMO - US,Direct Drop,DDP,Truck,ARV,Adult,S. BUYS WHOLESALER,"Lamivudine/Nevirapine/Stavudine 150/200/30mg, tablets, 60 Tabs",Lamivudine/Nevirapine/Stavudine,Generic,150/200/30mg,Tablet - FDC,"Cipla, Goa, India",69505,60,19,574.65,30.24,0.5,0.71,,,FALSE,8/29/14,8/29/14,,8/29/14
133-NG-T30,FPQ-10349,SCMS-155321,ASN-17167,Nigeria,PMO - US,Direct Drop,EXW,Air,HRDT,HIV test,"Orgenics, Ltd","HIV 1/2, Determine Complete HIV Kit, 100 Tests","HIV 1/2, Determine Complete HIV Kit",Determine,N/A,Test kit,"Alere Medical Co., Ltd.",69528,100,2744,244216,89,0.89,342.39,1303,28734.43,TRUE,11/28/12,11/27/12,,8/13/12
103-CM-T30,FPQ-16210,SCMS-289300,ASN-33116,Cameroon,PMO - US,Direct Drop,EXW,Air,ARV,Adult,MYLAN LABORATORIES LTD (FORMERLY MATRIX LABORATORIES),"Atazanavir/Ritonavir 300/100mg, tablets, 30 Tabs",Atazanavir/Ritonavir,Generic,300/100mg,Tablet,Mylan (formerly Matrix) Nashik,69572,30,7108,138606,19.5,0.65,163.14,949,8024.1,TRUE,7/18/15,7/18/15,,6/2/15
114-UG-T30,FPQ-13655,SCMS-226130,ASN-25990,Uganda,PMO - US,Direct Drop,EXW,Air,HRDT,HIV test,BIO-RAD LABORATORIES (FRANCE),"HIV, Multispot HIV-1/HIV-2 Rapid Test Kit, 50 Tests","HIV, Multispot HIV-1/HIV-2 Rapid Test Kit",Multispot,N/A,Test kit,Bio-Rad Laboratories,69591,50,80,99402.4,1242.53,24.85,102.19,,,TRUE,6/10/14,6/10/14,,4/10/14
101-CD-T30,FPQ-16001,SCMS-280210,ASN-31750,"Congo, DRC",PMO - US,Direct Drop,EXW,Air,HRDT,HIV test,"Trinity Biotech, Plc","HIV 1/2, Uni-Gold HIV Kit, 20 Tests","HIV 1/2, Uni-Gold HIV Kit",Uni-Gold,N/A,Test kit,"Trinity Biotech, Plc",69606,20,15,480,32,1.6,0.56,,,FALSE,7/2/15,7/2/15,,3/16/15
116-ZA-T30,FPQ-12522,SCMS-199283,ASN-27980,South Africa,PMO - US,Direct Drop,DDP,Truck,ARV,Pediatric,S. BUYS WHOLESALER,"Efavirenz 200mg, capsule, 90 Caps",Efavirenz,Generic,200mg,Capsule,"Aurobindo Unit III, India",69630,90,22,580.11,26.37,0.29,0.72,,,FALSE,8/27/14,8/27/14,,8/27/14
114-UG-T30,FPQ-10788,SCMS-162750,ASN-18152,Uganda,PMO - US,Direct Drop,DAP,Air,ARV,Adult,ASPEN PHARMACARE,"Etravirine 100mg [Intelence], tablets, 120 Tabs",Etravirine,Intelence,100mg,Tablet,"Janssen-Cilag, Latina, IT",69647,120,194,6984,36,0.3,8.64,,,FALSE,2/13/13,2/13/13,,10/25/12
101-CD-T30,FPQ-16001,SCMS-280210,ASN-31750,"Congo, DRC",PMO - US,Direct Drop,EXW,Air,HRDT,HIV test,"Trinity Biotech, Plc","HIV 1/2, Uni-Gold HIV Kit, 20 Tests","HIV 1/2, Uni-Gold HIV Kit",Uni-Gold,N/A,Test kit,"Trinity Biotech, Plc",69657,20,214,6848,32,1.6,8.06,,,FALSE,7/2/15,7/2/15,,3/16/15
106-HT-T30,FPQ-14083,SCMS-240202,ASN-28246,Haiti,PMO - US,Direct Drop,EXW,Ocean,ARV,Pediatric,MYLAN LABORATORIES LTD (FORMERLY MATRIX LABORATORIES),"Lamivudine/Nevirapine/Zidovudine 30/50/60mg, dispersible tablets, 60 Tabs",Lamivudine/Nevirapine/Zidovudine,Generic,30/50/60mg,Chewable/dispersible tablet - FDC,Mylan (formerly Matrix) Nashik,69659,60,1152,4147.2,3.6,0.06,4.26,,,FALSE,11/17/14,11/17/14,,7/31/14
116-ZA-T30,FPQ-13035,SCMS-215370,ASN-24415,South Africa,PMO - US,Direct Drop,DDP,Truck,ARV,Adult,S. BUYS WHOLESALER,"Tenofovir Disoproxil Fumarate 300mg, tablets, 30 Tabs",Tenofovir Disoproxil Fumarate,Generic,300mg,Tablet,"Aurobindo Unit III, India",69667,30,141,2682.45,19.02,0.63,3.32,,,FALSE,2/6/14,2/6/14,,12/2/13
109-TZ-T30,FPQ-6936,SCMS-100634,ASN-10903,Tanzania,PMO - US,Direct Drop,EXW,Air,HRDT,HIV test,"Standard Diagnostics, Inc.","HIV 1/2, Bioline 3.0 Kit, Lancets, Capillary pipets, Alcohol swabs included, 25 Tests","HIV 1/2, Bioline 3.0 Kit, Lancets, Capillary pipets, Alcohol swabs included",Bioline,N/A,Test kit,"Standard Diagnostics, Korea",69683,25,10000,200000,20,0.8,330,3334,23623.43,TRUE,7/14/11,7/14/11,,5/2/11
108-VN-T30,FPQ-13524,SCMS-226220,ASN-26923,Vietnam,PMO - US,Direct Drop,EXW,Air,ARV,Adult,HETERO LABS LIMITED,"Zidovudine 300mg, tablets, 60 Tabs",Zidovudine,Generic,300mg,Tablet,Hetero Unit III Hyderabad IN,69701,60,300,1650,5.5,0.09,1.7,,,FALSE,7/29/14,7/29/14,,3/10/14
110-ZM-T30,FPQ-4691,SCMS-60710,ASN-6289,Zambia,PMO - US,Direct Drop,EXW,Air,HRDT,HIV test,"Orgenics, Ltd","HIV 1/2, Determine Complete HIV Kit, 100 Tests","HIV 1/2, Determine Complete HIV Kit",Determine,N/A,Test kit,Inverness Japan,69754,100,2100,151200,72,0.72,325.99,1016,16061.5,TRUE,3/18/10,3/18/10,,12/22/09
108-VN-T30,FPQ-4265,SCMS-56280,ASN-5739,Vietnam,PMO - US,Direct Drop,EXW,Air,ARV,Adult,CIPLA LIMITED,"Lamivudine/Nevirapine/Stavudine 150/200/30mg, tablets, 60 Tabs",Lamivudine/Nevirapine/Stavudine,Generic,150/200/30mg,Tablet - FDC,"Cipla, Goa, India",69767,60,40400,248460,6.15,0.1,486.98,3919,12704,TRUE,1/19/10,1/19/10,,11/2/09
106-HT-T30,FPQ-14083,SCMS-240110,ASN-27824,Haiti,PMO - US,Direct Drop,FCA,Air,ARV,Pediatric,ABBVIE LOGISTICS (FORMERLY ABBOTT LOGISTICS BV),"Lopinavir/Ritonavir 100/25mg [Aluvia], tablets, 60 Tabs",Lopinavir/Ritonavir,Generic,100/25mg,Tablet,ABBVIE Ludwigshafen Germany,69783,60,1320,7840.8,5.94,0.1,8.06,,,FALSE,9/26/14,9/26/14,,5/28/14
114-UG-T30,FPQ-10788,SCMS-162670,ASN-17287,Uganda,PMO - US,Direct Drop,CIP,Air,ARV,Adult,MERCK SHARP & DOHME IDEA GMBH (FORMALLY MERCK SHARP & DOHME B.V.),"Raltegravir 400mg [Isentress], tablets, 60 Tabs",Raltegravir,Isentress,400mg,Tablet,"MSD, Haarlem, NL",69790,60,774,42957,55.5,0.92,53.14,92,1114,TRUE,12/12/12,12/12/12,,10/25/12
108-VN-T30,FPQ-7427,SCMS-105540,ASN-11855,Vietnam,PMO - US,Direct Drop,EXW,Air,ARV,Adult,HETERO LABS LIMITED,"Lamivudine/Nevirapine/Stavudine 150/200/30mg, tablets, 60 Tabs",Lamivudine/Nevirapine/Stavudine,Generic,150/200/30mg,Tablet - FDC,Hetero Unit III Hyderabad IN,69871,60,22925,110040,4.8,0.08,181.57,3723,19056.13,TRUE,9/21/11,9/21/11,,4/14/11
161-ZA-T30,FPQ-5303,SCMS-68750,ASN-8515,South Africa,PMO - US,Direct Drop,DDP,Air,ARV,Adult,CIPLA LIMITED,"Tenofovir Disoproxil Fumarate 300mg, tablets, 30 Tabs",Tenofovir Disoproxil Fumarate,Generic,300mg,Tablet,"Cipla, Goa, India",69875,30,51828,405294.97,7.82,0.26,873.82,3543,3646.13,TRUE,10/13/10,11/17/10,,3/19/10
106-HT-T30,FPQ-7066,SCMS-100140,ASN-10007,Haiti,PMO - US,Direct Drop,FCA,Air,ARV,Pediatric,BRISTOL-MYERS SQUIBB,"Didanosine 50mg [Videx], chewable tablets, 60 Tabs",Didanosine,Videx,50mg,Chewable/dispersible tablet,"BMS Meymac, France",69881,60,300,2850,9.5,0.16,4.7,,,FALSE,4/5/11,4/5/11,,2/15/11
105-SS-T30,FPQ-15569,SCMS-272160,ASN-31335,South Sudan,PMO - US,Direct Drop,EXW,Air,HRDT,HIV test,"Orgenics, Ltd","HIV 1/2, Determine Complete HIV Kit, 100 Tests","HIV 1/2, Determine Complete HIV Kit",Determine,N/A,Test kit,"Alere Medical Co., Ltd.",69898,100,30,2670,89,0.89,3.14,,,FALSE,6/3/15,6/3/15,,2/20/15
104-CI-T30,FPQ-11294,SCMS-173131,ASN-19635,Côte d'Ivoire,PMO - US,Direct Drop,EXW,Air,HRDT,HIV test,"Orgenics, Ltd","HIV 1/2, Determine Complete HIV Kit, 100 Tests","HIV 1/2, Determine Complete HIV Kit",Determine,N/A,Test kit,"Alere Medical Co., Ltd.",69900,100,2954,236320,80,0.8,292.33,1284,125.42,TRUE,6/4/13,6/4/13,,1/15/13
103-ZW-T30,FPQ-13969,SCMS-239210,ASN-29006,Zimbabwe,PMO - US,Direct Drop,EXW,Air,ARV,Pediatric,MICRO LABS LIMITED,"Efavirenz 200mg, capsule, 90 Caps",Efavirenz,Generic,200mg,Capsule,"Micro labs, Verna, Goa, India",69903,90,5291,23386.22,4.42,0.05,24.04,800,5697.64,TRUE,11/28/14,11/28/14,,5/16/14
161-ZA-T30,FPQ-6262,SCMS-83730,ASN-9943,South Africa,PMO - US,Direct Drop,DDP,Ocean,ARV,Adult,Aurobindo Pharma Limited,"Efavirenz 600mg, tablets, 30 Tabs",Efavirenz,Generic,600mg,Tablet,"Aurobindo Unit III, India",69908,30,128467,581955.5,4.53,0.15,1254.7,11033,11203.81,TRUE,4/26/11,4/12/11,,9/24/10
101-CD-T30,FPQ-16001,SCMS-280210,ASN-31750,"Congo, DRC",PMO - US,Direct Drop,EXW,Air,HRDT,HIV test,"Trinity Biotech, Plc","HIV 1/2, Uni-Gold HIV Kit, 20 Tests","HIV 1/2, Uni-Gold HIV Kit",Uni-Gold,N/A,Test kit,"Trinity Biotech, Plc",69922,20,77,2464,32,1.6,2.9,,,FALSE,7/2/15,7/2/15,,3/16/15
127-KE-T30,FPQ-8155,SCMS-119170,ASN-12443,Kenya,PMO - US,Direct Drop,EXW,Air,HRDT,HIV test,"Standard Diagnostics, Inc.","HIV 1/2, Bioline 3.0 Kit, Lancets, Capillary pipets, Alcohol swabs included, 25 Tests","HIV 1/2, Bioline 3.0 Kit, Lancets, Capillary pipets, Alcohol swabs included",Bioline,N/A,Test kit,"Standard Diagnostics, Korea",69925,25,15304,306080,20,0.8,505.03,5102,33718.08,TRUE,10/31/11,10/31/11,,8/29/11
151-NG-T30,FPQ-15059,SCMS-260990,ASN-32010,Nigeria,PMO - US,Direct Drop,FCA,Air,ARV,Pediatric,ABBVIE LOGISTICS (FORMERLY ABBOTT LOGISTICS BV),"Lopinavir/Ritonavir 80/20mg/ml [Kaletra], oral solution, cool, Bottle 5 x 60 ml",Lopinavir/Ritonavir,Kaletra,80/20mg/ml,Oral solution,ABBVIE (Abbott) Logis. UK,69952,300,789,24316.98,30.82,0.1,25,794,5808.69,TRUE,6/2/15,6/2/15,,10/23/14
116-ZA-T30,FPQ-3560,SCMS-49681,ASN-5497,South Africa,PMO - US,Direct Drop,DDP,Truck,ARV,Pediatric,S. BUYS WHOLESALER,"Efavirenz 50mg, capsule, 30 Caps",Efavirenz,Generic,50mg,Capsule,"Aurobindo Unit III, India",69968,30,90,369.49,4.11,0.14,0.72,,,TRUE,10/30/09,10/30/09,,7/21/09
116-ZA-T30,FPQ-11828,SCMS-183950,ASN-19166,South Africa,South Africa Field Office,Direct Drop,DDP,Truck,ARV,Adult,S. BUYS WHOLESALER,"Lamivudine/Zidovudine 150/300mg [Combivir], tablets, 60 Tabs",Lamivudine/Zidovudine,Combivir,150/300mg,Tablet - FDC,"GSK, U1, Poznan, Poland",70014,60,2,71.35,35.67,0.59,0.09,,,FALSE,4/16/13,4/16/13,,
108-VN-T30,FPQ-5094,SCMS-68530,ASN-7300,Vietnam,PMO - US,Direct Drop,EXW,Air,ARV,Adult,Aurobindo Pharma Limited,"Lamivudine/Zidovudine 150/300mg, tablets, 60 Tabs",Lamivudine/Zidovudine,Generic,150/300mg,Tablet - FDC,"Aurobindo Unit III, India",70029,60,9072,77565.6,8.55,0.14,167.23,902,7421.81,TRUE,7/29/10,7/29/10,,3/24/10
107-RW-T30,FPQ-14813,SCMS-261780,ASN-32156,Rwanda,PMO - US,Direct Drop,EXW,Air,ARV,Adult,EMCURE PHARMACEUTICALS LTD,"Atazanavir/Ritonavir 300/100mg, tablets, 30 Tabs",Atazanavir/Ritonavir,Generic,300/100mg,Tablet,"Emcure Plot No.P-2, I.T-B.T. Park, Phase II, MIDC, Hinjwadi, Pune, India",70041,30,8000,144000,18,0.6,148.03,1045,6949.93,TRUE,5/27/15,5/27/15,,12/15/14
201-UG-T30,FPQ-14825,SCMS-254400,ASN-29338,Uganda,PMO - US,Direct Drop,EXW,Air,HRDT,HIV test,"Orgenics, Ltd","HIV 1/2, Determine Complete HIV Kit, 100 Tests","HIV 1/2, Determine Complete HIV Kit",Determine,N/A,Test kit,"Alere Medical Co., Ltd.",70044,100,2500,200000,80,0.8,205.6,1010,8399.6,TRUE,12/19/14,12/19/14,,9/18/14
108-VN-T30,FPQ-15292,SCMS-268450,ASN-30674,Vietnam,PMO - US,Direct Drop,FCA,Air,ARV,Adult,ABBVIE LOGISTICS (FORMERLY ABBOTT LOGISTICS BV),"Ritonavir 100mg [Norvir], film coated tablets, 30 Tabs",Ritonavir,Norvir,100mg,Tablet,ABBVIE Ludwigshafen Germany,70131,30,572,13304.72,23.26,0.78,15.66,,,FALSE,3/31/15,3/31/15,,12/18/14
116-ZA-T30,FPQ-13973,SCMS-238553,ASN-28021,South Africa,PMO - US,Direct Drop,DDP,Truck,ARV,Adult,PHARMACY DIRECT,"Efavirenz 600mg, tablets, 30 Tabs",Efavirenz,Generic,600mg,Tablet,"Aurobindo Unit III, India",70138,30,120,1871.52,15.6,0.52,1.92,,,FALSE,8/28/14,8/28/14,,8/28/14
105-SS-T30,FPQ-14470,SCMS-245240,ASN-29503,South Sudan,PMO - US,Direct Drop,EXW,Air,HRDT,HIV test,"Trinity Biotech, Plc","HIV 1/2, Uni-Gold HIV Kit, 20 Tests","HIV 1/2, Uni-Gold HIV Kit",Uni-Gold,N/A,Test kit,"Trinity Biotech, Plc",70144,20,35,1120,32,1.6,1.15,,,FALSE,1/9/15,1/9/15,,7/1/14
113-ZW-T30,FPQ-4483,SCMS-56170,ASN-5501,Zimbabwe,PMO - US,Direct Drop,EXW,Air,HRDT,HIV test,"Standard Diagnostics, Inc.","HIV 1/2, Bioline 3.0 Kit, Lancets, Capillary pipets, Alcohol swabs included, 25 Tests","HIV 1/2, Bioline 3.0 Kit, Lancets, Capillary pipets, Alcohol swabs included",Bioline,N/A,Test kit,"Standard Diagnostics, Korea",70162,25,5080,101600,20,0.8,219.05,1694,12127.58,TRUE,1/4/10,1/4/10,,10/29/09
116-ZA-T30,FPQ-7176,SCMS-104410,ASN-10873,South Africa,PMO - US,Direct Drop,DDP,Ocean,ARV,Adult,CIPLA LIMITED,"Tenofovir Disoproxil Fumarate 300mg, tablets, 30 Tabs",Tenofovir Disoproxil Fumarate,Generic,300mg,Tablet,"Cipla, Goa, India",70184,30,65000,420550,6.47,0.22,693.91,4364,10758.45,TRUE,8/6/11,8/6/11,,4/1/11
108-VN-T30,FPQ-9577,SCMS-145530,ASN-16123,Vietnam,PMO - US,Direct Drop,EXW,Air,ARV,Adult,MYLAN LABORATORIES LTD (FORMERLY MATRIX LABORATORIES),"Lamivudine/Nevirapine/Zidovudine 150/200/300mg, tablets, 60 Tabs",Lamivudine/Nevirapine/Zidovudine,Generic,150/300/200mg,Tablet - FDC,Mylan (formerly Matrix) Nashik,70207,60,12665,118417.75,9.35,0.16,166.02,,,FALSE,10/9/12,10/9/12,,6/12/12
108-VN-T30,FPQ-6384,SCMS-87750,ASN-9090,Vietnam,PMO - US,Direct Drop,EXW,Air,ARV,Adult,MYLAN LABORATORIES LTD (FORMERLY MATRIX LABORATORIES),"Tenofovir Disoproxil Fumarate 300mg, tablets, 30 Tabs",Tenofovir Disoproxil Fumarate,Generic,300mg,Tablet,Mylan (formerly Matrix) Nashik,70210,30,5208,35154,6.75,0.22,75.79,,,FALSE,12/21/10,12/21/10,,10/14/10
116-ZA-T30,FPQ-13973,SCMS-238553,ASN-28021,South Africa,PMO - US,Direct Drop,DDP,Truck,ARV,Pediatric,PHARMACY DIRECT,"Lamivudine 10mg/ml, oral solution, Bottle, 240 ml",Lamivudine,Generic,10mg/ml,Oral solution,"Aurobindo Unit III, India",70211,240,20,143.05,7.15,0.03,0.15,,,FALSE,8/28/14,8/28/14,,8/28/14
144-BW-T30,FPQ-4167,SCMS-54070,ASN-7749,Botswana,PMO - US,Direct Drop,EXW,Air,HRDT,HIV test,"Orgenics, Ltd","HIV 1/2, Determine HIV Kit, without Lancets, 100 Tests","HIV 1/2, Determine HIV Kit, without Lancets",Determine,N/A,Test kit,Inverness Japan,70212,100,8,560,70,0.7,1.1,2,807.65,TRUE,9/6/10,9/6/10,,9/29/09
133-NG-T30,FPQ-15504,SCMS-270771,ASN-32754,Nigeria,PMO - US,Direct Drop,EXW,Air,HRDT,HIV test,"Orgenics, Ltd","HIV 1/2, Determine Complete HIV Kit, 100 Tests","HIV 1/2, Determine Complete HIV Kit",Determine,N/A,Test kit,"Alere Medical Co., Ltd.",70219,100,5681,505609,89,0.89,595.1,2307,26294.95,TRUE,6/30/15,6/30/15,,3/13/15
107-RW-T30,FPQ-4032,SCMS-51670,ASN-5831,Rwanda,PMO - US,Direct Drop,EXW,Air,HRDT,HIV test,"Orgenics, Ltd","HIV 1/2, Determine HIV Kit, without Lancets, 100 Tests","HIV 1/2, Determine HIV Kit, without Lancets",Determine,N/A,Test kit,Inverness Japan,70230,100,5085,355950,70,0.7,697.66,1154,46723.42,TRUE,2/16/10,2/16/10,,8/18/09
202-GT-T30,FPQ-6964,SCMS-96160,ASN-10479,Guatemala,PMO - US,Direct Drop,FCA,Air,ARV,Adult,Hoffmann-La Roche ltd Basel,"Saquinavir 500mg [Invirase], tablets, 120 Tabs",Saquinavir,Invirase,500mg,Tablet,Roche Basel,70236,120,175,41553.18,237.45,1.98,68.56,31,566.56,TRUE,4/18/11,4/18/11,,1/5/11
901-CM-T30,FPQ-12528,SCMS-196530,ASN-20912,Cameroon,PMO - US,Direct Drop,EXW,Air,ARV,Adult,HETERO LABS LIMITED,"Efavirenz 600mg, tablets, 30 Tabs",Efavirenz,Generic,600mg,Tablet,"Hetero, Jadcherla, unit 5, IN",70259,30,19195,62191.8,3.24,0.11,76.93,1632,15773.2,TRUE,8/28/13,8/28/13,,7/1/13
116-ZA-T30,FPQ-4770,SCMS-60170,ASN-5933,South Africa,PMO - US,Direct Drop,DDP,Truck,ARV,Adult,S. BUYS WHOLESALER,"Abacavir 300mg [Ziagen], tablets, Blister 6 x 10 Tabs",Abacavir,Ziagen,300mg,Tablet - blister,GSK Ware (UK),70260,60,40,1607.43,40.19,0.67,3.47,,,FALSE,12/29/09,12/29/09,,12/23/09
161-ZA-T30,FPQ-6262,SCMS-83820,ASN-9480,South Africa,PMO - US,Direct Drop,DDP,Ocean,ARV,Adult,Aurobindo Pharma Limited,"Zidovudine 300mg, tablets, 60 Tabs",Zidovudine,Generic,300mg,Tablet,"Aurobindo Unit III, India",70299,60,86467,633803.1,7.33,0.12,1366.48,4364,4295.6,TRUE,1/11/11,3/4/11,,9/24/10
102-BI-T30,FPQ-14713,SCMS-251520,ASN-29870,Burundi,PMO - US,Direct Drop,EXW,Air,HRDT,HIV test,"Orgenics, Ltd","HIV 1/2, Determine Complete HIV Kit, 100 Tests","HIV 1/2, Determine Complete HIV Kit",Determine,N/A,Test kit,"Alere Medical Co., Ltd.",70309,100,1608,128640,80,0.8,132.24,958,15012.16,TRUE,2/2/15,2/2/15,,8/28/14
116-ZA-T30,FPQ-14942,SCMS-259075,ASN-32138,South Africa,PMO - US,Direct Drop,DDP,Truck,ARV,Adult,PHARMACY DIRECT,"Raltegravir 400mg [Isentress], tablets, 60 Tabs",Raltegravir,Isentress,400mg,Tablet,"MSD, Haarlem, NL",70329,60,3,183.49,61.16,1.02,0.19,,,FALSE,5/12/15,5/12/15,,5/11/15
161-ZA-T30,FPQ-7175,SCMS-123580,ASN-12993,South Africa,PMO - US,Direct Drop,DDP,Ocean,ARV,Adult,Aurobindo Pharma Limited,"Efavirenz 600mg, tablets, 30 Tabs",Efavirenz,Generic,600mg,Tablet,"Aurobindo Unit III, India",70356,30,246113,1048441.4,4.26,0.14,1729.93,20896,16429.13,TRUE,12/22/11,1/4/12,,9/30/11
104-CI-T30,FPQ-4381,SCMS-57280,ASN-6443,Côte d'Ivoire,PMO - US,Direct Drop,CIP,Air,ARV,Adult,MERCK SHARP & DOHME IDEA GMBH (FORMALLY MERCK SHARP & DOHME B.V.),"Efavirenz/Emtricitabine/Tenofovir Disoproxil Fumarate 600/200/300mg [Atripla], tablets, 30 Tabs",Efavirenz/Emtricitabine/Tenofovir Disoproxil Fumarate,Atripla,600/200/300mg,Tablet - FDC,"MSD, Haarlem, NL",70366,30,3600,181440,50.4,1.68,355.62,402,1924.57,TRUE,4/16/10,4/16/10,,11/17/09
116-ZA-T30,FPQ-13973,SCMS-238553,ASN-28021,South Africa,PMO - US,Direct Drop,DDP,Truck,ARV,Pediatric,PHARMACY DIRECT,"Efavirenz 200mg, capsule, 90 Caps",Efavirenz,Generic,200mg,Capsule,"Aurobindo Unit III, India",70368,90,58,1368.05,23.59,0.26,1.41,,,FALSE,8/28/14,8/28/14,,8/28/14
106-HT-T30,FPQ-15038,SCMS-262850,ASN-30567,Haiti,PMO - US,Direct Drop,EXW,Air,ARV,Adult,MYLAN LABORATORIES LTD (FORMERLY MATRIX LABORATORIES),"Abacavir 300mg, tablets, 60 Tabs",Abacavir,Generic,300mg,Tablet,Mylan (formerly Matrix) Nashik,70374,60,4680,51433.2,10.99,0.18,52.87,487,3463.53,TRUE,3/13/15,3/13/15,,12/24/14
108-VN-T30,FPQ-12051,SCMS-190510,ASN-21651,Vietnam,PMO - US,Direct Drop,EXW,Air,ARV,Adult,HETERO LABS LIMITED,"Efavirenz 600mg, tablets, 30 Tabs",Efavirenz,Generic,600mg,Tablet,"Hetero, Jadcherla, unit 5, IN",70404,30,14374,46571.76,3.24,0.11,57.61,1228,1849.17,TRUE,9/24/13,9/24/13,,5/21/13
107-RW-T30,FPQ-6186,SCMS-83320,ASN-9331,Rwanda,PMO - US,Direct Drop,CIP,Air,ARV,Adult,CIPLA LIMITED,"Lopinavir/Ritonavir 200/50mg, tablets, 120 Tabs",Lopinavir/Ritonavir,Generic,200/50mg,Tablet,Cipla Ltd A-42 MIDC Mahar. IN,70461,120,1802,61808.6,34.3,0.29,133.26,,,TRUE,1/7/11,1/7/11,,9/27/10
161-ZA-T30,FPQ-6708,SCMS-93430,ASN-11284,South Africa,PMO - US,Direct Drop,DDP,Air,ARV,Pediatric,GLAXOSMITHKLINE EXPORT LIMITED,"Abacavir 20mg/ml [Ziagen], oral solution, Bottle, 240 ml",Abacavir,Ziagen,20mg/ml,Oral solution,GSK Mississauga (Canada),70471,240,32000,320640,10.02,0.04,529.06,12264,10277.92,TRUE,8/12/11,8/12/11,,12/14/10
108-VN-T30,FPQ-7427,SCMS-105480,ASN-11710,Vietnam,PMO - US,Direct Drop,EXW,Air,ARV,Adult,MYLAN LABORATORIES LTD (FORMERLY MATRIX LABORATORIES),"Lamivudine/Nevirapine/Zidovudine 150/200/300mg, tablets, 60 Tabs",Lamivudine/Nevirapine/Zidovudine,Generic,150/300/200mg,Tablet - FDC,Mylan (formerly Matrix) Nashik,70486,60,24428,268463.72,10.99,0.18,442.97,3408,13674.64,TRUE,9/5/11,9/5/11,,4/14/11
114-UG-T30,FPQ-12477,SCMS-198700,ASN-21822,Uganda,PMO - US,Direct Drop,EXW,Ocean,ARV,Adult,STRIDES ARCOLAB LIMITED,"Efavirenz 600mg, tablets, 30 Tabs",Efavirenz,Generic,600mg,Tablet,"Strides, Bangalore, India.",70505,30,63652,203049.88,3.19,0.11,251.17,3914,7769.41,TRUE,11/8/13,11/8/13,,7/30/13
161-ZA-T30,FPQ-5648,SCMS-75990,ASN-8902,South Africa,PMO - US,Direct Drop,DDP,Ocean,ARV,Adult,Aurobindo Pharma Limited,"Tenofovir Disoproxil Fumarate 300mg, tablets, 30 Tabs",Tenofovir Disoproxil Fumarate,Generic,300mg,Tablet,"Aurobindo Unit III, India",70508,30,80381,555432.7,6.91,0.23,1197.51,7503,6147.08,TRUE,1/12/11,1/6/11,,6/17/10
104-CI-T30,FPQ-13167,SCMS-215460,ASN-24164,Côte d'Ivoire,PMO - US,Direct Drop,EXW,Air,ARV,Pediatric,Aurobindo Pharma Limited,"Didanosine 200mg, delayed-release capsules, 30 Caps",Didanosine,Generic,200mg,Delayed-release capsules,"Aurobindo Unit III, India",70511,30,827,9097,11,0.37,9.35,72,1721.91,TRUE,2/14/14,2/14/14,,12/16/13
133-NG-T30,FPQ-14995,SCMS-260700,ASN-29933,Nigeria,PMO - US,Direct Drop,EXW,Air,HRDT,HIV test,"Orgenics, Ltd","HIV 1/2, Determine Complete HIV Kit, 100 Tests","HIV 1/2, Determine Complete HIV Kit",Determine,N/A,Test kit,"Alere Medical Co., Ltd.",70516,100,3176,282664,89,0.89,290.58,1288,16002.97,TRUE,1/19/15,1/19/15,,10/29/14
108-VN-T30,FPQ-13524,SCMS-226260,ASN-26927,Vietnam,PMO - US,Direct Drop,EXW,Air,ARV,Adult,HETERO LABS LIMITED,"Abacavir 300mg, tablets, 60 Tabs",Abacavir,Generic,300mg,Tablet,Hetero Unit III Hyderabad IN,70526,60,950,10877.5,11.45,0.19,11.18,,,FALSE,8/13/14,8/13/14,,3/10/14
106-HT-T30,FPQ-11443,SCMS-180960,ASN-20434,Haiti,PMO - US,Direct Drop,EXW,Air,ARV,Adult,MICRO LABS LIMITED,"Nevirapine 200mg, tablets, 60 Tabs",Nevirapine,Generic,200mg,Tablet,"Micro labs, Verna, Goa, India",70531,60,15825,34815,2.2,0.04,43.07,,,FALSE,8/14/13,8/14/13,,3/22/13
106-HT-T30,FPQ-13797,SCMS-233980,ASN-26456,Haiti,PMO - US,Direct Drop,EXW,Air,ARV,Pediatric,CIPLA LIMITED,"Lamivudine/Nevirapine/Zidovudine 30/50/60mg, dispersible tablets, 60 Tabs",Lamivudine/Nevirapine/Zidovudine,Generic,30/50/60mg,Chewable/dispersible tablet - FDC,"Cipla, Goa, India",70553,60,2594,9338.4,3.6,0.06,9.6,231,2076.58,TRUE,8/1/14,8/1/14,,4/30/14
106-HT-T30,FPQ-6485,SCMS-89580,ASN-8883,Haiti,PMO - US,Direct Drop,EXW,Air,HRDT,HIV test,Orasure Technologies Inc.,"HIV 1/2, OraQuick Advance HIV Rapid Antibody Kit, 100 Tests","HIV 1/2, OraQuick Advance HIV Rapid Antibody Kit",OraQuick,N/A,Test kit,"Orasure Technologies, Inc",70554,100,85,29750,350,3.5,64.14,187,3254.23,TRUE,12/17/10,12/17/10,,11/4/10
108-VN-T30,FPQ-7565,SCMS-107631,ASN-11363,Vietnam,PMO - US,Direct Drop,EXW,Air,ARV,Adult,STRIDES ARCOLAB LIMITED,"Lamivudine 150mg, tablets, 60 Tabs",Lamivudine,Generic,150mg,Tablet,"Strides, Bangalore, India.",70559,60,50000,117500,2.35,0.04,193.88,2537,9145.1,TRUE,7/26/11,7/26/11,,5/2/11
116-ZA-T30,FPQ-12522,SCMS-199283,ASN-27979,South Africa,PMO - US,Direct Drop,DDP,Truck,ARV,Pediatric,S. BUYS WHOLESALER,"Efavirenz 50mg, capsule, 30 Caps",Efavirenz,Generic,50mg,Capsule,"Aurobindo Unit III, India",70573,30,19,63.01,3.32,0.11,0.08,,,FALSE,8/27/14,8/27/14,,8/27/14
108-VN-T30,FPQ-6384,SCMS-87740,ASN-9153,Vietnam,PMO - US,Direct Drop,EXW,Air,ARV,Adult,STRIDES ARCOLAB LIMITED,"Lamivudine 150mg, tablets, 60 Tabs",Lamivudine,Generic,150mg,Tablet,"Strides, Bangalore, India.",70577,60,29847,70140.45,2.35,0.04,151.22,1403,6475.64,TRUE,12/23/10,12/23/10,,10/15/10
101-CD-T30,FPQ-16001,SCMS-280220,ASN-32231,"Congo, DRC",PMO - US,Direct Drop,EXW,Air,HRDT,HIV test,"Orgenics, Ltd","HIV 1/2, Determine Complete HIV Kit, 100 Tests","HIV 1/2, Determine Complete HIV Kit",Determine,N/A,Test kit,"Alere Medical Co., Ltd.",70582,100,56,4480,80,0.8,5.27,,,FALSE,7/23/15,7/23/15,,3/17/15
114-UG-T30,FPQ-11098,SCMS-171680,ASN-18882,Uganda,PMO - US,Direct Drop,EXW,Air,HRDT,HIV test,"Orgenics, Ltd","HIV 1/2, Determine Complete HIV Kit, 100 Tests","HIV 1/2, Determine Complete HIV Kit",Determine,N/A,Test kit,"Alere Medical Co., Ltd.",70614,100,3035,242800,80,0.8,300.34,1346,32471.83,TRUE,4/29/13,4/29/13,,1/2/13
108-VN-T30,FPQ-10267,SCMS-153090,ASN-16362,Vietnam,PMO - US,Direct Drop,EXW,Air,ARV,Adult,HETERO LABS LIMITED,"Lamivudine 150mg, tablets, 60 Tabs",Lamivudine,Generic,150mg,Tablet,Hetero Unit III Hyderabad IN,70619,60,27634,58031.4,2.1,0.04,81.36,1616,3147.88,TRUE,10/9/12,10/9/12,,7/12/12
133-NG-T30,FPQ-14305,SCMS-240830,ASN-27467,Nigeria,PMO - US,Direct Drop,EXW,Air,HRDT,HIV test,"Orgenics, Ltd","HIV 1/2, Determine Complete HIV Kit, 100 Tests","HIV 1/2, Determine Complete HIV Kit",Determine,N/A,Test kit,"Alere Medical Co., Ltd.",70714,100,6101,542989,89,0.89,558.19,2471,35912.43,TRUE,8/19/14,8/19/14,,6/2/14
108-VN-T30,FPQ-10644,SCMS-161070,ASN-17741,Vietnam,PMO - US,Direct Drop,EXW,Air,ARV,Adult,MICRO LABS LIMITED,"Lamivudine 150mg, tablets, 60 Tabs",Lamivudine,Generic,150mg,Tablet,"Micro labs, Verna, Goa, India",70733,60,22430,41271.2,1.84,0.03,57.86,939,2040.93,TRUE,1/30/13,1/30/13,,9/24/12
105-SS-T30,FPQ-14470,SCMS-245240,ASN-29503,South Sudan,PMO - US,Direct Drop,EXW,Air,HRDT,HIV test,"Trinity Biotech, Plc","HIV 1/2, Uni-Gold HIV Kit, 20 Tests","HIV 1/2, Uni-Gold HIV Kit",Uni-Gold,N/A,Test kit,"Trinity Biotech, Plc",70750,20,450,14400,32,1.6,14.8,,,FALSE,1/9/15,1/9/15,,7/1/14
108-VN-T30,FPQ-5019,SCMS-64570,ASN-6261,Vietnam,PMO - US,Direct Drop,EXW,Air,ARV,Adult,Aurobindo Pharma Limited,"Tenofovir Disoproxil Fumarate 300mg, tablets, 30 Tabs",Tenofovir Disoproxil Fumarate,Generic,300mg,Tablet,"Aurobindo Unit III, India",70763,30,8400,65100,7.75,0.26,140.36,909,5964.52,TRUE,3/23/10,3/23/10,,2/3/10
133-NG-T30,FPQ-9599,SCMS-144200,ASN-15698,Nigeria,PMO - US,Direct Drop,EXW,Air,HRDT,HIV test,"Orgenics, Ltd","HIV 1/2, Determine Complete HIV Kit, 100 Tests","HIV 1/2, Determine Complete HIV Kit",Determine,N/A,Test kit,"Alere Medical Co., Ltd.",70788,100,3200,284800,89,0.89,399.29,1533,35813.98,TRUE,8/1/12,8/1/12,,5/3/12
109-TZ-T30,FPQ-10394,SCMS-156520,ASN-16037,Tanzania,PMO - US,Direct Drop,EXW,Air,ARV,Adult,Aurobindo Pharma Limited,"Lamivudine/Zidovudine 150/300mg, tablets, 60 Tabs",Lamivudine/Zidovudine,Generic,150/300mg,Tablet - FDC,"Aurobindo Unit III, India",70795,60,53051,379314.66,7.15,0.12,531.8,4611,21225.33,TRUE,9/27/12,10/4/12,,8/9/12
116-ZA-T30,FPQ-14942,SCMS-259075,ASN-32137,South Africa,PMO - US,Direct Drop,DDP,Truck,ARV,Adult,PHARMACY DIRECT,"Raltegravir 400mg [Isentress], tablets, 60 Tabs",Raltegravir,Isentress,400mg,Tablet,"MSD, Haarlem, NL",70797,60,6,366.99,61.16,1.02,0.38,,,FALSE,5/12/15,5/12/15,,5/11/15
109-TZ-T30,FPQ-10546,SCMS-159630,ASN-17948,Tanzania,PMO - US,Direct Drop,FCA,Air,ARV,Pediatric,ABBVIE LOGISTICS (FORMERLY ABBOTT LOGISTICS BV),"Lopinavir/Ritonavir 100/25mg [Aluvia], tablets, 60 Tabs",Lopinavir/Ritonavir,Generic,100/25mg,Tablet,ABBVIE Ludwigshafen Germany,70812,60,407,2592.59,6.37,0.11,3.63,68,1264.16,TRUE,3/15/13,3/15/13,,9/12/12
108-VN-T30,FPQ-10287,SCMS-156140,ASN-17077,Vietnam,PMO - US,Direct Drop,EXW,Air,ARV,Pediatric,Aurobindo Pharma Limited,"Nevirapine 10mg/ml, oral suspension w/syringe, Bottle, 240 ml",Nevirapine,Generic,10mg/ml,Oral suspension,"Aurobindo Unit III, India",70813,240,436,850.2,1.95,0.01,1.19,,,FALSE,12/10/12,12/10/12,,8/14/12
114-UG-T30,FPQ-11141,SCMS-171970,ASN-20132,Uganda,PMO - US,Direct Drop,FCA,Air,ARV,Adult,ABBVIE LOGISTICS (FORMERLY ABBOTT LOGISTICS BV),"Ritonavir 100mg [Norvir], film coated tablets, 60 Tabs",Ritonavir,Norvir,100mg,Tablet,ABBVIE Ludwigshafen Germany,70823,60,337,2308.45,6.85,0.11,2.86,55,1013.7,TRUE,7/5/13,7/5/13,,1/11/13
105-SS-T30,FPQ-14470,SCMS-245260,ASN-29409,South Sudan,PMO - US,Direct Drop,EXW,Air,HRDT,HIV test,"Orgenics, Ltd","HIV 1/2, Determine Complete HIV Kit, 100 Tests","HIV 1/2, Determine Complete HIV Kit",Determine,N/A,Test kit,"Alere Medical Co., Ltd.",70844,100,350,31150,89,0.89,32.02,,,FALSE,12/22/14,12/22/14,,6/30/14
107-RW-T30,FPQ-13874,SCMS-232310,ASN-25542,Rwanda,PMO - US,Direct Drop,EXW,Air,HRDT,HIV test,"SHANGHAI KEHUA BIOENGINEERING CO.,LTD.  (KHB)","HIV 1/2, SKB Colloidal Gold, Diagnostic Kit, Antibody, 50 Tests","HIV 1/2, Colloidal Gold, Diagnostic Kit, Antibody",Colloidal Gold,N/A,Test kit,"KHB Test Kit Facility, Shanghai China",70912,1,5994,146853,24.5,24.5,150.96,3996,53062.21,TRUE,4/28/14,4/28/14,,4/3/14
114-UG-T30,FPQ-12289,SCMS-192020,ASN-20948,Uganda,PMO - US,Direct Drop,EXW,Air,ARV,Pediatric,MICRO LABS LIMITED,"Efavirenz 50mg, capsule, 30 Caps",Efavirenz,Generic,50mg,Capsule,"Micro labs, Verna, Goa, India",70978,30,252,509.04,2.02,0.07,0.63,9,1678.53,TRUE,8/19/13,8/19/13,,6/7/13
107-RW-T30,FPQ-10223,SCMS-152910,ASN-15893,Rwanda,PMO - US,Direct Drop,EXW,Air,ARV,Adult,Aurobindo Pharma Limited,"Nevirapine 200mg, tablets, 60 Tabs",Nevirapine,Generic,200mg,Tablet,"Aurobindo Unit III, India",70979,60,58234,131026.5,2.25,0.04,183.7,5551,49069.74,TRUE,9/9/12,9/9/12,,7/16/12
102-KE-T30,FPQ-4250,SCMS-55902,ASN-5661,Kenya,PMO - US,Direct Drop,EXW,Air,HRDT,HIV test,"Orgenics, Ltd","HIV 1/2, Determine Complete HIV Kit, 100 Tests","HIV 1/2, Determine Complete HIV Kit",Determine,N/A,Test kit,Inverness Japan,70981,100,3250,260000,80,0.8,509.6,979,9507.81,TRUE,1/18/10,1/18/10,,10/23/09
161-ZA-T30,FPQ-7175,SCMS-103700,ASN-12628,South Africa,PMO - US,Direct Drop,DDP,Ocean,ARV,Adult,HETERO LABS LIMITED,"Efavirenz 600mg, tablets, 30 Tabs",Efavirenz,Generic,600mg,Tablet,Hetero Unit III Hyderabad IN,70991,30,92500,435675,4.71,0.16,718.86,7878,8134.37,TRUE,12/7/11,12/7/11,,3/23/11
110-ZM-T30,FPQ-14151,SCMS-240080,ASN-26469,Zambia,PMO - US,Direct Drop,EXW,Air,ARV,Adult,Aurobindo Pharma Limited,"Nevirapine 200mg, tablets, 60 Tabs",Nevirapine,Generic,200mg,Tablet,"Aurobindo Unit III, India",71001,60,12425,27956.25,2.25,0.04,28.74,1273,6637.36,TRUE,7/20/14,7/20/14,,5/21/14
901-LR-T30,FPQ-8135,SCMS-118690,ASN-12572,Liberia,PMO - US,Direct Drop,EXW,Air,HRDT,HIV test,"Trinity Biotech, Plc","HIV 1/2, Uni-Gold HIV Kit, 20 Tests","HIV 1/2, Uni-Gold HIV Kit",Uni-Gold,N/A,Test kit,"Trinity Biotech, Plc",71009,20,20,640,32,1.6,1.06,7,498.72,TRUE,10/31/11,10/31/11,,8/18/11
144-BW-T30,FPQ-4167,SCMS-54010,ASN-5830,Botswana,PMO - US,Direct Drop,EXW,Air,HRDT,HIV test,"Orgenics, Ltd","HIV 1/2, Determine HIV Kit, without Lancets, 100 Tests","HIV 1/2, Determine HIV Kit, without Lancets",Determine,N/A,Test kit,Inverness Japan,71012,100,8,560,70,0.7,1.1,3,690.02,TRUE,3/3/10,3/3/10,,9/29/09
105-GH-T30,FPQ-13872,SCMS-235791,ASN-26604,Ghana,PMO - US,Direct Drop,EXW,Air,ARV,Pediatric,Aurobindo Pharma Limited,"Efavirenz 50mg, capsule, 30 Caps",Efavirenz,Generic,50mg,Capsule,"Aurobindo Unit III, India",71016,30,38584,60191.04,1.56,0.05,61.88,2773,21807.62,TRUE,7/17/14,7/17/14,,5/7/14
105-SS-T30,FPQ-15569,SCMS-272170,ASN-32107,South Sudan,PMO - US,Direct Drop,EXW,Air,HRDT,HIV test - Ancillary,"Orgenics, Ltd","Capillary Tubes, for Determine, EDTA, 50uL,100 Pcs","HIV, Capillary Tubes, for Determine, EDTA, 50uL,100 Pcs",Determine,N/A,Test kit - Ancillary,"Alere Medical Co., Ltd.",71045,100,50,400,8,0.08,0.47,,,FALSE,7/2/15,7/7/15,,2/20/15
116-ZA-T30,FPQ-3560,SCMS-49641,ASN-5136,South Africa,PMO - US,Direct Drop,DDP,Truck,ARV,Adult,S. BUYS WHOLESALER,"Abacavir 300mg [Ziagen], tablets, Blister 6 x 10 Tabs",Abacavir,Ziagen,300mg,Tablet - blister,GSK Ware (UK),71060,60,250,11850.3,47.4,0.79,23.23,,,FALSE,8/5/09,8/5/09,,7/21/09
107-RW-T30,FPQ-10092,SCMS-149432,ASN-15626,Rwanda,PMO - US,Direct Drop,EXW,Air,ARV,Adult,HETERO LABS LIMITED,"Lamivudine/Tenofovir Disoproxil Fumarate 300/300mg, tablets, 30 Tabs",Lamivudine/Tenofovir Disoproxil Fumarate,Generic,300/300mg,Tablet - FDC,Hetero Unit III Hyderabad IN,71064,30,40805,195455.95,4.79,0.16,274.03,4574,45060.6,TRUE,8/4/12,8/4/12,,6/12/12
116-ZA-T30,FPQ-13973,SCMS-238550,ASN-30792,South Africa,PMO - US,Direct Drop,DDP,Truck,ARV,Adult,PHARMACY DIRECT,"Raltegravir 400mg [Isentress], tablets, 60 Tabs",Raltegravir,Isentress,400mg,Tablet,"MSD, Haarlem, NL",71076,60,3,253.94,84.65,1.41,0.26,,,FALSE,2/19/15,2/19/15,,5/8/14
161-ZA-T30,FPQ-6262,SCMS-83770,ASN-10570,South Africa,PMO - US,Direct Drop,DDP,Ocean,ARV,Adult,Aurobindo Pharma Limited,"Lamivudine 150mg, tablets, 60 Tabs",Lamivudine,Generic,150mg,Tablet,"Aurobindo Unit III, India",71096,60,25342,60060.54,2.37,0.04,129.49,1279,11372.22,TRUE,4/26/11,6/8/11,,9/24/10
107-RW-T30,FPQ-11773,SCMS-179950,ASN-18798,Rwanda,PMO - US,Direct Drop,EXW,Air,HRDT,HIV test,"Orgenics, Ltd","HIV 1/2, Determine HIV Kit, without Lancets, 100 Tests","HIV 1/2, Determine HIV Kit, without Lancets",Determine,N/A,Test kit,"Alere Medical Co., Ltd.",71111,100,3500,271950,77.7,0.78,336.4,795,11855.59,TRUE,11/1/13,11/1/13,,3/1/13
106-HT-T30,FPQ-13797,SCMS-233981,ASN-27709,Haiti,PMO - US,Direct Drop,EXW,Ocean,ARV,Adult,CIPLA LIMITED,"Lamivudine/Tenofovir Disoproxil Fumarate 300/300mg, tablets, 30 Tabs",Lamivudine/Tenofovir Disoproxil Fumarate,Generic,300/300mg,Tablet - FDC,"Cipla, Kurkumbh, India",71116,30,11194,51380.46,4.59,0.15,52.82,,,TRUE,10/28/14,10/28/14,,5/30/14
109-TZ-T30,FPQ-13048,SCMS-210880,ASN-25839,Tanzania,PMO - US,Direct Drop,FCA,Air,ARV,Pediatric,ABBVIE LOGISTICS (FORMERLY ABBOTT LOGISTICS BV),"Lopinavir/Ritonavir 100/25mg [Aluvia], tablets, 60 Tabs",Lopinavir/Ritonavir,Generic,100/25mg,Tablet,ABBVIE Ludwigshafen Germany,71150,60,1956,11618.64,5.94,0.1,14.37,230,2215.81,TRUE,6/24/14,6/24/14,,10/31/13
151-NG-T30,FPQ-12803,SCMS-207130,ASN-23375,Nigeria,PMO - US,Direct Drop,FCA,Air,ARV,Pediatric,ABBVIE LOGISTICS (FORMERLY ABBOTT LOGISTICS BV),"Lopinavir/Ritonavir 80/20mg/ml [Kaletra], oral solution, cool, Bottle 5 x 60 ml",Lopinavir/Ritonavir,Kaletra,80/20mg/ml,Oral solution,ABBVIE (Abbott) Logis. UK,71167,300,1943,59883.26,30.82,0.1,74.08,1848,17654.94,TRUE,1/10/14,1/10/14,,9/17/13
113-ZW-T30,FPQ-13939,SCMS-240580,ASN-27035,Zimbabwe,PMO - US,Direct Drop,EXW,Air Charter,ARV,Adult,Aurobindo Pharma Limited,"Lamivudine/Tenofovir Disoproxil Fumarate 300/300mg, tablets, 30 Tabs",Lamivudine/Tenofovir Disoproxil Fumarate,Generic,300/300mg,Tablet - FDC,"Aurobindo Unit VII, IN",71180,30,29146,135528.9,4.65,0.16,139.32,2870,19430.86,TRUE,7/23/14,7/23/14,,5/26/14
102-SZ-T30,FPQ-9212,SCMS-135100,ASN-14107,Swaziland,PMO - US,Direct Drop,EXW,Air,HRDT,HIV test,"Orgenics, Ltd","HIV 1/2, Determine Complete HIV Kit, 100 Tests","HIV 1/2, Determine Complete HIV Kit",Determine,N/A,Test kit,"Alere Medical Co., Ltd.",71219,100,130,10400,80,0.8,14.58,60,1360.14,TRUE,4/2/12,4/2/12,,2/6/12
110-ZM-T30,FPQ-11561,SCMS-183050,ASN-19390,Zambia,PMO - US,Direct Drop,FCA,Air,ARV,Pediatric,ABBVIE LOGISTICS (FORMERLY ABBOTT LOGISTICS BV),"Lopinavir/Ritonavir 80/20mg/ml [Kaletra], oral solution, cool, Bottle 5 x 60 ml",Lopinavir/Ritonavir,Kaletra,80/20mg/ml,Oral solution,ABBVIE (Abbott) Logis. UK,71237,300,760,23423.2,30.82,0.1,28.97,757,10365.14,TRUE,5/22/13,5/22/13,,3/28/13
103-CM-T30,FPQ-12659,SCMS-201930,ASN-21679,Cameroon,PMO - US,Direct Drop,EXW,Air,HRDT,HIV test - Ancillary,"Orgenics, Ltd","Chase Buffer, Determine, 100 Tests, 2.5ml x 1 Vial","Chase Buffer, Determine, 100 Tests, 2.5ml x 1 Vial",Determine,N/A,Test kit - Ancillary,"Alere Medical Co., Ltd.",71241,1,50,250,5,5,0.31,,,FALSE,10/10/13,10/10/13,,8/6/13
116-ZA-T30,FPQ-11828,SCMS-183950,ASN-19166,South Africa,South Africa Field Office,Direct Drop,DDP,Truck,ARV,Adult,S. BUYS WHOLESALER,"Nevirapine 200mg, tablets, 60 Tabs",Nevirapine,Generic,200mg,Tablet,"Cipla, Goa, India",71244,60,5093,94109.04,18.48,0.31,116.41,,,FALSE,4/16/13,4/16/13,,
108-VN-T30,FPQ-7427,SCMS-105450,ASN-11067,Vietnam,PMO - US,Direct Drop,EXW,Air,ARV,Adult,STRIDES ARCOLAB LIMITED,"Lamivudine 150mg, tablets, 60 Tabs",Lamivudine,Generic,150mg,Tablet,"Strides, Bangalore, India.",71245,60,50000,117500,2.35,0.04,193.88,2351,10122.75,TRUE,7/5/11,7/5/11,,4/14/11
119-NA-T30,FPQ-7679,SCMS-109950,ASN-11489,Namibia,PMO - US,Direct Drop,EXW,Air,HRDT,HIV test,"Trinity Biotech, Plc","HIV 1/2, Uni-Gold HIV Kit, 20 Tests","HIV 1/2, Uni-Gold HIV Kit",Uni-Gold,N/A,Test kit,"Trinity Biotech, Plc",71263,20,728,23296,32,1.6,38.44,245,6897.71,TRUE,8/3/11,8/3/11,,5/31/11
151-NG-T30,FPQ-16312,SCMS-287700,ASN-32527,Nigeria,PMO - US,Direct Drop,EXW,Air,ARV,Adult,HETERO LABS LIMITED,"Lamivudine/Tenofovir Disoproxil Fumarate 300/300mg, tablets, 30 Tabs",Lamivudine/Tenofovir Disoproxil Fumarate,Generic,300/300mg,Tablet - FDC,Hetero Unit III Hyderabad IN,71284,30,7026,31617,4.5,0.15,37.21,,,FALSE,6/24/15,6/24/15,,5/7/15
107-RW-T30,FPQ-13853,SCMS-244220,ASN-27693,Rwanda,PMO - US,Direct Drop,FCA,Air,ARV,Pediatric,LAWRENCE LABORATORIES (SUBSIDIARY OF BRISTOL MYERS SQUIBB),"Atazanavir 150mg [Reyataz], capsules, 60 Caps",Atazanavir,Reyataz,150mg,Capsule,"BMS Evansville, US",71293,60,216,7311.6,33.85,0.56,7.52,17,733.64,TRUE,8/22/14,8/22/14,,6/30/14
144-BW-T30,FPQ-4167,SCMS-54190,ASN-6563,Botswana,PMO - US,Direct Drop,EXW,Air,HRDT,HIV test - Ancillary,Orasure Technologies Inc.,"#109435**HIV, OraQuick Controls Kit, 3 Vials","HIV, OraQuick Controls Kit, 3 Vials",OraQuick,N/A,Test kit - Ancillary,"Orasure Technologies, Inc USA",71308,3,10,250,25,8.33,0.49,7,403.66,TRUE,4/20/10,4/20/10,,9/30/09
102-SS-T30,FPQ-9038,SCMS-137200,ASN-14984,South Sudan,PMO - US,Direct Drop,EXW,Air,HRDT,HIV test - Ancillary,"Orgenics, Ltd","Capillary Tubes, for Determine, EDTA, 50uL,100 Pcs","HIV, Capillary Tubes, for Determine, EDTA, 50uL,100 Pcs",Determine,N/A,Test kit - Ancillary,"Alere Medical Co., Ltd.",71309,100,337,2696,8,0.08,3.78,,,FALSE,6/15/12,6/15/12,,4/5/12
108-VN-T30,FPQ-15292,SCMS-268410,ASN-30672,Vietnam,PMO - US,Direct Drop,FCA,Air,ARV,Adult,ABBVIE LOGISTICS (FORMERLY ABBOTT LOGISTICS BV),"Lopinavir/Ritonavir 200/50mg [Aluvia], tablets, 120 Tabs",Lopinavir/Ritonavir,Aluvia,200/50mg,Tablet,ABBVIE Ludwigshafen Germany,71316,120,5000,304000,60.8,0.51,357.81,,,FALSE,3/19/15,3/19/15,,12/18/14
106-HT-T30,FPQ-12682,SCMS-209710,ASN-27232,Haiti,PMO - US,Direct Drop,EXW,Air,ARV,Pediatric,CIPLA LIMITED,"Abacavir 60mg, dispersible tablets, 60 Tabs",Abacavir,Generic,60mg,Chewable/dispersible tablet,"Cipla, Patalganga, India",71320,60,482,2410,5,0.08,2.98,50,1342.44,TRUE,8/25/14,8/25/14,,10/8/13
127-KE-T30,FPQ-8155,SCMS-119190,ASN-12469,Kenya,PMO - US,Direct Drop,EXW,Air,HRDT,HIV test,"Orgenics, Ltd","HIV 1/2, Determine Complete HIV Kit, 100 Tests","HIV 1/2, Determine Complete HIV Kit",Determine,N/A,Test kit,"Alere Medical Co., Ltd.",71323,100,7238,644182,89,0.89,1062.9,1246,13336.64,TRUE,11/4/11,11/4/11,,8/28/11
133-NG-T30,FPQ-10349,SCMS-155321,ASN-17169,Nigeria,PMO - US,Direct Drop,EXW,Air,HRDT,HIV test,"Orgenics, Ltd","HIV 1/2, Determine Complete HIV Kit, 100 Tests","HIV 1/2, Determine Complete HIV Kit",Determine,N/A,Test kit,"Alere Medical Co., Ltd.",71382,100,2744,244216,89,0.89,342.39,1303,29251.24,TRUE,11/28/12,11/29/12,,8/13/12
133-NG-T30,FPQ-15504,SCMS-270771,ASN-32756,Nigeria,PMO - US,Direct Drop,EXW,Air,HRDT,HIV test,"Orgenics, Ltd","HIV 1/2, Determine Complete HIV Kit, 100 Tests","HIV 1/2, Determine Complete HIV Kit",Determine,N/A,Test kit,"Alere Medical Co., Ltd.",71386,100,6350,565150,89,0.89,665.18,2575,29274.16,TRUE,6/30/15,6/29/15,,3/13/15
161-ZA-T30,FPQ-6708,SCMS-93540,ASN-10572,South Africa,PMO - US,Direct Drop,DDP,Ocean,ARV,Adult,Aurobindo Pharma Limited,"Tenofovir Disoproxil Fumarate 300mg, tablets, 30 Tabs",Tenofovir Disoproxil Fumarate,Generic,300mg,Tablet,"Aurobindo Unit III, India",71388,30,100,665,6.65,0.22,1.1,11,8809.05,TRUE,5/31/11,6/13/11,,12/14/10
153-NA-T30,FPQ-9698,SCMS-144300,ASN-15068,Namibia,PMO - US,Direct Drop,EXW,Air,HRDT,HIV test,"Trinity Biotech, Plc","HIV 1/2, Uni-Gold HIV Kit, 20 Tests","HIV 1/2, Uni-Gold HIV Kit",Uni-Gold,N/A,Test kit,"Trinity Biotech, Plc",71391,20,416,13312,32,1.6,18.66,249,1640.99,TRUE,7/16/12,7/16/12,,5/2/12
106-HT-T30,FPQ-14895,SCMS-261980,ASN-29907,Haiti,PMO - US,Direct Drop,EXW,Air,ARV,Pediatric,CIPLA LIMITED,"Lamivudine/Nevirapine/Zidovudine 30/50/60mg, dispersible tablets, 60 Tabs",Lamivudine/Nevirapine/Zidovudine,Generic,30/50/60mg,Chewable/dispersible tablet - FDC,"Cipla, Goa, India",71402,60,7867,28321.2,3.6,0.06,29.11,811,5915.63,TRUE,1/20/15,1/20/15,,11/14/14
113-ZW-T30,FPQ-11161,SCMS-170110,ASN-18271,Zimbabwe,PMO - US,Direct Drop,EXW,Air,HRDT,HIV test,Premier Medical Corporation Ltd.,"HIV 1/2/O, First Response HIV 1-2.0, v.3.0 Cards Kit, 30 Tests","HIV 1/2/O, First Response HIV 1-2.0, v.3.0 Cards Kit",First Response,N/A,Test kit,Premier Med. Corp Ltd. India,71411,30,8000,180000,22.5,0.75,222.66,2460,13380.07,TRUE,3/15/13,3/15/13,,12/26/12
161-ZA-T30,FPQ-6262,SCMS-84250,ASN-9007,South Africa,PMO - US,Direct Drop,DDP,Ocean,ARV,Adult,STRIDES ARCOLAB LIMITED,"Lamivudine 150mg, tablets, 60 Tabs",Lamivudine,Generic,150mg,Tablet,"Strides, Bangalore, India.",71439,60,164908,407322.75,2.47,0.04,878.19,8048,12225.76,TRUE,12/15/10,12/15/10,,9/21/10
116-ZA-T30,FPQ-11828,SCMS-183950,ASN-19166,South Africa,South Africa Field Office,Direct Drop,DDP,Truck,ARV,Adult,S. BUYS WHOLESALER,"Lopinavir/Ritonavir 200/50mg [Aluvia], tablets, 120 Tabs",Lopinavir/Ritonavir,Aluvia,200/50mg,Tablet,ABBVIE Ludwigshafen Germany,71462,120,1473,36814.05,24.99,0.21,45.54,,,FALSE,4/16/13,4/16/13,,
107-RW-T30,FPQ-8741,SCMS-129510,ASN-15329,Rwanda,PMO - US,Direct Drop,CIP,Air,ARV,Pediatric,CIPLA LIMITED,"Lamivudine/Stavudine 60/12mg, dispersible tablets, 60 Tabs",Lamivudine/Stavudine,Generic,60/12mg,Chewable/dispersible tablet - FDC,"Cipla, Goa, India",71469,60,672,2466.24,3.67,0.06,3.46,50,3011.72,TRUE,6/28/12,6/28/12,,3/9/12
108-VN-T30,FPQ-14516,SCMS-249050,ASN-29372,Vietnam,PMO - US,Direct Drop,EXW,Air,ARV,Adult,HETERO LABS LIMITED,"Efavirenz/Lamivudine/Tenofovir Disoproxil Fumarate 600/300/300mg, tablets, 30 Tabs",Efavirenz/Lamivudine/Tenofovir Disoproxil Fumarate,Generic,600/300/300mg,Tablet - FDC,Hetero Unit III Hyderabad IN,71477,30,15840,166320,10.5,0.35,170.98,2517,3789.5,TRUE,12/17/14,12/17/14,,8/11/14
133-NG-T30,FPQ-8117,SCMS-118190,ASN-12879,Nigeria,PMO - US,Direct Drop,EXW,Air,HRDT,HIV test,"Orgenics, Ltd","HIV 1/2, Determine Complete HIV Kit, 100 Tests","HIV 1/2, Determine Complete HIV Kit",Determine,N/A,Test kit,"Alere Medical Co., Ltd.",71487,100,2419,215291,89,0.89,355.23,933,27136.6,TRUE,12/19/11,12/9/11,,8/15/11
116-ZA-T30,FPQ-14942,SCMS-259072,ASN-30377,South Africa,PMO - US,Direct Drop,DDP,Truck,ARV,Adult,PHARMACY DIRECT,"Lamivudine/Zidovudine 150/300mg, tablets, 60 Tabs",Lamivudine/Zidovudine,Generic,150/300mg,Tablet - FDC,"Aurobindo Unit III, India",71516,60,19,428.24,22.54,0.38,0.44,,,FALSE,1/26/15,1/26/15,,1/26/15
108-VN-T30,FPQ-9576,SCMS-145310,ASN-16124,Vietnam,PMO - US,Direct Drop,EXW,Air,ARV,Pediatric,MYLAN LABORATORIES LTD (FORMERLY MATRIX LABORATORIES),"Lamivudine/Nevirapine/Zidovudine 30/50/60mg, dispersible tablets, 60 Tabs",Lamivudine/Nevirapine/Zidovudine,Generic,30/50/60mg,Chewable/dispersible tablet - FDC,Mylan (formerly Matrix) Nashik,71518,60,8698,36096.7,4.15,0.07,50.61,,,FALSE,10/2/12,10/2/12,,6/11/12
101-CD-T30,FPQ-13555,SCMS-241110,ASN-26614,"Congo, DRC",PMO - US,Direct Drop,EXW,Air,ARV,Pediatric,Aurobindo Pharma Limited,"Nevirapine 50mg, dispersible tablets (tablets for oral suspension), 30 Tabs",Nevirapine,Generic,50mg,Chewable/dispersible tablet,"Aurobindo Unit III, India",71532,30,240,312,1.3,0.04,0.32,30,1678.57,TRUE,8/29/14,8/29/14,,5/27/14
108-VN-T30,FPQ-14516,SCMS-249050,ASN-29374,Vietnam,PMO - US,Direct Drop,EXW,Air,ARV,Adult,HETERO LABS LIMITED,"Efavirenz/Lamivudine/Tenofovir Disoproxil Fumarate 600/300/300mg, tablets, 30 Tabs",Efavirenz/Lamivudine/Tenofovir Disoproxil Fumarate,Generic,600/300/300mg,Tablet - FDC,Hetero Unit III Hyderabad IN,71536,30,20856,218988,10.5,0.35,225.12,2959,4427.52,TRUE,12/17/14,12/17/14,,8/11/14
105-GH-T30,FPQ-14052,SCMS-237840,ASN-27603,Ghana,PMO - US,Direct Drop,EXW,Ocean,ARV,Pediatric,Aurobindo Pharma Limited,"Lamivudine 10mg/ml, oral solution, Bottle, 240 ml",Lamivudine,Generic,10mg/ml,Oral solution,"Aurobindo Unit III, India",71554,240,13863,19824.09,1.43,0.01,20.38,5467,11447.38,TRUE,11/4/14,11/4/14,,5/23/14
105-SS-T30,FPQ-11539,SCMS-176930,ASN-19142,South Sudan,PMO - US,Direct Drop,EXW,Air,HRDT,HIV test - Ancillary,"Orgenics, Ltd","Capillary Tubes, for Determine, EDTA, 50uL,100 Pcs","HIV, Capillary Tubes, for Determine, EDTA, 50uL,100 Pcs",Determine,N/A,Test kit - Ancillary,"Alere Medical Co., Ltd.",71574,100,115,920,8,0.08,1.14,,,FALSE,7/20/13,7/20/13,,2/26/13
101-CD-T30,FPQ-14100,SCMS-239410,ASN-26738,"Congo, DRC",PMO - US,Direct Drop,EXW,Air,HRDT,HIV test,"Trinity Biotech, Plc","HIV 1/2, Uni-Gold HIV Kit, 20 Tests","HIV 1/2, Uni-Gold HIV Kit",Uni-Gold,N/A,Test kit,"Trinity Biotech, Plc",71594,20,27,864,32,1.6,0.89,,,FALSE,9/5/14,9/5/14,,5/20/14
116-ZA-T30,FPQ-14942,SCMS-259075,ASN-32138,South Africa,PMO - US,Direct Drop,DDP,Truck,ARV,Pediatric,PHARMACY DIRECT,"Efavirenz 200mg, capsule, 90 Caps",Efavirenz,Generic,200mg,Capsule,"Aurobindo Unit III, India",71606,90,3,51.13,17.04,0.19,0.05,,,FALSE,5/12/15,5/12/15,,5/11/15
116-ZA-T30,FPQ-11828,SCMS-183950,ASN-19166,South Africa,South Africa Field Office,Direct Drop,DDP,Truck,ARV,Adult,S. BUYS WHOLESALER,"Didanosine 400mg, delayed-release capsules, 30 Caps",Didanosine,Generic,400mg,Delayed-release capsules,"Aurobindo Unit III, India",71649,30,14,278.66,19.9,0.66,0.34,,,FALSE,4/16/13,4/16/13,,
105-DO-T30,FPQ-11295,SCMS-172490,ASN-18314,Dominican Republic,PMO - US,Direct Drop,EXW,Air,HRDT,HIV test,"Trinity Biotech, Plc","HIV 1/2, Uni-Gold HIV Kit, 20 Tests","HIV 1/2, Uni-Gold HIV Kit",Uni-Gold,N/A,Test kit,"Trinity Biotech, Plc",71655,20,413,13216,32,1.6,16.35,134,1083.85,TRUE,2/26/13,2/26/13,,1/11/13
133-NG-T30,FPQ-4069,SCMS-51090,ASN-5225,Nigeria,PMO - US,Direct Drop,EXW,Air,HRDT,HIV test,"Orgenics, Ltd","HIV 1/2, Determine Complete HIV Kit, 100 Tests","HIV 1/2, Determine Complete HIV Kit",Determine,N/A,Test kit,Inverness Japan,71672,100,5100,408000,80,0.8,799.68,2440,43692.46,TRUE,11/16/09,11/16/09,,8/7/09
106-HT-T30,FPQ-15102,SCMS-260780,ASN-31453,Haiti,PMO - US,Direct Drop,EXW,Air,HRDT,HIV test,"Orgenics, Ltd","HIV 1/2, Determine Complete HIV Kit, 100 Tests","HIV 1/2, Determine Complete HIV Kit",Determine,N/A,Test kit,"Alere Medical Co., Ltd.",71712,100,5698,569800,100,1,670.65,2314,22194.09,TRUE,5/5/15,4/22/15,,11/5/14
116-ZA-T30,FPQ-13973,SCMS-238553,ASN-28021,South Africa,PMO - US,Direct Drop,DDP,Truck,ARV,Adult,PHARMACY DIRECT,"Didanosine 400mg, delayed-release capsules, 30 Caps",Didanosine,Generic,400mg,Delayed-release capsules,"Aurobindo Unit III, India",71753,30,7,137.73,19.68,0.66,0.14,,,FALSE,8/28/14,8/28/14,,8/28/14
108-VN-T30,FPQ-4720,SCMS-62460,ASN-6355,Vietnam,PMO - US,Direct Drop,EXW,Air,ARV,Adult,MYLAN LABORATORIES LTD (FORMERLY MATRIX LABORATORIES),"Tenofovir Disoproxil Fumarate 300mg, tablets, 30 Tabs",Tenofovir Disoproxil Fumarate,Generic,300mg,Tablet,Mylan (formerly Matrix) Nashik,71767,30,3192,23940,7.5,0.25,51.61,,,FALSE,3/29/10,3/29/10,,1/12/10
114-UG-T30,FPQ-11371,SCMS-173110,ASN-18722,Uganda,PMO - US,Direct Drop,EXW,Air,HRDT,HIV test - Ancillary,"Orgenics, Ltd","Capillary Tubes, for Determine, EDTA, 50uL,100 Pcs","HIV, Capillary Tubes, for Determine, EDTA, 50uL,100 Pcs",Determine,N/A,Test kit - Ancillary,"Alere Medical Co., Ltd.",71773,100,100,800,8,0.08,0.99,74,1649.91,TRUE,4/29/13,4/29/13,,1/11/13
108-VN-T30,FPQ-13976,SCMS-236060,ASN-27812,Vietnam,PMO - US,Direct Drop,EXW,Air,ARV,Adult,HETERO LABS LIMITED,"Abacavir 300mg, tablets, 60 Tabs",Abacavir,Generic,300mg,Tablet,Hetero Unit III Hyderabad IN,71784,60,500,5725,11.45,0.19,5.89,,,FALSE,9/22/14,9/22/14,,4/30/14
116-ZA-T30,FPQ-12522,SCMS-199289,ASN-28034,South Africa,PMO - US,Direct Drop,DDP,Truck,ARV,Adult,S. BUYS WHOLESALER,"Lamivudine 150mg, tablets, 60 Tabs",Lamivudine,Generic,150mg,Tablet,Hetero Unit III Hyderabad IN,71809,60,592,5776.17,9.76,0.16,7.15,,,FALSE,8/29/14,8/29/14,,8/29/14
104-CI-T30,FPQ-13603,SCMS-228090,ASN-29971,Côte d'Ivoire,PMO - US,Direct Drop,EXW,Air,HRDT,HIV test,"CHEMBIO DIAGNOSTIC SYSTEMS, INC.","HIV 1/2, Stat-Pak HIV, Kit, 20 Tests","HIV 1/2, Stat-Pak HIV, Kit",Stat-Pak,N/A,Test kit,Chembio Diagnostics Sys. Inc.,71840,20,2120,65720,31,1.55,67.56,610,8291.96,TRUE,1/23/15,1/23/15,,2/27/14
106-HT-T30,FPQ-7670,SCMS-109660,ASN-11484,Haiti,PMO - US,Direct Drop,FCA,Air,ARV,Pediatric,ABBVIE LOGISTICS (FORMERLY ABBOTT LOGISTICS BV),"Lopinavir/Ritonavir 80/20mg/ml [Kaletra], oral solution, cool, Bottle 5 x 60 ml",Lopinavir/Ritonavir,Kaletra,80/20mg/ml,Oral solution,ABBVIE (Abbott) Logis. UK,71878,300,90,3033,33.7,0.11,5,126,1767.91,TRUE,8/8/11,8/8/11,,5/19/11
106-HT-T30,FPQ-14895,SCMS-260970,ASN-31106,Haiti,PMO - US,Direct Drop,EXW,Ocean,ARV,Adult,CIPLA LIMITED,"Efavirenz 600mg, tablets, 30 Tabs",Efavirenz,Generic,600mg,Tablet,"Cipla, Goa, India",71893,30,21203,68697.72,3.24,0.11,70.62,2471,4532.44,TRUE,5/25/15,5/25/15,,11/14/14
104-CI-T30,FPQ-10764,SCMS-162871,ASN-19031,Côte d'Ivoire,PMO - US,Direct Drop,EXW,Air,HRDT,HIV test,BIO-RAD LABORATORIES (FRANCE),"HIV 1/2, Genie III Kit, 50 Tests","HIV 1/2, Genie III Kit",Genie,N/A,Test kit,Bio-Rad Laboratories,71909,50,300,27300,91,1.82,38.27,160,2595.63,TRUE,4/19/13,4/19/13,,10/22/12
107-RW-T30,FPQ-12518,SCMS-198222,ASN-24719,Rwanda,PMO - US,Direct Drop,EXW,Air,HRDT,HIV test,"SHANGHAI KEHUA BIOENGINEERING CO.,LTD.  (KHB)","HIV 1/2, SKB Colloidal Gold, Diagnostic Kit, Antibody, 50 Tests","HIV 1/2, Colloidal Gold, Diagnostic Kit, Antibody",Colloidal Gold,N/A,Test kit,"KHB Test Kit Facility, Shanghai China",71917,1,2988,73206,24.5,24.5,90.56,1992,26266.34,TRUE,3/27/14,3/27/14,,8/12/13
108-VN-T30,FPQ-10811,SCMS-164550,ASN-18970,Vietnam,PMO - US,Direct Drop,EXW,Air,ARV,Pediatric,STRIDES ARCOLAB LIMITED,"Lamivudine/Nevirapine/Zidovudine 30/50/60mg, dispersible tablets, 60 Tabs",Lamivudine/Nevirapine/Zidovudine,Generic,30/50/60mg,Chewable/dispersible tablet - FDC,"Strides, Bangalore, India.",71920,60,1119,4476,4,0.07,5.54,,,FALSE,5/15/13,5/15/13,,7/11/12
108-VN-T30,FPQ-9577,SCMS-145520,ASN-15795,Vietnam,PMO - US,Direct Drop,EXW,Air,ARV,Pediatric,Aurobindo Pharma Limited,"Zidovudine 10mg/ml, oral solution w/syringe, Bottle, 240 ml",Zidovudine,Generic,10mg/ml,Oral solution,"Aurobindo Unit III, India",71936,240,350,735,2.1,0.01,1.03,,,FALSE,8/22/12,8/22/12,,6/12/12
106-HT-T30,FPQ-15038,SCMS-262980,ASN-30463,Haiti,PMO - US,Direct Drop,EXW,Ocean,ARV,Adult,HETERO LABS LIMITED,"Lamivudine/Nevirapine/Zidovudine 150/200/300mg, tablets, 60 Tabs",Lamivudine/Nevirapine/Zidovudine,Generic,150/300/200mg,Tablet - FDC,Hetero Unit III Hyderabad IN,71956,60,36000,298440,8.29,0.14,306.8,,,FALSE,4/9/15,4/9/15,,1/7/15
113-ZW-T30,FPQ-7521,SCMS-108000,ASN-12245,Zimbabwe,PMO - US,Direct Drop,EXW,Air,HRDT,HIV test,"Orgenics, Ltd","HIV 1/2, Determine Complete HIV Kit, 100 Tests","HIV 1/2, Determine Complete HIV Kit",Determine,N/A,Test kit,Inverness Japan,71965,100,1145,91600,80,0.8,151.14,647,13312.88,TRUE,10/19/11,10/18/11,,5/5/11
108-VN-T30,FPQ-5899,SCMS-77410,ASN-8343,Vietnam,PMO - US,Direct Drop,EXW,Air,ARV,Adult,STRIDES ARCOLAB LIMITED,"Nevirapine 200mg, tablets, 60 Tabs",Nevirapine,Generic,200mg,Tablet,"Strides, Bangalore, India.",71971,60,3753,9532.62,2.54,0.04,20.55,216,4146.33,TRUE,10/13/10,10/13/10,,7/1/10
116-ZA-T30,FPQ-12522,SCMS-199283,ASN-27975,South Africa,PMO - US,Direct Drop,DDP,Truck,ARV,Adult,S. BUYS WHOLESALER,"Efavirenz 600mg, tablets, 30 Tabs",Efavirenz,Generic,600mg,Tablet,Hetero Unit III Hyderabad IN,72047,30,1,16.73,16.73,0.56,0.02,,,FALSE,8/27/14,8/27/14,,8/27/14
900-UG-T30,FPQ-10089,SCMS-149400,ASN-15429,Uganda,PMO - US,Direct Drop,EXW,Air,ARV,Adult,Aurobindo Pharma Limited,"Nevirapine 200mg, tablets, 60 Tabs",Nevirapine,Generic,200mg,Tablet,"Aurobindo Unit III, India",72049,60,22500,52875,2.35,0.04,74.13,2145,8143.97,TRUE,7/12/12,7/12/12,,6/12/12
116-ZA-T30,FPQ-12522,SCMS-199289,ASN-28033,South Africa,PMO - US,Direct Drop,DDP,Truck,ARV,Adult,S. BUYS WHOLESALER,"Lopinavir/Ritonavir 200/50mg [Aluvia], tablets, 120 Tabs",Lopinavir/Ritonavir,Aluvia,200/50mg,Tablet,ABBVIE Ludwigshafen Germany,72066,120,70,1803.18,25.76,0.21,2.23,,,FALSE,8/29/14,8/29/14,,8/29/14
107-RW-T30,FPQ-8742,SCMS-137420,ASN-15492,Rwanda,PMO - US,Direct Drop,EXW,Ocean,ARV,Adult,HETERO LABS LIMITED,"Efavirenz 600mg, tablets, 30 Tabs",Efavirenz,Generic,600mg,Tablet,Hetero Unit III Hyderabad IN,72085,30,20370,72720.9,3.57,0.12,101.95,1619,9054.61,TRUE,8/2/12,8/2/12,,5/18/12
116-ZA-T30,FPQ-12522,SCMS-199280,ASN-24433,South Africa,PMO - US,Direct Drop,DDP,Truck,ARV,Adult,S. BUYS WHOLESALER,"Zidovudine 300mg, tablets, 60 Tabs",Zidovudine,Generic,300mg,Tablet,Mylan (formerly Matrix) Nashik,72088,60,12,325.33,27.11,0.45,0.4,,,FALSE,2/7/14,2/7/14,,8/13/13
107-RW-T30,FPQ-8365,SCMS-126480,ASN-15215,Rwanda,PMO - US,Direct Drop,FCA,Air,ARV,Pediatric,ABBVIE LOGISTICS (FORMERLY ABBOTT LOGISTICS BV),"Lopinavir/Ritonavir 100/25mg [Aluvia], tablets, 60 Tabs",Lopinavir/Ritonavir,Generic,100/25mg,Tablet,ABBVIE Ludwigshafen Germany,72142,60,1575,12143.25,7.71,0.13,20.04,186,2874.03,TRUE,6/29/12,6/29/12,,11/11/11
116-ZA-T30,FPQ-13035,SCMS-215370,ASN-24415,South Africa,PMO - US,Direct Drop,DDP,Truck,ARV,Adult,S. BUYS WHOLESALER,"Nevirapine 200mg, tablets, 60 Tabs",Nevirapine,Generic,200mg,Tablet,"Cipla, Goa, India",72150,60,872,14909,17.1,0.29,18.44,,,FALSE,2/6/14,2/6/14,,12/2/13
109-TZ-T30,FPQ-5174,SCMS-66910,ASN-6720,Tanzania,PMO - US,Direct Drop,FCA,Air,ARV,Adult,ABBVIE LOGISTICS (FORMERLY ABBOTT LOGISTICS BV),"Lopinavir/Ritonavir 200/50mg [Aluvia], tablets, 120 Tabs",Lopinavir/Ritonavir,Aluvia,200/50mg,Tablet,ABBVIE Ludwigshafen Germany,72158,120,7145,258363.2,36.16,0.3,557.03,1604,9915.56,TRUE,6/11/10,6/11/10,,3/12/10
161-ZA-T30,FPQ-5648,SCMS-75750,ASN-9177,South Africa,PMO - US,Direct Drop,DDP,Ocean,ARV,Adult,Aurobindo Pharma Limited,"Efavirenz 600mg, tablets, 30 Tabs",Efavirenz,Generic,600mg,Tablet,"Aurobindo Unit III, India",72193,30,64260,289812.6,4.51,0.15,624.84,5623,630.5,TRUE,2/1/11,2/1/11,,6/17/10
105-SS-T30,FPQ-15569,SCMS-272170,ASN-32108,South Sudan,PMO - US,Direct Drop,EXW,Air,HRDT,HIV test - Ancillary,"Orgenics, Ltd","Capillary Tubes, for Determine, EDTA, 50uL,100 Pcs","HIV, Capillary Tubes, for Determine, EDTA, 50uL,100 Pcs",Determine,N/A,Test kit - Ancillary,"Alere Medical Co., Ltd.",72239,100,15,120,8,0.08,0.14,,,FALSE,7/2/15,7/7/15,,2/20/15
151-NG-T30,FPQ-16312,SCMS-287710,ASN-33334,Nigeria,PMO - US,Direct Drop,EXW,Air,ARV,Adult,EMCURE PHARMACEUTICALS LTD,"Atazanavir/Ritonavir 300/100mg, tablets, 30 Tabs",Atazanavir/Ritonavir,Generic,300/100mg,Tablet,"Emcure Plot No.P-2, I.T-B.T. Park, Phase II, MIDC, Hinjwadi, Pune, India",72240,30,6878,123804,18,0.6,145.72,,,TRUE,8/7/15,8/7/15,,5/7/15
107-RW-T30,FPQ-13874,SCMS-232310,ASN-25540,Rwanda,PMO - US,Direct Drop,EXW,Air,HRDT,HIV test,"SHANGHAI KEHUA BIOENGINEERING CO.,LTD.  (KHB)","HIV 1/2, SKB Colloidal Gold, Diagnostic Kit, Antibody, 50 Tests","HIV 1/2, Colloidal Gold, Diagnostic Kit, Antibody",Colloidal Gold,N/A,Test kit,"KHB Test Kit Facility, Shanghai China",72241,1,5994,146853,24.5,24.5,150.96,3996,53062.21,TRUE,4/28/14,4/28/14,,4/3/14
106-HT-T30,FPQ-15038,SCMS-262840,ASN-31822,Haiti,PMO - US,Direct Drop,EXW,Ocean,ARV,Pediatric,MYLAN LABORATORIES LTD (FORMERLY MATRIX LABORATORIES),"Lamivudine/Nevirapine/Zidovudine 30/50/60mg, dispersible tablets, 60 Tabs",Lamivudine/Nevirapine/Zidovudine,Generic,30/50/60mg,Chewable/dispersible tablet - FDC,Mylan (formerly Matrix) Nashik,72256,60,6500,22750,3.5,0.06,23.39,,,TRUE,7/3/15,7/3/15,,12/24/14
161-ZA-T30,FPQ-5303,SCMS-68910,ASN-7469,South Africa,PMO - US,Direct Drop,DDP,Air,ARV,Adult,Aurobindo Pharma Limited,"Efavirenz 600mg, tablets, 30 Tabs",Efavirenz,Generic,600mg,Tablet,"Aurobindo Unit III, India",72263,30,56970,266049.9,4.67,0.16,573.6,4822,5886.9,TRUE,8/24/10,8/24/10,,3/19/10
119-NA-T30,FPQ-3983,SCMS-50160,ASN-4754,Namibia,PMO - US,Direct Drop,EXW,Air,HRDT,HIV test,"Orgenics, Ltd","HIV 1/2, Determine HIV Kit, without Lancets, 100 Tests","HIV 1/2, Determine HIV Kit, without Lancets",Determine,N/A,Test kit,Inverness Japan,72281,100,150,10500,70,0.7,20.58,37,2541.8,TRUE,8/25/09,8/25/09,,7/25/09
107-RW-T30,FPQ-4047,SCMS-50820,ASN-7096,Rwanda,PMO - US,Direct Drop,CIP,Air,ARV,Adult,HETERO LABS LIMITED,"Lamivudine 150mg, tablets, 60 Tabs",Lamivudine,Generic,150mg,Tablet,Hetero Unit III Hyderabad IN,72291,60,15750,40792.5,2.59,0.04,79.95,986,4015.82,TRUE,6/13/10,6/13/10,,8/18/09
110-ZM-T30,FPQ-14151,SCMS-239800,ASN-27557,Zambia,PMO - US,Direct Drop,EXW,Air,ARV,Adult,HETERO LABS LIMITED,"Nevirapine 200mg, tablets, 60 Tabs",Nevirapine,Generic,200mg,Tablet,Hetero Unit III Hyderabad IN,72293,60,100000,218000,2.18,0.04,224.1,6304,34182.97,TRUE,10/1/14,10/1/14,,5/20/14
106-HT-T30,FPQ-9066,SCMS-138560,ASN-14157,Haiti,PMO - US,Direct Drop,FCA,Air,ARV,Pediatric,ABBVIE LOGISTICS (FORMERLY ABBOTT LOGISTICS BV),"Lopinavir/Ritonavir 100/25mg [Aluvia], tablets, 60 Tabs",Lopinavir/Ritonavir,Generic,100/25mg,Tablet,ABBVIE Ludwigshafen Germany,72300,60,360,2775.6,7.71,0.13,3.89,46,984.39,TRUE,3/27/12,3/27/12,,2/24/12
102-KE-T30,FPQ-4591,SCMS-58382,ASN-7491,Kenya,PMO - US,Direct Drop,EXW,Air,HRDT,HIV test,"Orgenics, Ltd","HIV 1/2, Determine Complete HIV Kit, 100 Tests","HIV 1/2, Determine Complete HIV Kit",Determine,N/A,Test kit,Inverness Japan,72336,100,4555,364400,80,0.8,785.65,974,9456.46,TRUE,7/29/10,7/30/10,,5/27/10
110-ZM-T30,FPQ-14827,SCMS-256330,ASN-28820,Zambia,PMO - US,Direct Drop,EXW,Air,HRDT,HIV test,"Trinity Biotech, Plc","HIV 1/2, Uni-Gold HIV Kit, 20 Tests","HIV 1/2, Uni-Gold HIV Kit",Uni-Gold,N/A,Test kit,"Trinity Biotech, Plc",72377,20,3000,96000,32,1.6,98.69,909,10203.1,TRUE,3/26/15,3/26/15,,9/25/14
161-ZA-T30,FPQ-6708,SCMS-93550,ASN-10571,South Africa,PMO - US,Direct Drop,DDP,Ocean,ARV,Adult,Aurobindo Pharma Limited,"Tenofovir Disoproxil Fumarate 300mg, tablets, 30 Tabs",Tenofovir Disoproxil Fumarate,Generic,300mg,Tablet,"Aurobindo Unit III, India",72420,30,21896,145608.4,6.65,0.22,240.25,2044,5768.66,TRUE,6/13/11,6/13/11,,12/14/10
161-ZA-T30,FPQ-5648,SCMS-75670,ASN-9183,South Africa,PMO - US,Direct Drop,DDP,Ocean,ARV,Pediatric,Aurobindo Pharma Limited,"Efavirenz 50mg, capsule, 30 Caps",Efavirenz,Generic,50mg,Capsule,"Aurobindo Unit III, India",72424,30,92000,216200,2.35,0.08,466.13,5184,9592.95,TRUE,2/1/11,2/1/11,,6/17/10
116-ZA-T30,FPQ-13973,SCMS-238556,ASN-31854,South Africa,PMO - US,Direct Drop,DDP,Truck,ARV,Adult,PHARMACY DIRECT,"Emtricitabine/Tenofovir Disoproxil Fumarate 200/300mg, tablets, 30 Tabs",Emtricitabine/Tenofovir Disoproxil Fumarate,Generic,200/300mg,Tablet - FDC,"Aurobindo Unit III, India",72425,30,2,60.42,30.21,1.01,0.06,,,FALSE,4/28/15,4/28/15,,4/28/15
101-CD-T30,FPQ-12035,SCMS-188850,ASN-20251,"Congo, DRC",PMO - US,Direct Drop,EXW,Air,ANTM,Malaria,IMRES B.V.,"Sulfadoxine/Pyrimethamine 500/25mg, tablets, 1000 Tabs",Sulfadoxine/Pyrimethamine,Generic,500/25mg,Tablet - FDC,"Guilin OSD site, No 17, China",72426,1000,720,16164,22.45,0.02,19.99,578,3089.83,TRUE,9/30/13,9/30/13,,5/17/13
104-CI-T30,FPQ-10764,SCMS-162872,ASN-20045,Côte d'Ivoire,PMO - US,Direct Drop,EXW,Air,HRDT,HIV test,BIO-RAD LABORATORIES (FRANCE),"HIV 1/2, Genie III Kit, 50 Tests","HIV 1/2, Genie III Kit",Genie,N/A,Test kit,Bio-Rad Laboratories,72445,50,300,27300,91,1.82,38.27,728,6879.32,TRUE,6/24/13,6/24/13,,4/17/13
101-KE-T30,FPQ-10314,SCMS-153912,ASN-17291,Kenya,PMO - US,Direct Drop,CIP,Air,HRDT,HIV test,"Orgenics, Ltd","HIV 1/2, Determine Complete HIV Kit, 100 Tests","HIV 1/2, Determine Complete HIV Kit",Determine,N/A,Test kit,"Alere Medical Co., Ltd.",72454,100,5995,533555,89,0.89,748.04,,,TRUE,12/10/12,12/10/12,,11/21/12
A01-BF-T50,FPQ-15908,SCMS-285170,ASN-33458,Burkina Faso,PMO - US,Direct Drop,FCA,Air,ARV,Adult,ABBVIE LOGISTICS (FORMERLY ABBOTT LOGISTICS BV),"Ritonavir 100mg [Norvir], film coated tablets, 60 Tabs",Ritonavir,Norvir,100mg,Tablet,ABBVIE Ludwigshafen Germany,72467,60,25,171.25,6.85,0.11,0.2,,,TRUE,8/4/15,8/4/15,,4/24/15
102-KE-T30,FPQ-4591,SCMS-58381,ASN-7199,Kenya,PMO - US,Direct Drop,EXW,Air,HRDT,HIV test,"Orgenics, Ltd","HIV 1/2, Determine Complete HIV Kit, 100 Tests","HIV 1/2, Determine Complete HIV Kit",Determine,N/A,Test kit,Inverness Japan,72485,100,5361,428880,80,0.8,924.67,1098,10929.38,TRUE,7/7/10,7/7/10,,12/2/09
133-NG-T30,FPQ-10765,SCMS-162450,ASN-19648,Nigeria,PMO - US,Direct Drop,EXW,Air,HRDT,HIV test,"CHEMBIO DIAGNOSTIC SYSTEMS, INC.","HIV 1/2, Stat-Pak HIV, Kit, 20 Tests","HIV 1/2, Stat-Pak HIV, Kit",Stat-Pak,N/A,Test kit,Chembio Diagnostics Sys. Inc.,72492,20,4848,140592,29,1.45,197.11,1784,8248.33,TRUE,6/12/13,6/12/13,,10/16/12
106-HT-T30,FPQ-14895,SCMS-261012,ASN-32854,Haiti,PMO - US,Direct Drop,EXW,Air,ARV,Adult,EMCURE PHARMACEUTICALS LTD,"Atazanavir/Ritonavir 300/100mg, tablets, 30 Tabs",Atazanavir/Ritonavir,Generic,300/100mg,Tablet,"Emcure Plot No.P-2, I.T-B.T. Park, Phase II, MIDC, Hinjwadi, Pune, India",72535,30,8000,144000,18,0.6,148.03,1023,6433.8,TRUE,7/21/15,7/21/15,,11/14/14
114-UG-T30,FPQ-14254,SCMS-239770,ASN-27174,Uganda,PMO - US,Direct Drop,EXW,Air,HRDT,HIV test,"Orgenics, Ltd","HIV 1/2, Determine Complete HIV Kit, 100 Tests","HIV 1/2, Determine Complete HIV Kit",Determine,N/A,Test kit,"Alere Medical Co., Ltd.",72538,100,6000,480000,80,0.8,493.44,2432,23482.06,TRUE,7/30/14,7/30/14,,5/20/14
108-VN-T30,FPQ-12539,SCMS-199700,ASN-23139,Vietnam,PMO - US,Direct Drop,FCA,Air,ARV,Adult,ABBVIE LOGISTICS (FORMERLY ABBOTT LOGISTICS BV),"Lopinavir/Ritonavir 200/50mg [Aluvia], tablets, 120 Tabs",Lopinavir/Ritonavir,Aluvia,200/50mg,Tablet,ABBVIE Ludwigshafen Germany,72546,120,4033,245287.06,60.82,0.51,303.42,,,TRUE,1/6/14,1/6/14,,7/30/13
114-UG-T30,FPQ-12154,SCMS-188330,ASN-20241,Uganda,PMO - US,Direct Drop,EXW,Air,HRDT,HIV test,"Orgenics, Ltd","HIV 1/2, Determine Complete HIV Kit, 100 Tests","HIV 1/2, Determine Complete HIV Kit",Determine,N/A,Test kit,"Alere Medical Co., Ltd.",72557,100,3032,242560,80,0.8,300.05,1317,47892.57,TRUE,7/11/13,7/15/13,,5/9/13
102-BW-T30,FPQ-6652,SCMS-93790,ASN-9739,Botswana,PMO - US,Direct Drop,EXW,Air,HRDT,HIV test,"SHANGHAI KEHUA BIOENGINEERING CO.,LTD.  (KHB)","HIV 1/2, SKB Colloidal Gold, Diagnostic Kit, Antibody, 50 Tests","HIV 1/2, Colloidal Gold, Diagnostic Kit, Antibody",Colloidal Gold,N/A,Test kit,"KHB Test Kit Facility, Shanghai China",72572,1,20,460,23,23,0.76,16,486.18,TRUE,3/14/11,3/14/11,,12/9/10
111-MZ-T30,FPQ-8527,SCMS-130161,ASN-14527,Mozambique,PMO - US,Direct Drop,EXW,Ocean,HRDT,HIV test,"Orgenics, Ltd","HIV 1/2, Determine Complete HIV Kit, 100 Tests","HIV 1/2, Determine Complete HIV Kit",Determine,N/A,Test kit,"Alere Medical Co., Ltd.",72586,100,7882,630560,80,0.8,1040.42,3757,15105.99,TRUE,8/20/12,8/20/12,,4/9/12
116-ZA-T30,FPQ-14942,SCMS-259072,ASN-30377,South Africa,PMO - US,Direct Drop,DDP,Truck,ARV,Adult,PHARMACY DIRECT,"Nevirapine 200mg, tablets, 60 Tabs",Nevirapine,Generic,200mg,Tablet,"Aurobindo Unit III, India",72597,60,22,282.13,12.82,0.21,0.29,,,FALSE,1/26/15,1/26/15,,1/26/15
106-HT-T30,FPQ-4337,SCMS-56130,ASN-5752,Haiti,PMO - US,Direct Drop,CIP,Air,ARV,Pediatric,MERCK SHARP & DOHME IDEA GMBH (FORMALLY MERCK SHARP & DOHME B.V.),"Efavirenz 30mg/ml [Stocrin/Sustiva], oral solution, Bottle, 180 ml",Efavirenz,Stocrin/Sustiva,30mg/ml,Oral solution,"MSD, Haarlem, NL",72625,180,167,2832.32,16.96,0.09,5.55,47,290,TRUE,1/27/10,1/27/10,,11/6/09
104-CI-T30,FPQ-5207,SCMS-75361,ASN-7945,Côte d'Ivoire,PMO - US,Direct Drop,EXW,Air,HRDT,HIV test,"CHEMBIO DIAGNOSTIC SYSTEMS, INC.","HIV 1/2, Stat-Pak HIV, Kit, 20 Tests","HIV 1/2, Stat-Pak HIV, Kit",Stat-Pak,N/A,Test kit,Chembio Diagnostics Sys. Inc.,72639,20,2068,55836,27,1.35,120.38,685,5557.27,TRUE,8/27/10,8/27/10,,6/7/10
107-RW-T30,FPQ-6185,SCMS-84400,ASN-10663,Rwanda,PMO - US,Direct Drop,CIP,Air,ARV,Adult,Aurobindo Pharma Limited,"Didanosine 250mg, delayed-release capsules, 30 Caps",Didanosine,Generic,250mg,Delayed-release capsules,"Aurobindo Unit III, India",72695,30,570,7552.5,13.25,0.44,16.28,,,FALSE,4/25/11,4/25/11,,9/27/10
108-VN-T30,FPQ-12539,SCMS-199720,ASN-22937,Vietnam,PMO - US,Direct Drop,EXW,Air,ARV,Adult,Aurobindo Pharma Limited,"Abacavir 300mg, tablets, 60 Tabs",Abacavir,Generic,300mg,Tablet,"Aurobindo Unit III, India",72698,60,591,6737.4,11.4,0.19,8.33,36,430.5,TRUE,12/16/13,12/16/13,,7/25/13
104-CI-T30,FPQ-10764,SCMS-162870,ASN-17621,Côte d'Ivoire,PMO - US,Direct Drop,EXW,Air,HRDT,HIV test,BIO-RAD LABORATORIES (FRANCE),"HIV 1/2, Genie III Kit, 50 Tests","HIV 1/2, Genie III Kit",Genie,N/A,Test kit,Bio-Rad Laboratories,72719,50,500,45500,91,1.82,63.79,284,32609.44,TRUE,1/9/13,1/9/13,,10/22/12
106-HT-T30,FPQ-14895,SCMS-260980,ASN-29499,Haiti,PMO - US,Direct Drop,FCA,Air,ARV,Adult,JANSSEN SCIENCES IRELAND UC (FORMERLY JANSSEN R&D IRELAND),"Darunavir 600mg [Prezista], tablets, 60 Tabs",Darunavir,Prezista,600mg,Tablet,"Janssen-Cilag, Latina, IT",72767,60,111,5994,54,0.9,6.16,42,926.3,TRUE,12/10/14,12/10/14,,11/4/14
101-CD-T30,FPQ-14654,SCMS-253270,ASN-28379,"Congo, DRC",PMO - US,Direct Drop,EXW,Air,HRDT,HIV test - Ancillary,"Orgenics, Ltd","Chase Buffer, Determine, 100 Tests, 2.5ml x 1 Vial","Chase Buffer, Determine, 100 Tests, 2.5ml x 1 Vial",Determine,N/A,Test kit - Ancillary,"Alere Medical Co., Ltd.",72770,1,2683,13415,5,5,13.79,,,FALSE,12/31/14,12/31/14,,8/27/14
102-GY-T30,FPQ-6983,SCMS-97150,ASN-9832,Guyana,PMO - US,Direct Drop,EXW,Air,HRDT,HIV test,"Trinity Biotech, Plc","HIV 1/2, Uni-Gold HIV Kit, 20 Tests","HIV 1/2, Uni-Gold HIV Kit",Uni-Gold,N/A,Test kit,"Trinity Biotech, Plc",72776,20,1975,63200,32,1.6,104.28,659,9106.51,TRUE,3/28/11,3/28/11,,2/2/11
105-SS-T30,FPQ-15569,SCMS-272170,ASN-31958,South Sudan,PMO - US,Direct Drop,EXW,Air,HRDT,HIV test - Ancillary,"Orgenics, Ltd","Capillary Tubes, for Determine, EDTA, 50uL,100 Pcs","HIV, Capillary Tubes, for Determine, EDTA, 50uL,100 Pcs",Determine,N/A,Test kit - Ancillary,"Alere Medical Co., Ltd.",72821,100,45,360,8,0.08,0.42,,,FALSE,7/2/15,7/2/15,,2/20/15
901-CM-T30,FPQ-12837,SCMS-204300,ASN-21709,Cameroon,PMO - US,Direct Drop,EXW,Air,ARV,Adult,Aurobindo Pharma Limited,"Lamivudine/Tenofovir Disoproxil Fumarate 300/300mg, tablets, 30 Tabs",Lamivudine/Tenofovir Disoproxil Fumarate,Generic,300/300mg,Tablet - FDC,"Aurobindo Unit VII, IN",72832,30,20993,97617.45,4.65,0.16,120.75,2100,17568.6,TRUE,11/7/13,10/30/13,,8/23/13
105-GH-T30,FPQ-14052,SCMS-237810,ASN-28672,Ghana,PMO - US,Direct Drop,EXW,Air,ARV,Adult,Aurobindo Pharma Limited,"Lamivudine/Nevirapine/Zidovudine 150/200/300mg, tablets, 60 Tabs",Lamivudine/Nevirapine/Zidovudine,Generic,150/300/200mg,Tablet - FDC,"Aurobindo Unit III, India",72836,60,29107,238677.4,8.2,0.14,245.36,3647,18545.17,TRUE,11/10/14,11/10/14,,5/23/14
111-MZ-T30,FPQ-13093,SCMS-211551,ASN-26131,Mozambique,PMO - US,Direct Drop,EXW,Air,HRDT,HIV test,"Trinity Biotech, Plc","HIV 1/2, Uni-Gold HIV Kit, 20 Tests","HIV 1/2, Uni-Gold HIV Kit",Uni-Gold,N/A,Test kit,"Trinity Biotech, Plc",72885,20,3962,126784,32,1.6,130.33,1153,7754.14,TRUE,6/2/14,6/2/14,,11/12/13
161-ZA-T30,FPQ-6262,SCMS-83730,ASN-10576,South Africa,PMO - US,Direct Drop,DDP,Ocean,ARV,Pediatric,Aurobindo Pharma Limited,"Efavirenz 200mg, capsule, 90 Caps",Efavirenz,Generic,200mg,Capsule,"Aurobindo Unit III, India",72892,90,17357,173222.86,9.98,0.11,373.47,2301,4573.2,TRUE,5/3/11,6/3/11,,9/24/10
901-NA-T30,FPQ-14728,SCMS-252640,ASN-28483,Namibia,PMO - US,Direct Drop,EXW,Air,ARV,Adult,HETERO LABS LIMITED,"Lamivudine/Tenofovir Disoproxil Fumarate 300/300mg, tablets, 30 Tabs",Lamivudine/Tenofovir Disoproxil Fumarate,Generic,300/300mg,Tablet - FDC,Hetero Unit III Hyderabad IN,72914,30,23322,107747.64,4.62,0.15,110.76,2637,13397.02,TRUE,10/22/14,10/22/14,,8/14/14
116-ZA-T30,FPQ-13973,SCMS-238554,ASN-28627,South Africa,PMO - US,Direct Drop,DDP,Truck,ARV,Adult,PHARMACY DIRECT,"Lamivudine/Zidovudine 150/300mg, tablets, 60 Tabs",Lamivudine/Zidovudine,Generic,150/300mg,Tablet - FDC,"Aurobindo Unit III, India",72918,60,9,280.73,31.19,0.52,0.29,,,FALSE,10/3/14,10/3/14,,10/3/14
109-TZ-T30,FPQ-12024,SCMS-189130,ASN-20469,Tanzania,PMO - US,Direct Drop,EXW,Air,HRDT,HIV test,"Standard Diagnostics, Inc.","HIV 1/2, Determine Complete HIV Kit, 100 Tests","HIV 1/2, Determine Complete HIV Kit",Determine,N/A,Test kit,"Alere Medical Co., Ltd.",72922,100,3781,0,0,0,0,1642,25778.9,TRUE,9/20/13,9/20/13,,5/22/13
105-GH-T30,FPQ-14667,SCMS-254770,ASN-30499,Ghana,PMO - US,Direct Drop,EXW,Air,ARV,Pediatric,MYLAN LABORATORIES LTD (FORMERLY MATRIX LABORATORIES),"Lamivudine/Zidovudine 30/60mg, dispersible tablets, 60 Tabs",Lamivudine/Zidovudine,Generic,30/60mg,Chewable/dispersible tablet - FDC,"Mylan,  H-12 & H-13, India",72933,60,11538,22960.62,1.99,0.03,23.6,,,FALSE,4/10/15,4/10/15,,9/25/14
116-ZA-T30,FPQ-14942,SCMS-259077,ASN-33477,South Africa,PMO - US,Direct Drop,DDP,Truck,ARV,Adult,PHARMACY DIRECT,"Tenofovir Disoproxil Fumarate 300mg, tablets, 30 Tabs",Tenofovir Disoproxil Fumarate,Generic,300mg,Tablet,Mylan (formerly Matrix) Nashik,72948,30,32,475.28,14.85,0.5,0.49,,,FALSE,7/24/15,7/24/15,,10/9/14
109-TZ-T30,FPQ-9211,SCMS-135870,ASN-13852,Tanzania,PMO - US,Direct Drop,EXW,Air,HRDT,HIV test,"Orgenics, Ltd","HIV 1/2, Determine Complete HIV Kit, 100 Tests","HIV 1/2, Determine Complete HIV Kit",Determine,N/A,Test kit,"Alere Medical Co., Ltd.",72976,100,2884,230720,80,0.8,323.47,1374,24000.91,TRUE,3/7/12,3/7/12,,1/27/12
161-ZA-T30,FPQ-7175,SCMS-103680,ASN-13133,South Africa,PMO - US,Direct Drop,DDP,Ocean,ARV,Adult,EMCURE PHARMACEUTICALS LTD,"Efavirenz 600mg, tablets, 30 Tabs",Efavirenz,Generic,600mg,Tablet,"Emcure Plot No.P-2, I.T-B.T. Park, Phase II, MIDC, Hinjwadi, Pune, India",72981,30,47963,206240.9,4.3,0.14,340.3,3789,9582.55,TRUE,12/1/11,12/19/11,,3/23/11
101-CD-T30,FPQ-13548,SCMS-224840,ASN-24721,"Congo, DRC",PMO - US,Direct Drop,EXW,Air,HRDT,HIV test,"Trinity Biotech, Plc","HIV 1/2, Uni-Gold HIV Kit, 20 Tests","HIV 1/2, Uni-Gold HIV Kit",Uni-Gold,N/A,Test kit,"Trinity Biotech, Plc",72988,20,34,1088,32,1.6,1.12,,,FALSE,4/4/14,4/4/14,,1/28/14
108-VN-T30,FPQ-14516,SCMS-249050,ASN-29375,Vietnam,PMO - US,Direct Drop,EXW,Air,ARV,Adult,HETERO LABS LIMITED,"Efavirenz/Lamivudine/Tenofovir Disoproxil Fumarate 600/300/300mg, tablets, 30 Tabs",Efavirenz/Lamivudine/Tenofovir Disoproxil Fumarate,Generic,600/300/300mg,Tablet - FDC,Hetero Unit III Hyderabad IN,73003,30,19200,201600,10.5,0.35,207.24,2719,4084.56,TRUE,12/17/14,12/17/14,,8/11/14
161-ZA-T30,FPQ-5648,SCMS-75750,ASN-9114,South Africa,PMO - US,Direct Drop,DDP,Ocean,ARV,Adult,Aurobindo Pharma Limited,"Efavirenz 600mg, tablets, 30 Tabs",Efavirenz,Generic,600mg,Tablet,"Aurobindo Unit III, India",73018,30,118537,534601.9,4.51,0.15,1152.6,10373,630.5,TRUE,2/1/11,2/1/11,,6/17/10
111-MZ-T30,FPQ-14054,SCMS-240820,ASN-27372,Mozambique,PMO - US,Direct Drop,EXW,Air,HRDT,HIV test,BIO-RAD LABORATORIES (FRANCE),"HIV, Multispot HIV-1/HIV-2 Rapid Test Kit, 50 Tests","HIV, Multispot HIV-1/HIV-2 Rapid Test Kit",Multispot,N/A,Test kit,Bio-Rad Laboratories,73056,50,80,99402.4,1242.53,24.85,102.19,111,1368.78,TRUE,10/1/14,10/1/14,,5/29/14
116-ZA-T30,FPQ-15269,SCMS-267020,ASN-29764,South Africa,PMO - US,Direct Drop,DDP,Truck,ARV,Pediatric,S. BUYS WHOLESALER,"Efavirenz 50mg, capsule, 30 Caps",Efavirenz,Generic,50mg,Capsule,"Aurobindo Unit III, India",73059,30,172,457.9,2.66,0.09,0.54,,,FALSE,12/10/14,12/10/14,,12/10/14
109-TZ-T30,FPQ-10394,SCMS-156520,ASN-16038,Tanzania,PMO - US,Direct Drop,EXW,Air,ARV,Adult,Aurobindo Pharma Limited,"Lamivudine/Zidovudine 150/300mg, tablets, 60 Tabs",Lamivudine/Zidovudine,Generic,150/300mg,Tablet - FDC,"Aurobindo Unit III, India",73079,60,39360,281424,7.15,0.12,394.56,3421,15241.75,TRUE,9/27/12,10/4/12,,8/9/12
108-VN-T30,FPQ-6384,SCMS-87780,ASN-9408,Vietnam,PMO - US,Direct Drop,EXW,Air,ARV,Adult,HETERO LABS LIMITED,"Lamivudine/Zidovudine 150/300mg, tablets, 60 Tabs",Lamivudine/Zidovudine,Generic,150/300mg,Tablet - FDC,Hetero Unit III Hyderabad IN,73087,60,35000,292250,8.35,0.14,630.09,,,FALSE,2/16/11,2/16/11,,10/18/10
105-GY-T30,FPQ-10249,SCMS-153870,ASN-17103,Guyana,PMO - US,Direct Drop,EXW,Air,HRDT,HIV test,"CHEMBIO DIAGNOSTIC SYSTEMS, INC.","HIV 1/2, Stat-Pak HIV, Kit, 20 Tests","HIV 1/2, Stat-Pak HIV, Kit",Stat-Pak,N/A,Test kit,Chembio Diagnostics Sys. Inc.,73089,20,6,174,29,1.45,0.24,2,297,TRUE,11/21/12,11/21/12,,7/26/12
116-ZA-T30,FPQ-14942,SCMS-259073,ASN-30671,South Africa,PMO - US,Direct Drop,DDP,Truck,ARV,Adult,PHARMACY DIRECT,"Zidovudine 300mg, tablets, 60 Tabs",Zidovudine,Generic,300mg,Tablet,"Aurobindo Unit III, India",73095,60,11,198.34,18.03,0.3,0.2,,,FALSE,2/12/15,2/12/15,,2/12/15
111-MZ-T30,FPQ-11915,SCMS-185220,ASN-21586,Mozambique,PMO - US,Direct Drop,FCA,Air,ARV,Adult,ABBVIE LOGISTICS (FORMERLY ABBOTT LOGISTICS BV),"Ritonavir 100mg [Norvir], film coated tablets, 60 Tabs",Ritonavir,Norvir,100mg,Tablet,ABBVIE Ludwigshafen Germany,73115,60,616,4219.6,6.85,0.11,5.22,87,1053.88,TRUE,10/8/13,10/8/13,,5/1/13
111-MZ-T30,FPQ-15221,SCMS-270120,ASN-32420,Mozambique,PMO - US,Direct Drop,CIP,Air,ARV,Adult,MERCK SHARP & DOHME IDEA GMBH (FORMALLY MERCK SHARP & DOHME B.V.),"Raltegravir 400mg [Isentress], tablets, 60 Tabs",Raltegravir,Isentress,400mg,Tablet,"MSD, Haarlem, NL",73122,60,100,5550,55.5,0.92,6.53,,,FALSE,6/9/15,6/9/15,,12/19/14
104-CI-T30,FPQ-4698,SCMS-62950,ASN-6669,Côte d'Ivoire,PMO - US,Direct Drop,EXW,Air,ARV,Adult,MYLAN LABORATORIES LTD (FORMERLY MATRIX LABORATORIES),"Abacavir/Lamivudine/Zidovudine 300/150/300mg, tablets, 60 Tabs",Abacavir/Lamivudine/Zidovudine,Generic,300/150/300mg,Tablet - FDC,Mylan (formerly Matrix) Nashik,73145,60,4448,133440,30,0.5,287.7,693,5066.44,TRUE,5/12/10,5/12/10,,1/15/10
106-HT-T30,FPQ-15038,SCMS-263170,ASN-31572,Haiti,PMO - US,Direct Drop,EXW,Air,ARV,Adult,Aurobindo Pharma Limited,"Lamivudine/Zidovudine 150/300mg, tablets, 60 Tabs",Lamivudine/Zidovudine,Generic,150/300mg,Tablet - FDC,"Aurobindo Unit III, India",73152,60,19987,135311.98,6.77,0.11,139.1,,,FALSE,5/11/15,5/11/15,,12/24/14
116-ZA-T30,FPQ-13035,SCMS-215370,ASN-24415,South Africa,PMO - US,Direct Drop,DDP,Truck,ARV,Pediatric,S. BUYS WHOLESALER,"Abacavir 20mg/ml, oral solution w/syringe, Bottle, 240 ml",Abacavir,Generic,20mg/ml,Oral solution,"Aurobindo Unit III, India",73176,240,258,5919.28,22.94,0.1,7.32,,,FALSE,2/6/14,2/6/14,,12/2/13
108-VN-T30,FPQ-12539,SCMS-210810,ASN-23667,Vietnam,PMO - US,Direct Drop,EXW,Air,ARV,Adult,HETERO LABS LIMITED,"Efavirenz 600mg, tablets, 30 Tabs",Efavirenz,Generic,600mg,Tablet,Hetero Unit III Hyderabad IN,73177,30,983,3184.92,3.24,0.11,3.94,93,668.75,TRUE,1/22/14,1/22/14,,10/14/13
114-UG-T30,FPQ-12290,SCMS-192070,ASN-21522,Uganda,PMO - US,Direct Drop,FCA,Air,ARV,Adult,ABBVIE LOGISTICS (FORMERLY ABBOTT LOGISTICS BV),"Ritonavir 100mg [Norvir], film coated tablets, 60 Tabs",Ritonavir,Norvir,100mg,Tablet,ABBVIE Ludwigshafen Germany,73211,60,210,1438.5,6.85,0.11,1.78,32,852.02,TRUE,9/23/13,9/23/13,,6/13/13
161-ZA-T30,FPQ-7175,SCMS-103820,ASN-13285,South Africa,PMO - US,Direct Drop,DDP,Ocean,ARV,Pediatric,CIPLA LIMITED,"Lamivudine 10mg/ml, oral solution, Bottle, 240 ml",Lamivudine,Generic,10mg/ml,Oral solution,"Cipla, Goa, India",73220,240,50000,103000,2.06,0.01,169.95,,,TRUE,1/27/12,1/27/12,,3/28/11
108-VN-T30,FPQ-4265,SCMS-57140,ASN-6264,Vietnam,PMO - US,Direct Drop,EXW,Air,ARV,Adult,Aurobindo Pharma Limited,"Lamivudine/Zidovudine 150/300mg, tablets, 60 Tabs",Lamivudine/Zidovudine,Generic,150/300mg,Tablet - FDC,"Aurobindo Unit III, India",73239,60,19740,169961.4,8.61,0.14,333.12,,,FALSE,3/17/10,3/17/10,,11/13/09
116-ZA-T30,FPQ-12522,SCMS-199283,ASN-27980,South Africa,PMO - US,Direct Drop,DDP,Truck,ARV,Pediatric,S. BUYS WHOLESALER,"Lamivudine 10mg/ml, oral solution w/syringe, Bottle, 240 ml",Lamivudine,Generic,10mg/ml,Oral solution,"Aurobindo Unit III, India",73261,240,12,95.96,8,0.03,0.12,,,FALSE,8/27/14,8/27/14,,8/27/14
116-ZA-T30,FPQ-12522,SCMS-199288,ASN-27195,South Africa,PMO - US,Direct Drop,DDP,Truck,ARV,Pediatric,S. BUYS WHOLESALER,"Lopinavir/Ritonavir 80/20mg/ml [Kaletra], oral solution, cool, Bottle 5 x 60 ml",Lopinavir/Ritonavir,Kaletra,80/20mg/ml,Oral solution,ABBVIE (Abbott) Logis. UK,73275,300,3,70.35,23.45,0.08,0.09,,,TRUE,7/10/14,7/10/14,,7/10/14
116-ZA-T30,FPQ-13973,SCMS-238550,ASN-30792,South Africa,PMO - US,Direct Drop,DDP,Truck,ARV,Adult,PHARMACY DIRECT,"Darunavir 300mg [Prezista], tablets, 120 Tabs",Darunavir,Prezista,300mg,Tablet,"Janssen-Cilag, Latina, IT",73287,120,3,209.13,69.71,0.58,0.21,,,FALSE,2/19/15,2/19/15,,5/8/14
114-UG-T30,FPQ-6563,SCMS-91740,ASN-9071,Uganda,PMO - US,Direct Drop,FCA,Air,ARV,Adult,Hoffmann-La Roche ltd Basel,"Saquinavir 500mg [Invirase], tablets, 120 Tabs",Saquinavir,Invirase,500mg,Tablet,Roche Madrid,73301,120,98,10150.19,103.57,0.86,16.75,18,968.25,TRUE,12/21/10,12/21/10,,11/17/10
111-MZ-T30,FPQ-8527,SCMS-130160,ASN-13819,Mozambique,PMO - US,Direct Drop,EXW,Air,HRDT,HIV test,"Orgenics, Ltd","HIV 1/2, Determine Complete HIV Kit, 100 Tests","HIV 1/2, Determine Complete HIV Kit",Determine,N/A,Test kit,"Alere Medical Co., Ltd.",73314,100,2891,231280,80,0.8,381.61,1378,25607.44,TRUE,5/2/12,5/2/12,,12/29/11
161-ZA-T30,FPQ-7175,SCMS-103800,ASN-12625,South Africa,PMO - US,Direct Drop,DDP,Ocean,ARV,Pediatric,CIPLA LIMITED,"Lamivudine 10mg/ml, oral solution, Bottle, 240 ml",Lamivudine,Generic,10mg/ml,Oral solution,"Cipla, Goa, India",73326,240,50000,103000,2.06,0.01,169.95,18462,22647.81,TRUE,11/25/11,11/25/11,,3/28/11
133-NG-T30,FPQ-15504,SCMS-270751,ASN-31318,Nigeria,PMO - US,Direct Drop,EXW,Air,HRDT,HIV test,"Trinity Biotech, Plc","HIV 1/2, Uni-Gold HIV Kit, 20 Tests","HIV 1/2, Uni-Gold HIV Kit",Uni-Gold,N/A,Test kit,"Trinity Biotech, Plc",73335,20,6704,214528,32,1.6,252.5,2134,13771.63,TRUE,4/15/15,4/15/15,,1/28/15
103-ZW-T30,FPQ-15021,SCMS-261410,ASN-30816,Zimbabwe,PMO - US,Direct Drop,FCA,Air,ARV,Pediatric,ABBVIE LOGISTICS (FORMERLY ABBOTT LOGISTICS BV),"Lopinavir/Ritonavir 80/20mg/ml [Kaletra], oral solution, cool, Bottle 5 x 60 ml",Lopinavir/Ritonavir,Kaletra,80/20mg/ml,Oral solution,ABBVIE (Abbott) Logis. UK,73348,300,5362,165256.84,30.82,0.1,169.88,5060,44952.61,TRUE,2/28/15,2/28/15,,10/30/14
108-VN-T30,FPQ-3896,SCMS-48270,ASN-5131,Vietnam,PMO - US,Direct Drop,EXW,Air,ARV,Adult,Aurobindo Pharma Limited,"Didanosine 250mg, delayed-release capsules, 30 Caps",Didanosine,Generic,250mg,Delayed-release capsules,"Aurobindo Unit III, India",73360,30,180,2340,13,0.43,4.59,,,FALSE,10/26/09,10/26/09,,6/26/09
101-CD-T30,FPQ-16001,SCMS-280210,ASN-31750,"Congo, DRC",PMO - US,Direct Drop,EXW,Air,HRDT,HIV test,"Trinity Biotech, Plc","HIV 1/2, Uni-Gold HIV Kit, 20 Tests","HIV 1/2, Uni-Gold HIV Kit",Uni-Gold,N/A,Test kit,"Trinity Biotech, Plc",73373,20,89,2848,32,1.6,3.35,,,FALSE,7/2/15,7/2/15,,3/16/15
116-ZA-T30,FPQ-13035,SCMS-215370,ASN-24415,South Africa,PMO - US,Direct Drop,DDP,Truck,ARV,Adult,S. BUYS WHOLESALER,"Zidovudine 300mg, tablets, 60 Tabs",Zidovudine,Generic,300mg,Tablet,"Aurobindo Unit III, India",73379,60,22,543.68,24.71,0.41,0.67,,,FALSE,2/6/14,2/6/14,,12/2/13
101-AF-T30,FPQ-15746,SCMS-275090,ASN-30861,Afghanistan,PMO - US,Direct Drop,EXW,Air,ANTM,Malaria,IMRES B.V.,"Quinine sulphate 300mg, film coated tablet, 1000 Tabs",Quinine,Generic,300mg,Tablet,Mepro Pharm Wadhwan Unit II,73403,1000,57,2881.35,50.55,0.05,3.39,,,FALSE,7/12/15,7/12/15,,2/9/15
111-MZ-T30,FPQ-9671,SCMS-145150,ASN-15699,Mozambique,PMO - US,Direct Drop,EXW,Air,HRDT,HIV test,"Orgenics, Ltd","HIV 1/2, Determine Complete HIV Kit, 100 Tests","HIV 1/2, Determine Complete HIV Kit",Determine,N/A,Test kit,"Alere Medical Co., Ltd.",73507,100,5000,400000,80,0.8,560.8,2384,43848.04,TRUE,9/4/12,9/4/12,,5/4/12
133-NG-T30,FPQ-15504,SCMS-270750,ASN-31313,Nigeria,PMO - US,Direct Drop,EXW,Air,HRDT,HIV test,"Trinity Biotech, Plc","HIV 1/2, Uni-Gold HIV Kit, 20 Tests","HIV 1/2, Uni-Gold HIV Kit",Uni-Gold,N/A,Test kit,"Trinity Biotech, Plc",73567,20,6705,214560,32,1.6,252.54,,,TRUE,4/22/15,4/22/15,,1/26/15
108-VN-T30,FPQ-7565,SCMS-107630,ASN-11362,Vietnam,PMO - US,Direct Drop,EXW,Air,ARV,Adult,STRIDES ARCOLAB LIMITED,"Nevirapine 200mg, tablets, 60 Tabs",Nevirapine,Generic,200mg,Tablet,"Strides, Bangalore, India.",73569,60,15000,38100,2.54,0.04,62.86,,,FALSE,7/26/11,7/26/11,,5/2/11
116-ZA-T30,FPQ-14942,SCMS-259074,ASN-31069,South Africa,PMO - US,Direct Drop,DDP,Truck,ARV,Adult,PHARMACY DIRECT,"Raltegravir 400mg [Isentress], tablets, 60 Tabs",Raltegravir,Isentress,400mg,Tablet,"MSD, Haarlem, NL",73585,60,62,3792.2,61.16,1.02,3.9,,,FALSE,3/9/15,3/9/15,,3/9/15
133-NG-T30,FPQ-14305,SCMS-240830,ASN-27473,Nigeria,PMO - US,Direct Drop,EXW,Air,HRDT,HIV test,"Orgenics, Ltd","HIV 1/2, Determine Complete HIV Kit, 100 Tests","HIV 1/2, Determine Complete HIV Kit",Determine,N/A,Test kit,"Alere Medical Co., Ltd.",73596,100,2769,246441,89,0.89,253.34,2355,16816.33,TRUE,8/19/14,9/4/14,,6/2/14
104-CI-T30,FPQ-3882,SCMS-51820,ASN-4980,Côte d'Ivoire,PMO - US,Direct Drop,FCA,Air,ARV,Adult,ABBVIE LOGISTICS (FORMERLY ABBOTT LOGISTICS BV),"Ritonavir 100mg [Norvir], capsules, cool, 4 x 84 Caps",Ritonavir,Norvir,100mg,Capsule,ABBVIE (Abbott) France,73607,336,300,11508,38.36,0.11,22.56,546,8956.05,TRUE,10/16/09,10/16/09,,8/24/09
161-ZA-T30,FPQ-7175,SCMS-103400,ASN-12381,South Africa,PMO - US,Direct Drop,DDP,Ocean,ARV,Adult,Aurobindo Pharma Limited,"Zidovudine 300mg, tablets, 60 Tabs",Zidovudine,Generic,300mg,Tablet,"Aurobindo Unit III, India",73661,60,90171,658248.3,7.3,0.12,1086.11,4670,3341.45,TRUE,11/22/11,11/22/11,,3/24/11
161-ZA-T30,FPQ-6262,SCMS-83770,ASN-9944,South Africa,PMO - US,Direct Drop,DDP,Ocean,ARV,Adult,Aurobindo Pharma Limited,"Lamivudine 150mg, tablets, 60 Tabs",Lamivudine,Generic,150mg,Tablet,"Aurobindo Unit III, India",73665,60,185748,440222.75,2.37,0.04,949.12,9374,11372.23,TRUE,4/26/11,4/12/11,,9/24/10
108-VN-T30,FPQ-12051,SCMS-188710,ASN-21667,Vietnam,PMO - US,Direct Drop,EXW,Air,ARV,Adult,HETERO LABS LIMITED,"Abacavir 300mg, tablets, 60 Tabs",Abacavir,Generic,300mg,Tablet,Hetero Unit III Hyderabad IN,73675,60,429,5255.25,12.25,0.2,6.5,,,FALSE,9/28/13,9/28/13,,5/15/13
106-HT-T30,FPQ-14895,SCMS-261013,ASN-33599,Haiti,PMO - US,Direct Drop,EXW,Air,ARV,Adult,EMCURE PHARMACEUTICALS LTD,"Atazanavir/Ritonavir 300/100mg, tablets, 30 Tabs",Atazanavir/Ritonavir,Generic,300/100mg,Tablet,"Emcure Plot No.P-2, I.T-B.T. Park, Phase II, MIDC, Hinjwadi, Pune, India",73724,30,3320,59760,18,0.6,61.43,,,TRUE,9/2/15,9/2/15,,11/14/14
106-HT-T30,FPQ-11442,SCMS-177180,ASN-18919,Haiti,PMO - US,Direct Drop,EXW,Ocean,ARV,Pediatric,Aurobindo Pharma Limited,"Zidovudine 10mg/ml, oral solution w/syringe, Bottle, 240 ml",Zidovudine,Generic,10mg/ml,Oral solution,"Aurobindo Unit III, India",73726,240,1999,4197.9,2.1,0.01,5.19,,,FALSE,8/7/13,8/7/13,,3/11/13
114-UG-T30,FPQ-15303,SCMS-264960,ASN-31187,Uganda,PMO - US,Direct Drop,EXW,Air,ARV,Adult,EMCURE PHARMACEUTICALS LTD,"Atazanavir/Ritonavir 300/100mg, tablets, 30 Tabs",Atazanavir/Ritonavir,Generic,300/100mg,Tablet,"Emcure Plot No.P-2, I.T-B.T. Park, Phase II, MIDC, Hinjwadi, Pune, India",73727,30,1776,31968,18,0.6,37.63,237,1794.89,TRUE,4/8/15,4/8/15,,11/25/14
109-TZ-T30,FPQ-12286,SCMS-193850,ASN-20159,Tanzania,PMO - US,Direct Drop,EXW,Air,ARV,Adult,Aurobindo Pharma Limited,"Lamivudine/Nevirapine/Zidovudine 150/200/300mg, tablets, 60 Tabs",Lamivudine/Nevirapine/Zidovudine,Generic,150/300/200mg,Tablet - FDC,"Aurobindo Unit III, India",73748,60,36451,297075.66,8.15,0.14,367.48,4611,20618.55,TRUE,8/24/13,8/24/13,,6/11/13
110-ZM-T30,FPQ-14790,SCMS-253022,ASN-31640,Zambia,PMO - US,Direct Drop,FCA,Air,ARV,Pediatric,ABBVIE LOGISTICS (FORMERLY ABBOTT LOGISTICS BV),"Lopinavir/Ritonavir 80/20mg/ml [Kaletra], oral solution, cool, Bottle 5 x 60 ml",Lopinavir/Ritonavir,Kaletra,80/20mg/ml,Oral solution,ABBVIE (Abbott) Logis. UK,73757,300,2265,69807.3,30.82,0.1,71.76,2272,13303.8,TRUE,5/18/15,5/18/15,,8/20/14
101-CD-T30,FPQ-16001,SCMS-280220,ASN-32231,"Congo, DRC",PMO - US,Direct Drop,EXW,Air,HRDT,HIV test,"Orgenics, Ltd","HIV 1/2, Determine Complete HIV Kit, 100 Tests","HIV 1/2, Determine Complete HIV Kit",Determine,N/A,Test kit,"Alere Medical Co., Ltd.",73776,100,128,10240,80,0.8,12.05,,,FALSE,7/23/15,7/23/15,,3/17/15
106-HT-T30,FPQ-16241,SCMS-288890,ASN-32682,Haiti,PMO - US,Direct Drop,EXW,Ocean,ARV,Adult,HETERO LABS LIMITED,"Lamivudine/Zidovudine 150/300mg, tablets, 60 Tabs",Lamivudine/Zidovudine,Generic,150/300mg,Tablet - FDC,"Hetero, Jadcherla, unit 5, IN",73782,60,65760,434673.6,6.61,0.11,511.61,,,FALSE,8/13/15,8/13/15,,5/27/15
108-VN-T30,FPQ-16194,SCMS-285500,ASN-33268,Vietnam,PMO - US,Direct Drop,EXW,Air,ARV,Adult,HETERO LABS LIMITED,"Efavirenz/Lamivudine/Tenofovir Disoproxil Fumarate 600/300/300mg, tablets, 30 Tabs",Efavirenz/Lamivudine/Tenofovir Disoproxil Fumarate,Generic,600/300/300mg,Tablet - FDC,Hetero Unit III Hyderabad IN,73804,30,17760,168720,9.5,0.32,198.58,,,TRUE,9/3/15,9/3/15,,5/13/15
116-ZA-T30,FPQ-14942,SCMS-259071,ASN-29597,South Africa,PMO - US,Direct Drop,DDP,Truck,ARV,Adult,PHARMACY DIRECT,"Didanosine 250mg, delayed-release capsules, 30 Caps",Didanosine,Generic,250mg,Delayed-release capsules,"Aurobindo Unit III, India",73806,30,6,66.1,11.02,0.37,0.07,,,FALSE,11/28/14,11/28/14,,11/28/14
161-ZA-T30,FPQ-5303,SCMS-68940,ASN-8041,South Africa,PMO - US,Direct Drop,DDP,Air,ARV,Adult,Aurobindo Pharma Limited,"Efavirenz 600mg, tablets, 30 Tabs",Efavirenz,Generic,600mg,Tablet,"Aurobindo Unit III, India",73807,30,29380,137204.6,4.67,0.16,295.81,,,TRUE,9/7/10,10/27/10,,3/19/10
104-CI-T30,FPQ-6037,SCMS-80630,ASN-8532,Côte d'Ivoire,PMO - US,Direct Drop,EXW,Air,HRDT,HIV test,"Orgenics, Ltd","HIV 1/2, Determine HIV Kit, without Lancets, 100 Tests","HIV 1/2, Determine HIV Kit, without Lancets",Determine,N/A,Test kit,Inverness Japan,73818,100,5408,420201.6,77.7,0.78,905.95,1229,17085.16,TRUE,11/10/10,11/10/10,,7/30/10
161-ZA-T30,FPQ-6262,SCMS-83790,ASN-9179,South Africa,PMO - US,Direct Drop,DDP,Ocean,ARV,Adult,Aurobindo Pharma Limited,"Lamivudine 150mg, tablets, 60 Tabs",Lamivudine,Generic,150mg,Tablet,"Aurobindo Unit III, India",73843,60,19177,45449.49,2.37,0.04,97.99,,,FALSE,1/31/11,1/31/11,,9/24/10
108-VN-T30,FPQ-8428,SCMS-123520,ASN-13475,Vietnam,PMO - US,Direct Drop,EXW,Air,ARV,Adult,Aurobindo Pharma Limited,"Efavirenz 600mg, tablets, 30 Tabs",Efavirenz,Generic,600mg,Tablet,"Aurobindo Unit III, India",73861,30,49452,200280.6,4.05,0.13,330.46,,,FALSE,3/1/12,3/1/12,,10/4/11
105-SS-T30,FPQ-15569,SCMS-272140,ASN-31129,South Sudan,PMO - US,Direct Drop,EXW,Air,HRDT,HIV test,"Trinity Biotech, Plc","HIV 1/2, Uni-Gold HIV Kit, 20 Tests","HIV 1/2, Uni-Gold HIV Kit",Uni-Gold,N/A,Test kit,"Trinity Biotech, Plc",73867,20,25,800,32,1.6,0.94,,,FALSE,5/8/15,5/8/15,,2/20/15
105-GH-T30,FPQ-13809,SCMS-234090,ASN-27340,Ghana,PMO - US,Direct Drop,EXW,Air,ARV,Adult,MYLAN LABORATORIES LTD (FORMERLY MATRIX LABORATORIES),"Emtricitabine/Tenofovir Disoproxil Fumarate 200/300mg, tablets, 30 Tabs",Emtricitabine/Tenofovir Disoproxil Fumarate,Generic,200/300mg,Tablet - FDC,Mylan (formerly Matrix) Nashik,73906,30,8458,47364.8,5.6,0.19,48.69,758,6956.18,TRUE,9/11/14,9/11/14,,4/15/14
113-ZW-T30,FPQ-7521,SCMS-108000,ASN-12247,Zimbabwe,PMO - US,Direct Drop,EXW,Air,HRDT,HIV test,"Orgenics, Ltd","HIV 1/2, Determine Complete HIV Kit, 100 Tests","HIV 1/2, Determine Complete HIV Kit",Determine,N/A,Test kit,Inverness Japan,73918,100,2499,199920,80,0.8,329.87,1191,23808.37,TRUE,10/19/11,10/19/11,,5/5/11
114-UG-T30,FPQ-4130,SCMS-53050,ASN-5064,Uganda,PMO - US,Direct Drop,FCA,Air,ARV,Adult,ABBVIE LOGISTICS (FORMERLY ABBOTT LOGISTICS BV),"Lopinavir/Ritonavir 200/50mg [Aluvia], tablets, 120 Tabs",Lopinavir/Ritonavir,Aluvia,200/50mg,Tablet,ABBVIE Ludwigshafen Germany,73961,120,480,17356.8,36.16,0.3,34.02,126,1360.34,TRUE,10/20/09,10/20/09,,9/10/09
133-NG-T30,FPQ-12456,SCMS-196561,ASN-22353,Nigeria,PMO - US,Direct Drop,EXW,Air,HRDT,HIV test,"Orgenics, Ltd","HIV 1/2, Determine Complete HIV Kit, 100 Tests","HIV 1/2, Determine Complete HIV Kit",Determine,N/A,Test kit,"Alere Medical Co., Ltd.",73986,100,3041,270649,89,0.89,334.79,1235,21084.84,TRUE,11/7/13,11/11/13,,7/10/13
104-CI-T30,FPQ-12806,SCMS-206580,ASN-22054,Côte d'Ivoire,PMO - US,Direct Drop,EXW,Air,ARV,Adult,MYLAN LABORATORIES LTD (FORMERLY MATRIX LABORATORIES),"Atazanavir/Ritonavir 300/100mg, tablets, 30 Tabs",Atazanavir/Ritonavir,Generic,300/100mg,Tablet,Mylan (formerly Matrix) Nashik,73996,30,4500,90000,20,0.67,111.33,608,4568.92,TRUE,11/4/13,11/4/13,,9/16/13
161-ZA-T30,FPQ-7400,SCMS-104210,ASN-12078,South Africa,PMO - US,Direct Drop,DDP,Ocean,ARV,Pediatric,GLAXOSMITHKLINE EXPORT LIMITED,"Abacavir 20mg/ml [Ziagen], oral solution, Bottle, 240 ml",Abacavir,Ziagen,20mg/ml,Oral solution,GSK Mississauga (Canada),74008,240,20000,185600,9.28,0.04,306.24,7664,8301.76,TRUE,12/2/11,12/2/11,,3/30/11
116-ZA-T30,FPQ-12522,SCMS-199283,ASN-27979,South Africa,PMO - US,Direct Drop,DDP,Truck,ARV,Adult,S. BUYS WHOLESALER,"Zidovudine 300mg, tablets, 60 Tabs",Zidovudine,Generic,300mg,Tablet,"Aurobindo Unit III, India",74035,60,11,306.08,27.83,0.46,0.38,,,FALSE,8/27/14,8/27/14,,8/27/14
161-ZA-T30,FPQ-7175,SCMS-104020,ASN-12033,South Africa,PMO - US,Direct Drop,DDP,Ocean,ARV,Adult,CIPLA LIMITED,"Tenofovir Disoproxil Fumarate 300mg, tablets, 30 Tabs",Tenofovir Disoproxil Fumarate,Generic,300mg,Tablet,"Cipla, Goa, India",74135,30,51382,332441.53,6.47,0.22,548.53,,,TRUE,7/14/11,11/18/11,,3/28/11
105-SS-T30,FPQ-15569,SCMS-272170,ASN-31958,South Sudan,PMO - US,Direct Drop,EXW,Air,HRDT,HIV test,"Orgenics, Ltd","HIV 1/2, Determine Complete HIV Kit, 100 Tests","HIV 1/2, Determine Complete HIV Kit",Determine,N/A,Test kit,"Alere Medical Co., Ltd.",74156,100,90,8010,89,0.89,9.43,,,FALSE,7/2/15,7/2/15,,2/20/15
114-UG-T30,FPQ-12309,SCMS-192040,ASN-22130,Uganda,PMO - US,Direct Drop,EXW,Air,ARV,Pediatric,MYLAN LABORATORIES LTD (FORMERLY MATRIX LABORATORIES),"Efavirenz 200mg, tablets, 30 Tabs",Efavirenz,Generic,200mg,Tablet,Mylan (formerly Matrix) Nashik,74178,30,61386,92079,1.5,0.05,113.9,3262,12034.96,TRUE,10/28/13,10/28/13,,6/14/13
102-BI-T30,FPQ-13998,SCMS-235540,ASN-26174,Burundi,PMO - US,Direct Drop,EXW,Air,HRDT,HIV test,"Orgenics, Ltd","HIV 1/2, Determine Complete HIV Kit, 100 Tests","HIV 1/2, Determine Complete HIV Kit",Determine,N/A,Test kit,"Alere Medical Co., Ltd.",74183,100,2114,169120,80,0.8,173.86,822,21348.51,TRUE,6/13/14,6/13/14,,4/29/14
116-ZA-T30,FPQ-11828,SCMS-183950,ASN-19166,South Africa,South Africa Field Office,Direct Drop,DDP,Truck,ARV,Adult,S. BUYS WHOLESALER,"Abacavir 300mg, tablets, 60 Tabs",Abacavir,Generic,300mg,Tablet,"Cipla, Patalganga, India",74213,60,537,14023.43,26.11,0.44,17.35,,,FALSE,4/16/13,4/16/13,,
114-UG-T30,FPQ-7816,SCMS-111210,ASN-13118,Uganda,PMO - US,Direct Drop,CIP,Air,ARV,Adult,MERCK SHARP & DOHME IDEA GMBH (FORMALLY MERCK SHARP & DOHME B.V.),"Indinavir 400mg [Crixivan], capsules, 180 Caps",Indinavir,Crixivan,400mg,Capsule,"MSD, Haarlem, NL",74260,180,36,1800,50,0.28,2.97,9,286,TRUE,1/4/12,1/4/12,,6/14/11
119-NA-T30,FPQ-4398,SCMS-54920,ASN-6026,Namibia,PMO - US,Direct Drop,EXW,Air,HRDT,HIV test,"Orgenics, Ltd","HIV 1/2, Determine HIV Kit, without Lancets, 100 Tests","HIV 1/2, Determine HIV Kit, without Lancets",Determine,N/A,Test kit,Inverness Japan,74268,100,200,14000,70,0.7,30.18,45,10486.42,TRUE,2/18/10,2/18/10,,10/13/09
116-ZA-T30,FPQ-14942,SCMS-259076,ASN-32524,South Africa,PMO - US,Direct Drop,DDP,Truck,ARV,Adult,PHARMACY DIRECT,"Nevirapine 200mg, tablets, 60 Tabs",Nevirapine,Generic,200mg,Tablet,"Aurobindo Unit III, India",74273,60,19,243.66,12.82,0.21,0.25,,,FALSE,6/2/15,6/2/15,,6/2/15
108-VN-T30,FPQ-14516,SCMS-251680,ASN-29386,Vietnam,PMO - US,Direct Drop,EXW,Air,ARV,Adult,HETERO LABS LIMITED,"Efavirenz 600mg, tablets, 30 Tabs",Efavirenz,Generic,600mg,Tablet,Hetero Unit III Hyderabad IN,74288,30,10000,35000,3.5,0.12,35.98,,,FALSE,12/19/14,12/19/14,,8/11/14
106-HT-T30,FPQ-12590,SCMS-210510,ASN-24412,Haiti,PMO - US,Direct Drop,EXW,Ocean,ARV,Adult,HETERO LABS LIMITED,"Nevirapine 200mg, tablets, 60 Tabs",Nevirapine,Generic,200mg,Tablet,Hetero Unit III Hyderabad IN,74320,60,10725,23595,2.2,0.04,29.19,,,FALSE,5/9/14,5/9/14,,10/25/13
103-CM-T30,FPQ-8396,SCMS-122260,ASN-12662,Cameroon,PMO - US,Direct Drop,EXW,Air,HRDT,HIV test,"Orgenics, Ltd","HIV 1/2, Determine Kit without Lancets, Buffer or Caplillary Tubes, 100 Tests","HIV 1/2, Determine Kit without Lancets, Buffer or Capillary Tubes, 100 Tests",Determine,N/A,Test kit,Inverness Japan,74329,100,100,7215,72.15,0.72,11.9,18,1278.12,TRUE,11/18/11,11/18/11,,9/15/11
116-ZA-T30,FPQ-14942,SCMS-259079,ASN-33852,South Africa,PMO - US,Direct Drop,DDP,Truck,ARV,Adult,PHARMACY DIRECT,"Zidovudine 300mg, tablets, 60 Tabs",Zidovudine,Generic,300mg,Tablet,"Aurobindo Unit III, India",74333,60,15,289.91,19.33,0.32,0.3,,,FALSE,8/24/15,8/24/15,,10/9/14
116-ZA-T30,FPQ-13035,SCMS-215370,ASN-24415,South Africa,PMO - US,Direct Drop,DDP,Truck,ARV,Adult,S. BUYS WHOLESALER,"Efavirenz 600mg, tablets, 30 Tabs",Efavirenz,Generic,600mg,Tablet,"Aurobindo Unit III, India",74337,30,2348,34277.51,14.6,0.49,42.4,,,FALSE,2/6/14,2/6/14,,12/2/13
117-ET-T30,FPQ-14357,SCMS-244840,ASN-28571,Ethiopia,PMO - US,Direct Drop,EXW,Air,HRDT,HIV test,"Trinity Biotech, Plc","HIV 1/2, Uni-Gold HIV Kit, 20 Tests","HIV 1/2, Uni-Gold HIV Kit",Uni-Gold,N/A,Test kit,"Trinity Biotech, Plc",74343,20,540,17280,32,1.6,17.76,165,1442.44,TRUE,11/17/14,11/17/14,,6/18/14
103-KE-T30,FPQ-10018,SCMS-149610,ASN-15668,Kenya,PMO - US,Direct Drop,EXW,Air,HRDT,HIV test,"Orgenics, Ltd","HIV 1/2, Determine Complete HIV Kit, 100 Tests","HIV 1/2, Determine Complete HIV Kit",Determine,N/A,Test kit,"Alere Medical Co., Ltd.",74357,100,6618,589002,89,0.89,825.78,1139,11827.07,TRUE,7/9/12,7/28/12,,6/14/12
116-ZA-T30,FPQ-11828,SCMS-183950,ASN-19166,South Africa,South Africa Field Office,Direct Drop,DDP,Truck,ARV,Pediatric,S. BUYS WHOLESALER,"Efavirenz 50mg, capsule, 30 Caps",Efavirenz,Generic,50mg,Capsule,"Aurobindo Unit III, India",74364,30,2146,6526.5,3.04,0.1,8.07,,,FALSE,4/16/13,4/16/13,,
105-SS-T30,FPQ-12623,SCMS-200921,ASN-22955,South Sudan,PMO - US,Direct Drop,EXW,Air,HRDT,HIV test,"Trinity Biotech, Plc","HIV 1/2, Uni-Gold HIV Kit, 20 Tests","HIV 1/2, Uni-Gold HIV Kit",Uni-Gold,N/A,Test kit,"Trinity Biotech, Plc",74385,20,35,1120,32,1.6,1.39,,,FALSE,2/11/14,2/11/14,,8/6/13
161-ZA-T30,FPQ-7175,SCMS-103390,ASN-11889,South Africa,PMO - US,Direct Drop,DDP,Ocean,ARV,Adult,Aurobindo Pharma Limited,"Efavirenz 600mg, tablets, 30 Tabs",Efavirenz,Generic,600mg,Tablet,"Aurobindo Unit III, India",74398,30,78595,354463.44,4.51,0.15,584.86,6681,9323.27,TRUE,10/10/11,10/10/11,,3/24/11
116-ZA-T30,FPQ-12522,SCMS-199280,ASN-24433,South Africa,PMO - US,Direct Drop,DDP,Truck,ARV,Adult,S. BUYS WHOLESALER,"Efavirenz 600mg, tablets, 30 Tabs",Efavirenz,Generic,600mg,Tablet,Hetero Unit III Hyderabad IN,74417,30,676,11202.19,16.57,0.55,13.86,,,FALSE,2/7/14,2/7/14,,8/13/13
101-CD-T30,FPQ-8792,SCMS-131070,ASN-14078,"Congo, DRC",PMO - US,Direct Drop,EXW,Air,HRDT,HIV test,"Orgenics, Ltd","HIV 1/2, Determine Complete HIV Kit, 100 Tests","HIV 1/2, Determine Complete HIV Kit",Determine,N/A,Test kit,"Alere Medical Co., Ltd.",74419,100,1265,101200,80,0.8,141.88,657,15722.05,TRUE,6/18/12,6/18/12,,1/9/12
133-NG-T30,FPQ-7634,SCMS-108740,ASN-11757,Nigeria,PMO - US,Direct Drop,EXW,Air,HRDT,HIV test,"Orgenics, Ltd","HIV 1/2, Determine Complete HIV Kit, 100 Tests","HIV 1/2, Determine Complete HIV Kit",Determine,N/A,Test kit,Inverness Japan,74439,100,2853,253917,89,0.89,418.96,1360,32499.11,TRUE,8/31/11,8/25/11,,5/23/11
106-HT-T30,FPQ-6941,SCMS-100090,ASN-10006,Haiti,PMO - US,Direct Drop,FCA,Air,ARV,Pediatric,BRISTOL-MYERS SQUIBB,"Didanosine 50mg [Videx], chewable tablets, 60 Tabs",Didanosine,Videx,50mg,Chewable/dispersible tablet,"BMS Meymac, France",74465,60,200,1900,9.5,0.16,3.14,94,757.42,TRUE,4/5/11,4/5/11,,2/15/11
117-ET-T30,FPQ-4873,SCMS-63002,ASN-6034,Ethiopia,PMO - US,Direct Drop,EXW,Air,HRDT,HIV test,"SHANGHAI KEHUA BIOENGINEERING CO.,LTD.  (KHB)","HIV 1/2, SKB Colloidal Gold, Diagnostic Kit, Antibody, 50 Tests","HIV 1/2, Colloidal Gold, Diagnostic Kit, Antibody",Colloidal Gold,N/A,Test kit,"KHB Test Kit Facility, Shanghai China",74479,1,800,18400,23,23,39.67,543,5456.44,TRUE,2/11/10,2/11/10,,1/12/10
107-RW-T30,FPQ-8742,SCMS-137540,ASN-14799,Rwanda,PMO - US,Direct Drop,EXW,Ocean,ARV,Adult,MYLAN LABORATORIES LTD (FORMERLY MATRIX LABORATORIES),"Efavirenz/Lamivudine/Tenofovir Disoproxil Fumarate 600/300/300mg, tablets, 30 Tabs",Efavirenz/Lamivudine/Tenofovir Disoproxil Fumarate,Generic,600/300/300mg,Tablet - FDC,Mylan (formerly Matrix) Nashik,74492,30,39330,511290,13,0.43,716.83,4426,66916.5,TRUE,7/16/12,7/16/12,,4/3/12
106-HT-T30,FPQ-6802,SCMS-96310,ASN-12382,Haiti,PMO - US,Direct Drop,CIP,Air,ARV,Pediatric,MERCK SHARP & DOHME IDEA GMBH (FORMALLY MERCK SHARP & DOHME B.V.),"Efavirenz 30mg/ml [Stocrin/Sustiva], oral solution, Bottle, 180 ml",Efavirenz,Stocrin/Sustiva,30mg/ml,Oral solution,"MSD Patheon, Canada",74499,180,270,4579.2,16.96,0.09,7.56,76,290,TRUE,10/18/11,10/18/11,,1/6/11
106-HT-T30,FPQ-11304,SCMS-176451,ASN-19216,Haiti,PMO - US,Direct Drop,DAP,Truck,HRDT,HIV test,REINBOLD EXPORT IMPORT,"HIV 1/2, Determine Complete HIV Kit, 100 Tests","HIV 1/2, Determine Complete HIV Kit",Determine,N/A,Test kit,"Alere Medical Co., Ltd.",74502,100,11,1375,125,1.25,1.7,,,TRUE,4/12/13,4/12/13,,2/12/13
103-ZW-T30,FPQ-15220,SCMS-261591,ASN-31190,Zimbabwe,PMO - US,Direct Drop,FCA,Air,ARV,Pediatric,ABBVIE LOGISTICS (FORMERLY ABBOTT LOGISTICS BV),"Lopinavir/Ritonavir 80/20mg/ml [Kaletra], oral solution, cool, Bottle 5 x 60 ml",Lopinavir/Ritonavir,Kaletra,80/20mg/ml,Oral solution,ABBVIE (Abbott) Logis. UK,74517,300,2625,80902.5,30.82,0.1,95.22,2583,20559.39,TRUE,5/14/15,5/14/15,,10/30/14
108-VN-T30,FPQ-4662,SCMS-58710,ASN-5842,Vietnam,PMO - US,Direct Drop,EXW,Air,ARV,Adult,STRIDES ARCOLAB LIMITED,"Stavudine 30mg, capsules, 60 Caps",Stavudine,Generic,30mg,Capsule,"Strides, Bangalore, India.",74540,60,8904,12465.6,1.4,0.02,26.88,429,2633.91,TRUE,1/27/10,1/27/10,,12/8/09
116-ZA-T30,FPQ-3560,SCMS-50941,ASN-5498,South Africa,PMO - US,Direct Drop,DDP,Truck,ARV,Pediatric,S. BUYS WHOLESALER,"Efavirenz 50mg, capsule, 30 Caps",Efavirenz,Generic,50mg,Capsule,"Aurobindo Unit III, India",74569,30,1261,5063.76,4.02,0.13,9.92,,,FALSE,10/30/09,10/30/09,,8/3/09
161-ZA-T30,FPQ-6262,SCMS-83910,ASN-9171,South Africa,PMO - US,Direct Drop,DDP,Ocean,ARV,Adult,CIPLA LIMITED,"Nevirapine 200mg, tablets, 60 Tabs",Nevirapine,Generic,200mg,Tablet,"Cipla, Goa, India",74602,60,158000,440820,2.79,0.05,950.41,16768,23721.9,TRUE,2/14/11,2/14/11,,9/28/10
101-KE-T30,FPQ-10314,SCMS-153910,ASN-17660,Kenya,PMO - US,Direct Drop,CIP,Air,HRDT,HIV test,"Orgenics, Ltd","HIV 1/2, Determine Complete HIV Kit, 100 Tests","HIV 1/2, Determine Complete HIV Kit",Determine,N/A,Test kit,"Alere Medical Co., Ltd.",74609,100,1,89,89,0.89,0.12,1476,91.66,TRUE,2/28/13,2/28/13,,11/6/12
108-VN-T30,FPQ-7898,SCMS-113670,ASN-12274,Vietnam,PMO - US,Direct Drop,EXW,Air,ARV,Adult,HETERO LABS LIMITED,"Lamivudine/Zidovudine 150/300mg, tablets, 60 Tabs",Lamivudine/Zidovudine,Generic,150/300mg,Tablet - FDC,Hetero Unit III Hyderabad IN,74610,60,11755,96391,8.2,0.14,159.05,1083,9046.76,TRUE,10/24/11,10/24/11,,7/8/11
107-RW-T30,FPQ-6186,SCMS-83370,ASN-9435,Rwanda,PMO - US,Direct Drop,CIP,Air,ARV,Adult,HETERO LABS LIMITED,"Efavirenz 600mg, tablets, 30 Tabs",Efavirenz,Generic,600mg,Tablet,Hetero Unit III Hyderabad IN,74660,30,1396,6044.68,4.33,0.14,13.03,,,TRUE,1/11/11,1/11/11,,9/27/10
116-ZA-T30,FPQ-3560,SCMS-49610,ASN-5003,South Africa,PMO - US,Direct Drop,DDP,Truck,ARV,Adult,S. BUYS WHOLESALER,"Tenofovir Disoproxil Fumarate 300mg [Viread], tablets, 30 Tabs",Tenofovir Disoproxil Fumarate,Viread,300mg,Tablet,"Aspen-OSD, Port Elizabeth, SA",74674,30,163,4195.98,25.74,0.86,8.22,,,TRUE,8/11/09,8/11/09,,7/21/09
109-TZ-T30,FPQ-7239,SCMS-102040,ASN-10625,Tanzania,PMO - US,Direct Drop,EXW,Air,HRDT,HIV test,"Orgenics, Ltd","HIV 1/2, Determine Complete HIV Kit, 100 Tests","HIV 1/2, Determine Complete HIV Kit",Determine,N/A,Test kit,Inverness Japan,74683,100,86,6880,80,0.8,11.35,40,1765.86,TRUE,6/20/11,6/20/11,,3/23/11
116-ZA-T30,FPQ-14942,SCMS-259074,ASN-31070,South Africa,PMO - US,Direct Drop,DDP,Truck,ARV,Pediatric,PHARMACY DIRECT,"Efavirenz 200mg, capsule, 90 Caps",Efavirenz,Generic,200mg,Capsule,"Aurobindo Unit III, India",74694,90,3,51.12,17.04,0.19,0.05,,,FALSE,3/9/15,3/9/15,,3/9/15
108-VN-T30,FPQ-7898,SCMS-113650,ASN-12787,Vietnam,PMO - US,Direct Drop,EXW,Air,ARV,Adult,MYLAN LABORATORIES LTD (FORMERLY MATRIX LABORATORIES),"Abacavir 300mg, tablets, 60 Tabs",Abacavir,Generic,300mg,Tablet,Mylan (formerly Matrix) Nashik,74697,60,408,5911.92,14.49,0.24,9.75,42,4388.84,TRUE,11/22/11,11/22/11,,7/7/11
108-VN-T30,FPQ-5317,SCMS-69440,ASN-7220,Vietnam,PMO - US,Direct Drop,EXW,Air,ARV,Adult,CIPLA LIMITED,"Lamivudine/Nevirapine/Stavudine 150/200/30mg, tablets, 60 Tabs",Lamivudine/Nevirapine/Stavudine,Generic,150/200/30mg,Tablet - FDC,"Cipla, Goa, India",74699,60,30080,171155.2,5.69,0.09,369.01,2933,12067.26,TRUE,7/1/10,7/1/10,,3/26/10
105-GH-T30,FPQ-14052,SCMS-237830,ASN-27589,Ghana,PMO - US,Direct Drop,EXW,Air,ARV,Pediatric,Aurobindo Pharma Limited,"Zidovudine 10mg/ml, oral solution, Bottle, 240 ml",Zidovudine,Generic,10mg/ml,Oral solution,"Aurobindo Unit III, India",74707,240,3652,7304,2,0.01,7.51,1575,8130.55,TRUE,10/9/14,10/9/14,,5/23/14
116-ZA-T30,FPQ-13973,SCMS-238550,ASN-30792,South Africa,PMO - US,Direct Drop,DDP,Truck,ARV,Pediatric,PHARMACY DIRECT,"Atazanavir 150mg [Reyataz], capsules, 60 Caps",Atazanavir,Reyataz,150mg,Capsule,"BMS Evansville, US",74722,60,3,58.13,19.38,0.32,0.06,,,FALSE,2/19/15,2/19/15,,5/8/14
133-NG-T30,FPQ-10349,SCMS-155311,ASN-19163,Nigeria,PMO - US,Direct Drop,EXW,Air,HRDT,HIV test,"CHEMBIO DIAGNOSTIC SYSTEMS, INC.","HIV 1/2, Stat-Pak HIV, Kit, 20 Tests","HIV 1/2, Stat-Pak HIV, Kit",Stat-Pak,N/A,Test kit,Chembio Diagnostics Sys. Inc.,74729,20,3401,98629,29,1.45,138.28,972,10191.28,TRUE,5/6/13,5/6/13,,8/10/12
102-SD-T30,FPQ-8261,SCMS-120440,ASN-12832,Sudan,PMO - US,Direct Drop,EXW,Air,HRDT,HIV test,"Orgenics, Ltd","HIV 1/2, Determine Complete HIV Kit, 100 Tests","HIV 1/2, Determine Complete HIV Kit",Determine,N/A,Test kit,"Alere Medical Co., Ltd.",74732,100,115,10235,89,0.89,16.89,53,1614.83,TRUE,1/6/12,1/6/12,,9/14/11
116-ZA-T30,FPQ-12523,SCMS-199315,ASN-27211,South Africa,PMO - US,Direct Drop,DDP,Truck,ARV,Pediatric,S. BUYS WHOLESALER,"Atazanavir 150mg [Reyataz], capsules, 60 Caps",Atazanavir,Reyataz,150mg,Capsule,"BMS Evansville, US",74753,60,2,51.37,25.68,0.43,0.06,,,TRUE,7/11/14,7/11/14,,7/11/14
116-ZA-T30,FPQ-11828,SCMS-183950,ASN-19166,South Africa,South Africa Field Office,Direct Drop,DDP,Truck,ARV,Adult,S. BUYS WHOLESALER,"Lamivudine 150mg [Epivir], tablets, 60 Tabs",Lamivudine,Epivir,150mg,Tablet,GSK Ware (UK),74771,60,19284,144614.3,7.5,0.12,178.89,,,FALSE,4/16/13,4/16/13,,
104-CI-T30,FPQ-9823,SCMS-147560,ASN-16600,Côte d'Ivoire,PMO - US,Direct Drop,EXW,Air,HRDT,HIV test,"CHEMBIO DIAGNOSTIC SYSTEMS, INC.","HIV 1/2, Stat-Pak HIV, Kit, 20 Tests","HIV 1/2, Stat-Pak HIV, Kit",Stat-Pak,N/A,Test kit,Chembio Diagnostics Sys. Inc.,74780,20,3678,106662,29,1.45,149.54,1056,12363.35,TRUE,10/17/12,10/17/12,,6/13/12
104-CI-T30,FPQ-8929,SCMS-131890,ASN-14091,Côte d'Ivoire,PMO - US,Direct Drop,EXW,Air,HRDT,HIV test,"Orgenics, Ltd","HIV 1/2, Determine Complete HIV Kit, 100 Tests","HIV 1/2, Determine Complete HIV Kit",Determine,N/A,Test kit,"Alere Medical Co., Ltd.",74786,100,2070,165600,80,0.8,232.17,988,19368.23,TRUE,3/27/12,3/27/12,,1/17/12
116-ZA-T30,FPQ-13214,SCMS-215410,ASN-23875,South Africa,PMO - US,Direct Drop,DDP,Truck,ARV,Adult,S. BUYS WHOLESALER,"Lamivudine 150mg [Epivir], tablets, 60 Tabs",Lamivudine,Epivir,150mg,Tablet,GSK Cape Town Factory (South Africa),74834,60,115,1249.75,10.87,0.18,1.28,,,FALSE,1/13/14,1/13/14,,12/2/13
112-NG-T30,FPQ-4151,SCMS-54540,ASN-5633,Nigeria,PMO - US,Direct Drop,EXW,Air,ACT,ACT,IDA FOUNDATION,"Artemether/Lumefantrine 20/120mg [Coartem], scored tablets, Blister 30 x 18 Tabs",Artemether/Lumefantrine,Coartem,20/120mg,Tablet - FDC + blister,"Novartis Pharma AG, Switzerland",74838,540,30,1207.5,40.25,0.07,2.37,1295,8423.76,TRUE,1/6/10,1/6/10,,10/7/09
106-HT-T30,FPQ-9635,SCMS-148870,ASN-16439,Haiti,PMO - US,Direct Drop,FCA,Air,ARV,Pediatric,LAWRENCE LABORATORIES (SUBSIDIARY OF BRISTOL MYERS SQUIBB),"Stavudine 1mg/ml [Zerit], powder for oral solution, Bottle, 200 ml",Stavudine,Zerit,1mg/ml,Powder for oral solution,Bristol-Myers Squibb Anagni IT,74858,200,90,135,1.5,0.01,0.19,,,TRUE,10/4/12,10/4/12,,6/28/12
106-HT-T30,FPQ-12590,SCMS-210440,ASN-23017,Haiti,PMO - US,Direct Drop,FCA,Air,ARV,Pediatric,ABBVIE LOGISTICS (FORMERLY ABBOTT LOGISTICS BV),"Lopinavir/Ritonavir 100/25mg [Aluvia], tablets, 60 Tabs",Lopinavir/Ritonavir,Generic,100/25mg,Tablet,ABBVIE Ludwigshafen Germany,74906,60,80,475.2,5.94,0.1,0.59,8,737.12,TRUE,1/23/14,1/23/14,,10/22/13
108-VN-T30,FPQ-6818,SCMS-98050,ASN-11023,Vietnam,PMO - US,Direct Drop,EXW,Air,ARV,Adult,MYLAN LABORATORIES LTD (FORMERLY MATRIX LABORATORIES),"Lamivudine/Zidovudine 150/300mg, tablets, 60 Tabs",Lamivudine/Zidovudine,Generic,150/300mg,Tablet - FDC,Mylan (formerly Matrix) Nashik,74915,60,19930,164422.5,8.25,0.14,271.3,,,FALSE,6/22/11,6/22/11,,2/15/11
110-ZM-T30,FPQ-4141,SCMS-53261,ASN-5854,Zambia,PMO - US,Direct Drop,EXW,Air,HRDT,HIV test,"Orgenics, Ltd","HIV 1/2, Determine Complete HIV Kit, 100 Tests","HIV 1/2, Determine Complete HIV Kit",Determine,N/A,Test kit,Inverness Japan,74930,100,2898,208656,72,0.72,408.97,1409,21714.68,TRUE,1/28/10,1/28/10,,9/11/09
108-VN-T30,FPQ-11560,SCMS-177620,ASN-20366,Vietnam,PMO - US,Direct Drop,EXW,Air,ARV,Adult,MYLAN LABORATORIES LTD (FORMERLY MATRIX LABORATORIES),"Efavirenz/Lamivudine/Tenofovir Disoproxil Fumarate 600/300/300mg, tablets, 30 Tabs",Efavirenz/Lamivudine/Tenofovir Disoproxil Fumarate,Generic,600/300/300mg,Tablet - FDC,Mylan (formerly Matrix) Nashik,74936,30,46802,537755,11.49,0.38,665.2,5281,13625.75,TRUE,8/1/13,8/1/13,,2/13/13
116-ZA-T30,FPQ-14942,SCMS-259078,ASN-33470,South Africa,PMO - US,Direct Drop,DDP,Truck,ARV,Adult,PHARMACY DIRECT,"Didanosine 250mg, delayed-release capsules, 30 Caps",Didanosine,Generic,250mg,Delayed-release capsules,"Aurobindo Unit III, India",74941,30,6,71.03,11.84,0.39,0.07,,,FALSE,7/24/15,7/24/15,,10/9/14
109-TZ-T30,FPQ-5174,SCMS-66940,ASN-9922,Tanzania,PMO - US,Direct Drop,FCA,Air,ARV,Adult,ABBVIE LOGISTICS (FORMERLY ABBOTT LOGISTICS BV),"Ritonavir 100mg [Norvir], capsules, cool, 4 x 84 Caps",Ritonavir,Norvir,100mg,Capsule,ABBVIE (Abbott) Logis. UK,74965,336,335,12850.6,38.36,0.11,27.71,146,4701.1,TRUE,3/31/11,3/31/11,,3/12/10
116-ZA-T30,FPQ-14942,SCMS-259074,ASN-31069,South Africa,PMO - US,Direct Drop,DDP,Truck,ARV,Adult,PHARMACY DIRECT,"Etravirine 100mg [Intelence], tablets, 120 Tabs",Etravirine,Intelence,100mg,Tablet,"Janssen-Cilag, Latina, IT",74993,120,41,1049.33,25.59,0.21,1.08,,,FALSE,3/9/15,3/9/15,,3/9/15
107-RW-T30,FPQ-14813,SCMS-268600,ASN-31454,Rwanda,PMO - US,Direct Drop,FCA,Air,ARV,Pediatric,SWORDS LABORATORIES,"Atazanavir 150mg [Reyataz], capsules, 60 Caps",Atazanavir,Reyataz,150mg,Capsule,"BMS Evansville, US",75043,60,132,4468.2,33.85,0.56,4.59,11,663.77,TRUE,4/27/15,4/27/15,,12/12/14
116-ZA-T30,FPQ-14942,SCMS-259071,ASN-29596,South Africa,PMO - US,Direct Drop,DDP,Truck,ARV,Adult,PHARMACY DIRECT,"Darunavir 300mg [Prezista], tablets, 120 Tabs",Darunavir,Prezista,300mg,Tablet,"Janssen-Cilag, Latina, IT",75089,120,36,1696.63,47.13,0.39,1.74,,,FALSE,11/28/14,11/28/14,,11/28/14
153-NA-T30,FPQ-8795,SCMS-131100,ASN-13763,Namibia,PMO - US,Direct Drop,EXW,Air,HRDT,HIV test,"Trinity Biotech, Plc","HIV 1/2, Uni-Gold HIV Kit, 20 Tests","HIV 1/2, Uni-Gold HIV Kit",Uni-Gold,N/A,Test kit,"Trinity Biotech, Plc",75091,20,728,23296,32,1.6,32.66,238,2789.67,TRUE,2/14/12,2/14/12,,1/12/12
161-ZA-T30,FPQ-7175,SCMS-104100,ASN-12991,South Africa,PMO - US,Direct Drop,DDP,Ocean,ARV,Adult,CIPLA LIMITED,"Nevirapine 200mg, tablets, 60 Tabs",Nevirapine,Generic,200mg,Tablet,"Cipla, Goa, India",75102,60,5360,14579.2,2.72,0.05,24.06,583,5824.11,TRUE,1/12/12,1/12/12,,3/28/11
108-VN-T30,FPQ-5317,SCMS-69430,ASN-7236,Vietnam,PMO - US,Direct Drop,EXW,Air,ARV,Adult,CIPLA LIMITED,"Lamivudine/Nevirapine/Stavudine 150/200/30mg, tablets, 60 Tabs",Lamivudine/Nevirapine/Stavudine,Generic,150/200/30mg,Tablet - FDC,"Cipla, Goa, India",75114,60,49920,284044.8,5.69,0.09,612.4,4799,10959.54,TRUE,7/6/10,7/6/10,,3/26/10
113-ZW-T30,FPQ-10036,SCMS-150570,ASN-16202,Zimbabwe,PMO - US,Direct Drop,EXW,Air,HRDT,HIV test,BIOLYTICAL LABORATORIES INC.,"HIV 1/2, INSTI HIV Antibody Individual POC, 1 Test","HIV 1/2, INSTI HIV Antibody Individual POC, 1 Test",INSTi,N/A,Test kit,bioLytical Laboratories,75122,1,11626,29065,2.5,2.5,40.75,613,8434.27,TRUE,10/10/12,10/10/12,,7/11/12
111-MZ-T30,FPQ-11923,SCMS-187080,ASN-23311,Mozambique,PMO - US,Direct Drop,CIP,Air,ARV,Adult,MERCK SHARP & DOHME IDEA GMBH (FORMALLY MERCK SHARP & DOHME B.V.),"Raltegravir 400mg [Isentress], tablets, 60 Tabs",Raltegravir,Isentress,400mg,Tablet,"MSD, Haarlem, NL",75136,60,54,2997,55.5,0.92,3.71,,,TRUE,12/18/13,12/18/13,,4/25/13
108-VN-T30,FPQ-4098,SCMS-51760,ASN-5445,Vietnam,PMO - US,Direct Drop,EXW,Air,ARV,Adult,Aurobindo Pharma Limited,"Stavudine 30mg, capsules, 60 Caps",Stavudine,Generic,30mg,Capsule,"Aurobindo Unit III, India",75139,60,3024,4384.8,1.45,0.02,8.59,202,1615.88,TRUE,11/27/09,11/27/09,,8/14/09
133-NG-T30,FPQ-12812,SCMS-210340,ASN-23200,Nigeria,PMO - US,Direct Drop,EXW,Air,HRDT,HIV test,"CHEMBIO DIAGNOSTIC SYSTEMS, INC.","HIV 1/2, Stat-Pak HIV, Kit, 20 Tests","HIV 1/2, Stat-Pak HIV, Kit",Stat-Pak,N/A,Test kit,Chembio Diagnostics Sys. Inc.,75153,20,3337,106784,32,1.6,132.09,1252,5758.84,TRUE,1/3/14,1/3/14,,11/1/13
116-ZA-T30,FPQ-12522,SCMS-199288,ASN-27198,South Africa,PMO - US,Direct Drop,DDP,Truck,ARV,Pediatric,S. BUYS WHOLESALER,"Lopinavir/Ritonavir 80/20mg/ml [Kaletra], oral solution, cool, Bottle 5 x 60 ml",Lopinavir/Ritonavir,Kaletra,80/20mg/ml,Oral solution,ABBVIE (Abbott) Logis. UK,75177,300,4,93.81,23.45,0.08,0.12,,,TRUE,7/10/14,7/10/14,,7/10/14
101-CD-T30,FPQ-13548,SCMS-224840,ASN-24721,"Congo, DRC",PMO - US,Direct Drop,EXW,Air,HRDT,HIV test,"Trinity Biotech, Plc","HIV 1/2, Uni-Gold HIV Kit, 20 Tests","HIV 1/2, Uni-Gold HIV Kit",Uni-Gold,N/A,Test kit,"Trinity Biotech, Plc",75181,20,5,160,32,1.6,0.16,,,FALSE,4/4/14,4/4/14,,1/28/14
105-GH-T30,FPQ-14052,SCMS-237810,ASN-28671,Ghana,PMO - US,Direct Drop,EXW,Air,ARV,Adult,Aurobindo Pharma Limited,"Lamivudine/Nevirapine/Zidovudine 150/200/300mg, tablets, 60 Tabs",Lamivudine/Nevirapine/Zidovudine,Generic,150/300/200mg,Tablet - FDC,"Aurobindo Unit III, India",75198,60,25097,205795.4,8.2,0.14,211.56,3167,16189.27,TRUE,11/10/14,11/10/14,,5/23/14
101-CD-T30,FPQ-14654,SCMS-253260,ASN-28279,"Congo, DRC",PMO - US,Direct Drop,EXW,Air,HRDT,HIV test,"Trinity Biotech, Plc","HIV 1/2, Uni-Gold HIV Kit, 20 Tests","HIV 1/2, Uni-Gold HIV Kit",Uni-Gold,N/A,Test kit,"Trinity Biotech, Plc",75202,20,214,6848,32,1.6,7.04,,,FALSE,11/4/14,11/4/14,,8/27/14
110-ZM-T30,FPQ-8315,SCMS-120580,ASN-13542,Zambia,PMO - US,Direct Drop,EXW,Air,HRDT,HIV test,"Trinity Biotech, Plc","HIV 1/2, Uni-Gold HIV Kit, 20 Tests","HIV 1/2, Uni-Gold HIV Kit",Uni-Gold,N/A,Test kit,"Trinity Biotech, Plc",75229,20,5000,160000,32,1.6,264,1647,20626.58,TRUE,3/9/12,3/9/12,,9/19/11
116-ZA-T30,FPQ-13973,SCMS-238553,ASN-28021,South Africa,PMO - US,Direct Drop,DDP,Truck,ARV,Adult,PHARMACY DIRECT,"Abacavir 300mg, tablets, 60 Tabs",Abacavir,Generic,300mg,Tablet,"Aurobindo Unit III, India",75309,60,99,6830.08,68.99,1.15,7.02,,,FALSE,8/28/14,8/28/14,,8/28/14
116-ZA-T30,FPQ-12522,SCMS-199280,ASN-24433,South Africa,PMO - US,Direct Drop,DDP,Truck,ARV,Adult,S. BUYS WHOLESALER,"Nevirapine 200mg, tablets, 60 Tabs",Nevirapine,Generic,200mg,Tablet,"Aurobindo Unit III, India",75331,60,76,1487.93,19.58,0.33,1.84,,,FALSE,2/7/14,2/7/14,,8/13/13
108-VN-T30,FPQ-10287,SCMS-156140,ASN-17077,Vietnam,PMO - US,Direct Drop,EXW,Air,ARV,Adult,Aurobindo Pharma Limited,"Efavirenz 600mg, tablets, 30 Tabs",Efavirenz,Generic,600mg,Tablet,"Aurobindo Unit III, India",75336,30,14119,46592.7,3.3,0.11,65.32,,,FALSE,12/10/12,12/10/12,,8/14/12
104-CI-T30,FPQ-3967,SCMS-52600,ASN-5061,Côte d'Ivoire,PMO - US,Direct Drop,FCA,Air,ARV,Adult,ABBVIE LOGISTICS (FORMERLY ABBOTT LOGISTICS BV),"Lopinavir/Ritonavir 200/50mg [Aluvia], tablets, 120 Tabs",Lopinavir/Ritonavir,Aluvia,200/50mg,Tablet,ABBVIE Ludwigshafen Germany,75345,120,12560,454169.6,36.16,0.3,890.17,3080,18459.58,TRUE,10/23/09,10/23/09,,9/11/09
901-CM-T30,FPQ-12837,SCMS-204370,ASN-22180,Cameroon,PMO - US,Direct Drop,EXW,Air,ARV,Adult,SUN PHARMACEUTICAL INDUSTRIES LTD (RANBAXY LABORATORIES LIMITED),"Lamivudine/Tenofovir Disoproxil Fumarate 300/300mg, tablets, 30 Tabs",Lamivudine/Tenofovir Disoproxil Fumarate,Generic,300/300mg,Tablet - FDC,Ranbaxy per Shasun Pharma Ltd,75352,30,39960,193406.4,4.84,0.16,239.24,4123,28778.76,TRUE,11/14/13,11/14/13,,9/25/13
105-SS-T30,FPQ-15569,SCMS-272150,ASN-31765,South Sudan,PMO - US,Direct Drop,EXW,Air,HRDT,HIV test,"Trinity Biotech, Plc","HIV 1/2, Uni-Gold HIV Kit, 20 Tests","HIV 1/2, Uni-Gold HIV Kit",Uni-Gold,N/A,Test kit,"Trinity Biotech, Plc",75373,20,25,800,32,1.6,0.94,,,FALSE,7/25/15,7/25/15,,2/20/15
110-ZM-T30,FPQ-14151,SCMS-240080,ASN-26467,Zambia,PMO - US,Direct Drop,EXW,Air,ARV,Adult,Aurobindo Pharma Limited,"Nevirapine 200mg, tablets, 60 Tabs",Nevirapine,Generic,200mg,Tablet,"Aurobindo Unit III, India",75422,60,38939,87612.75,2.25,0.04,90.07,3962,20233.34,TRUE,7/20/14,7/21/14,,5/21/14
116-ZA-T30,FPQ-13973,SCMS-238556,ASN-31854,South Africa,PMO - US,Direct Drop,DDP,Truck,ARV,Pediatric,PHARMACY DIRECT,"Efavirenz 200mg, capsule, 90 Caps",Efavirenz,Generic,200mg,Capsule,"Aurobindo Unit III, India",75491,90,6,283.05,47.18,0.52,0.29,,,FALSE,4/28/15,4/28/15,,4/28/15
107-RW-T30,FPQ-11772,SCMS-178950,ASN-18564,Rwanda,PMO - US,Direct Drop,EXW,Air,HRDT,HIV test,"Trinity Biotech, Plc","HIV 1/2, Uni-Gold HIV Kit, 20 Tests","HIV 1/2, Uni-Gold HIV Kit",Uni-Gold,N/A,Test kit,"Trinity Biotech, Plc",75494,20,500,16000,32,1.6,19.79,166,3478.5,TRUE,3/15/13,3/15/13,,2/25/13
109-TZ-T30,FPQ-13048,SCMS-210910,ASN-23397,Tanzania,PMO - US,Direct Drop,EXW,Air,ARV,Pediatric,Aurobindo Pharma Limited,"Efavirenz 50mg, capsule, 30 Caps",Efavirenz,Generic,50mg,Capsule,"Aurobindo Unit III, India",75502,30,11912,18582.72,1.56,0.05,22.99,802,5740.54,TRUE,1/28/14,1/28/14,,10/28/13
108-VN-T30,FPQ-12539,SCMS-210820,ASN-23668,Vietnam,PMO - US,Direct Drop,EXW,Air,ARV,Adult,HETERO LABS LIMITED,"Efavirenz 600mg, tablets, 30 Tabs",Efavirenz,Generic,600mg,Tablet,Hetero Unit III Hyderabad IN,75522,30,11517,37315.08,3.24,0.11,46.16,1006,3001.35,TRUE,1/21/14,1/21/14,,10/14/13
107-RW-T30,FPQ-13851,SCMS-239010,ASN-26755,Rwanda,PMO - US,Direct Drop,CIP,Air,ARV,Adult,MYLAN LABORATORIES LTD (FORMERLY MATRIX LABORATORIES),"Atazanavir/Ritonavir 300/100mg, tablets, 30 Tabs",Atazanavir/Ritonavir,Generic,300/100mg,Tablet,Mylan (formerly Matrix) Nashik,75534,30,18000,360000,20,0.67,370.08,2402,1832.54,TRUE,7/24/14,7/24/14,,5/16/14
106-HT-T30,FPQ-15038,SCMS-262840,ASN-31820,Haiti,PMO - US,Direct Drop,EXW,Ocean,ARV,Adult,MYLAN LABORATORIES LTD (FORMERLY MATRIX LABORATORIES),"Efavirenz/Lamivudine/Tenofovir Disoproxil Fumarate 600/300/300mg, tablets, 30 Tabs",Efavirenz/Lamivudine/Tenofovir Disoproxil Fumarate,Generic,600/300/300mg,Tablet - FDC,Mylan (formerly Matrix) Nashik,75554,30,65025,665856,10.24,0.34,684.5,,,FALSE,7/3/15,7/3/15,,12/24/14
108-VN-T30,FPQ-5094,SCMS-68480,ASN-7488,Vietnam,PMO - US,Direct Drop,EXW,Air,ARV,Adult,STRIDES ARCOLAB LIMITED,"Lamivudine 150mg, tablets, 60 Tabs",Lamivudine,Generic,150mg,Tablet,"Strides, Bangalore, India.",75581,60,8738,20534.3,2.35,0.04,44.27,420,6683.69,TRUE,8/3/10,8/3/10,,3/24/10
122-HT-T30,FPQ-8671,SCMS-131030,ASN-13447,Haiti,PMO - US,Direct Drop,EXW,Air,MRDT,Malaria,"Standard Diagnostics, Inc.","Malaria Antigen P.f , HRP2, Kit, 25 Tests","Malaria Antigen P.f , HRP2, Kit",Generic,N/A,Test kit,"Standard Diagnostics, Korea",75595,25,4,45,11.25,0.45,0.06,2,702.42,TRUE,1/23/12,1/23/12,,12/29/11
102-SD-T30,FPQ-5520,SCMS-71580,ASN-6862,Sudan,PMO - US,Direct Drop,EXW,Air,HRDT,HIV test,"Trinity Biotech, Plc","HIV 1/2, Uni-Gold HIV Kit, 20 Tests","HIV 1/2, Uni-Gold HIV Kit",Uni-Gold,N/A,Test kit,"Trinity Biotech, Plc",75623,20,750,24000,32,1.6,51.74,253,2849.79,TRUE,5/28/10,5/28/10,,4/22/10
900-TZ-T30,FPQ-10394,SCMS-156500,ASN-16218,Tanzania,PMO - US,Direct Drop,EXW,Air,ARV,Adult,Aurobindo Pharma Limited,"Efavirenz 600mg, tablets, 30 Tabs",Efavirenz,Generic,600mg,Tablet,"Aurobindo Unit III, India",75641,30,60757,200498.1,3.3,0.11,281.1,5215,20136.28,TRUE,10/9/12,10/9/12,,8/9/12
106-HT-T30,FPQ-12590,SCMS-210470,ASN-24371,Haiti,PMO - US,Direct Drop,EXW,Ocean,ARV,Pediatric,Aurobindo Pharma Limited,"Efavirenz 50mg, capsule, 30 Caps",Efavirenz,Generic,50mg,Capsule,"Aurobindo Unit III, India",75671,30,2688,4193.28,1.56,0.05,5.19,154,2520.54,TRUE,5/9/14,5/9/14,,10/24/13
114-UG-T30,FPQ-9365,SCMS-143490,ASN-14880,Uganda,PMO - US,Direct Drop,DDP,Air,ARV,Adult,ASPEN PHARMACARE,"Darunavir 300mg [Prezista], tablets, 120 Tabs",Darunavir,Prezista,300mg,Tablet,"Aspen-OSD, Port Elizabeth, SA",75682,120,252,16783.2,66.6,0.55,23.53,,,FALSE,5/18/12,5/18/12,,4/17/12
109-TZ-T30,FPQ-13945,SCMS-235390,ASN-29855,Tanzania,PMO - US,Direct Drop,EXW,Air,HRDT,HIV test,"Trinity Biotech, Plc","HIV 1/2, Uni-Gold HIV Kit, 20 Tests","HIV 1/2, Uni-Gold HIV Kit",Uni-Gold,N/A,Test kit,"Trinity Biotech, Plc",75703,20,168,5376,32,1.6,5.53,55,1112.11,TRUE,2/23/15,2/23/15,,5/6/14
105-GH-T30,FPQ-13809,SCMS-234010,ASN-27059,Ghana,PMO - US,Direct Drop,FCA,Air,ARV,Pediatric,ABBVIE LOGISTICS (FORMERLY ABBOTT LOGISTICS BV),"Lopinavir/Ritonavir 100/25mg [Aluvia], tablets, 60 Tabs",Lopinavir/Ritonavir,Generic,100/25mg,Tablet,ABBVIE Ludwigshafen Germany,75706,60,934,5547.96,5.94,0.1,5.7,110,2060.79,TRUE,8/7/14,8/7/14,,4/14/14
152-HT-T30,FPQ-9005,SCMS-132020,ASN-14227,Haiti,PMO - US,Direct Drop,DDU,Air,HRDT,HIV test,REINBOLD EXPORT IMPORT,"HIV 1/2, Determine Complete HIV Kit, 100 Tests","HIV 1/2, Determine Complete HIV Kit",Determine,N/A,Test kit,Inverness Japan,75717,100,21,2625,125,1.25,3.68,,,TRUE,3/6/12,3/6/12,,1/19/12
133-NG-T30,FPQ-7193,SCMS-103110,ASN-11268,Nigeria,PMO - US,Direct Drop,EXW,Air,HRDT,HIV test,"Orgenics, Ltd","HIV 1/2, Determine Complete HIV Kit, 100 Tests","HIV 1/2, Determine Complete HIV Kit",Determine,N/A,Test kit,Inverness Japan,75729,100,2891,257299,89,0.89,424.54,1378,31201.82,TRUE,7/7/11,7/7/11,,3/30/11
103-SS-T30,FPQ-14517,SCMS-249920,ASN-29167,South Sudan,PMO - US,Direct Drop,EXW,Air,ARV,Pediatric,CIPLA LIMITED,"Lamivudine/Zidovudine 30/60mg, dispersible tablets, 60 Tabs",Lamivudine/Zidovudine,Generic,30/60mg,Chewable/dispersible tablet - FDC,"Cipla, Goa, India",75733,60,635,1206.5,1.9,0.03,1.24,59,1944.99,TRUE,12/11/14,12/11/14,,7/31/14
108-VN-T30,FPQ-5899,SCMS-77260,ASN-8928,Vietnam,PMO - US,Direct Drop,EXW,Air,ARV,Adult,Aurobindo Pharma Limited,"Zidovudine 300mg, tablets, 60 Tabs",Zidovudine,Generic,300mg,Tablet,"Aurobindo Unit III, India",75751,60,336,2436,7.25,0.12,5.25,19,8495.83,TRUE,12/7/10,12/7/10,,7/1/10
105-GH-T30,FPQ-13809,SCMS-234050,ASN-26436,Ghana,PMO - US,Direct Drop,EXW,Air,ARV,Adult,Aurobindo Pharma Limited,"Lopinavir/Ritonavir 200/50mg, tablets, 120 Tabs",Lopinavir/Ritonavir,Generic,200/50mg,Tablet,"Aurobindo Unit III, India",75799,120,3393,73967.4,21.8,0.18,76.04,915,6006.37,TRUE,7/24/14,7/24/14,,4/14/14
104-CI-T30,FPQ-9263,SCMS-139100,ASN-14678,Côte d'Ivoire,PMO - US,Direct Drop,EXW,Air,ARV,Adult,MYLAN LABORATORIES LTD (FORMERLY MATRIX LABORATORIES),"Atazanavir/Ritonavir 300/100mg, tablets, 30 Tabs",Atazanavir/Ritonavir,Generic,300/100mg,Tablet,Mylan (formerly Matrix) Nashik,75810,30,1800,45000,25,0.83,63.09,225,3109.21,TRUE,5/22/12,5/22/12,,3/8/12
116-ZA-T30,FPQ-12522,SCMS-199280,ASN-24433,South Africa,PMO - US,Direct Drop,DDP,Truck,ARV,Pediatric,S. BUYS WHOLESALER,"Lamivudine 10mg/ml, oral solution w/syringe, Bottle, 240 ml",Lamivudine,Generic,10mg/ml,Oral solution,"Aurobindo Unit III, India",75848,240,12,94.68,7.89,0.03,0.12,,,FALSE,2/7/14,2/7/14,,8/13/13
109-TZ-T30,FPQ-7909,SCMS-114980,ASN-12025,Tanzania,PMO - US,Direct Drop,EXW,Air,HRDT,HIV test,"Standard Diagnostics, Inc.","HIV 1/2, Bioline 3.0 Kit, Lancets, Capillary pipets, Alcohol swabs included, 25 Tests","HIV 1/2, Bioline 3.0 Kit, Lancets, Capillary pipets, Alcohol swabs included",Bioline,N/A,Test kit,"Standard Diagnostics, Korea",75879,25,10000,200000,20,0.8,330,3334,45032.55,TRUE,9/29/11,9/30/11,,7/18/11
113-ZW-T30,FPQ-13939,SCMS-234720,ASN-26117,Zimbabwe,PMO - US,Direct Drop,EXW,Air,ARV,Adult,Aurobindo Pharma Limited,"Lamivudine/Tenofovir Disoproxil Fumarate 300/300mg, tablets, 30 Tabs",Lamivudine/Tenofovir Disoproxil Fumarate,Generic,300/300mg,Tablet - FDC,"Aurobindo Unit VII, IN",75882,30,33439,155491.34,4.65,0.16,159.85,3232,25955.06,TRUE,6/14/14,6/14/14,,5/8/14
100-DO-T30,FPQ-6126,SCMS-83590,ASN-8621,Dominican Republic,PMO - US,Direct Drop,EXW,Truck,ARV,Adult,"ABBVIE, SRL (FORMALLY ABBOTT LABORATORIES INTERNATIONAL CO.)","Ritonavir 100mg [Norvir], capsules, cool, 2 x 84 Caps",Ritonavir,Norvir,100mg,Capsule,ABBVIE (Abbott) St. P'burg USA,75912,168,2,288,144,0.86,0.62,,,TRUE,10/22/10,10/22/10,,9/2/10
116-ZA-T30,FPQ-12522,SCMS-199283,ASN-27976,South Africa,PMO - US,Direct Drop,DDP,Truck,ARV,Adult,S. BUYS WHOLESALER,"Zidovudine 300mg, tablets, 60 Tabs",Zidovudine,Generic,300mg,Tablet,"Aurobindo Unit III, India",75913,60,19,528.69,27.83,0.46,0.65,,,FALSE,8/27/14,8/27/14,,8/27/14
901-CM-T30,FPQ-12528,SCMS-196520,ASN-21946,Cameroon,PMO - US,Direct Drop,EXW,Air,ARV,Adult,HETERO LABS LIMITED,"Efavirenz/Lamivudine/Tenofovir Disoproxil Fumarate 600/300/300mg, tablets, 30 Tabs",Efavirenz/Lamivudine/Tenofovir Disoproxil Fumarate,Generic,600/300/300mg,Tablet - FDC,Hetero Unit III Hyderabad IN,75925,30,82471,865945.5,10.5,0.35,1071.17,11615,102199.13,TRUE,11/9/13,11/9/13,,7/1/13
105-SS-T30,FPQ-15569,SCMS-272160,ASN-31335,South Sudan,PMO - US,Direct Drop,EXW,Air,HRDT,HIV test - Ancillary,"Orgenics, Ltd","Capillary Tubes, for Determine, EDTA, 50uL,100 Pcs","HIV, Capillary Tubes, for Determine, EDTA, 50uL,100 Pcs",Determine,N/A,Test kit - Ancillary,"Alere Medical Co., Ltd.",75970,100,15,120,8,0.08,0.14,,,FALSE,6/3/15,6/3/15,,2/20/15
102-KE-T30,FPQ-4587,SCMS-58380,ASN-5877,Kenya,PMO - US,Direct Drop,EXW,Air,HRDT,HIV test,"Orgenics, Ltd","HIV 1/2, Determine Complete HIV Kit, 100 Tests","HIV 1/2, Determine Complete HIV Kit",Determine,N/A,Test kit,Inverness Japan,75980,100,8500,680000,80,0.8,1466.08,1462,14419.86,TRUE,2/16/10,2/16/10,,12/2/09
105-SS-T30,FPQ-14470,SCMS-245230,ASN-27241,South Sudan,PMO - US,Direct Drop,EXW,Air,HRDT,HIV test,"Trinity Biotech, Plc","HIV 1/2, Uni-Gold HIV Kit, 20 Tests","HIV 1/2, Uni-Gold HIV Kit",Uni-Gold,N/A,Test kit,"Trinity Biotech, Plc",76004,20,18,576,32,1.6,0.59,,,FALSE,9/29/14,9/29/14,,7/1/14
106-HT-T30,FPQ-11443,SCMS-180980,ASN-20515,Haiti,PMO - US,Direct Drop,EXW,Air,ARV,Pediatric,MYLAN LABORATORIES LTD (FORMERLY MATRIX LABORATORIES),"Lamivudine/Zidovudine 30/60mg, tablets, 60 Tabs",Lamivudine/Zidovudine,Generic,30/60mg,Tablet - FDC,Mylan (formerly Matrix) Nashik,76063,60,3192,6703.2,2.1,0.04,8.29,157,2010.69,TRUE,8/14/13,8/14/13,,3/22/13
101-CD-T30,FPQ-12106,SCMS-186720,ASN-20032,"Congo, DRC",PMO - US,Direct Drop,EXW,Air,HRDT,HIV test,"Trinity Biotech, Plc","HIV 1/2, Uni-Gold HIV Kit, 20 Tests","HIV 1/2, Uni-Gold HIV Kit",Uni-Gold,N/A,Test kit,"Trinity Biotech, Plc",76069,20,469,15008,32,1.6,18.56,170,3125.65,TRUE,11/4/13,11/4/13,,5/8/13
111-MZ-T30,FPQ-4080,SCMS-51390,ASN-5103,Mozambique,PMO - US,Direct Drop,EXW,Air,HRDT,HIV test,"Orgenics, Ltd","HIV 1/2, Determine Complete HIV Kit, 100 Tests","HIV 1/2, Determine Complete HIV Kit",Determine,N/A,Test kit,Inverness Japan,76071,100,3300,237600,72,0.72,465.7,1593,29373.14,TRUE,12/1/09,12/1/09,,8/11/09
116-ZA-T30,FPQ-13973,SCMS-238551,ASN-26882,South Africa,PMO - US,Direct Drop,DDP,Truck,ARV,Adult,PHARMACY DIRECT,"Zidovudine 300mg, tablets, 60 Tabs",Zidovudine,Generic,300mg,Tablet,"Aurobindo Unit III, India",76073,60,13,324.4,24.95,0.42,0.33,,,FALSE,6/25/14,6/25/14,,6/25/14
100-DO-T30,FPQ-6083,SCMS-92940,ASN-9058,Dominican Republic,PMO - US,Direct Drop,EXW,Air,ARV,Adult,Aurobindo Pharma Limited,"Didanosine 250mg, delayed-release capsules, 30 Caps",Didanosine,Generic,250mg,Delayed-release capsules,"Aurobindo Unit III, India",76087,30,1000,13000,13,0.43,28.03,68,1001.12,TRUE,12/18/10,12/18/10,,11/22/10
108-VN-T30,FPQ-4098,SCMS-51770,ASN-5448,Vietnam,PMO - US,Direct Drop,EXW,Air,ARV,Adult,Aurobindo Pharma Limited,"Stavudine 30mg, capsules, 60 Caps",Stavudine,Generic,30mg,Capsule,"Aurobindo Unit III, India",76097,60,13020,18879,1.45,0.02,37,861,1872.53,TRUE,12/3/09,12/3/09,,8/14/09
107-RW-T30,FPQ-4011,SCMS-50280,ASN-6840,Rwanda,PMO - US,Direct Drop,CIP,Air,ARV,Adult,MYLAN LABORATORIES LTD (FORMERLY MATRIX LABORATORIES),"Lamivudine/Tenofovir Disoproxil Fumarate 300/300mg, tablets, 30 Tabs",Lamivudine/Tenofovir Disoproxil Fumarate,Generic,300/300mg,Tablet - FDC,Mylan (formerly Matrix) Nashik,76112,30,20700,226665,10.95,0.36,444.26,1795,21340.35,TRUE,6/1/10,6/1/10,,8/31/09
111-MZ-T30,FPQ-13395,SCMS-219220,ASN-25452,Mozambique,PMO - US,Direct Drop,EXW,Air,ARV,Adult,HETERO LABS LIMITED,"Lamivudine/Nevirapine/Zidovudine 150/200/300mg, tablets, 60 Tabs",Lamivudine/Nevirapine/Zidovudine,Generic,150/300/200mg,Tablet - FDC,Hetero Unit III Hyderabad IN,76113,60,33792,274053.12,8.11,0.14,281.73,4610,16835.52,TRUE,5/2/14,5/2/14,,12/17/13
108-VN-T30,FPQ-7427,SCMS-105530,ASN-11955,Vietnam,PMO - US,Direct Drop,EXW,Air,ARV,Adult,HETERO LABS LIMITED,"Lamivudine/Nevirapine/Stavudine 150/200/30mg, tablets, 60 Tabs",Lamivudine/Nevirapine/Stavudine,Generic,150/200/30mg,Tablet - FDC,Hetero Unit III Hyderabad IN,76135,60,37075,177960,4.8,0.08,293.63,,,FALSE,9/26/11,9/26/11,,4/14/11
110-ZM-T30,FPQ-14827,SCMS-256510,ASN-29093,Zambia,PMO - US,Direct Drop,EXW,Air,HRDT,HIV test,"Orgenics, Ltd","HIV 1/2, Determine Complete HIV Kit, 100 Tests","HIV 1/2, Determine Complete HIV Kit",Determine,N/A,Test kit,"Alere Medical Co., Ltd.",76136,100,6322,505760,80,0.8,519.92,2564,37444.1,TRUE,3/11/15,3/11/15,,9/19/14
109-TZ-T30,FPQ-11427,SCMS-175500,ASN-19443,Tanzania,PMO - US,Direct Drop,FCA,Air,ARV,Pediatric,ABBVIE LOGISTICS (FORMERLY ABBOTT LOGISTICS BV),"Lopinavir/Ritonavir 80/20mg/ml [Kaletra], oral solution, cool, Bottle 5 x 60 ml",Lopinavir/Ritonavir,Kaletra,80/20mg/ml,Oral solution,ABBVIE (Abbott) Logis. UK,76142,300,237,7304.34,30.82,0.1,9.04,244,3269.9,TRUE,6/6/13,6/6/13,,2/4/13
111-MZ-T30,FPQ-15324,SCMS-264780,ASN-30261,Mozambique,PMO - US,Direct Drop,EXW,Air,HRDT,HIV test,"Orgenics, Ltd","HIV 1/2, Determine Kit without Lancets, Buffer or Caplillary Tubes, 100 Tests","HIV 1/2, Determine Kit without Lancets, Buffer or Capillary Tubes, 100 Tests",Determine,N/A,Test kit,"Alere Medical Co., Ltd.",76144,100,18,1298.7,72.15,0.72,1.53,,,FALSE,2/10/15,2/10/15,,11/19/14
110-ZM-T30,FPQ-10107,SCMS-153800,ASN-16720,Zambia,PMO - US,Direct Drop,EXW,Air,HRDT,HIV test,"Orgenics, Ltd","HIV 1/2, Determine Complete HIV Kit, 100 Tests","HIV 1/2, Determine Complete HIV Kit",Determine,N/A,Test kit,"Alere Medical Co., Ltd.",76180,100,4004,320320,80,0.8,449.09,1907,34940.02,TRUE,10/19/12,10/19/12,,7/31/12
161-ZA-T30,FPQ-5303,SCMS-69050,ASN-8509,South Africa,PMO - US,Direct Drop,DDP,Air,ARV,Adult,Aurobindo Pharma Limited,"Zidovudine 300mg, tablets, 60 Tabs",Zidovudine,Generic,300mg,Tablet,"Aurobindo Unit III, India",76189,60,75048,557606.6,7.43,0.12,1202.2,4023,3315.23,TRUE,12/15/10,12/15/10,,3/19/10
105-SS-T30,FPQ-12623,SCMS-200921,ASN-22955,South Sudan,PMO - US,Direct Drop,EXW,Air,HRDT,HIV test,"Trinity Biotech, Plc","HIV 1/2, Uni-Gold HIV Kit, 20 Tests","HIV 1/2, Uni-Gold HIV Kit",Uni-Gold,N/A,Test kit,"Trinity Biotech, Plc",76197,20,450,14400,32,1.6,17.81,,,FALSE,2/11/14,2/11/14,,8/6/13
111-MZ-T30,FPQ-10880,SCMS-164000,ASN-18530,Mozambique,PMO - US,Direct Drop,EXW,Air,HRDT,HIV test,"Orgenics, Ltd","HIV 1/2, Determine Complete HIV Kit, 100 Tests","HIV 1/2, Determine Complete HIV Kit",Determine,N/A,Test kit,"Alere Medical Co., Ltd.",76217,100,2863,229040,80,0.8,283.32,1298,13146.21,TRUE,3/20/13,4/1/13,,11/6/12
106-HT-T30,FPQ-11443,SCMS-180970,ASN-20026,Haiti,PMO - US,Direct Drop,EXW,Ocean,ARV,Adult,HETERO LABS LIMITED,"Efavirenz/Lamivudine/Tenofovir Disoproxil Fumarate 600/300/300mg, tablets, 30 Tabs",Efavirenz/Lamivudine/Tenofovir Disoproxil Fumarate,Generic,600/300/300mg,Tablet - FDC,Hetero Unit III Hyderabad IN,76226,30,48150,505575,10.5,0.35,625.4,,,FALSE,9/2/13,9/2/13,,3/26/13
105-SS-T30,FPQ-15569,SCMS-272160,ASN-31338,South Sudan,PMO - US,Direct Drop,EXW,Air,HRDT,HIV test,"Orgenics, Ltd","HIV 1/2, Determine Complete HIV Kit, 100 Tests","HIV 1/2, Determine Complete HIV Kit",Determine,N/A,Test kit,"Alere Medical Co., Ltd.",76227,100,200,17800,89,0.89,20.95,,,FALSE,6/3/15,6/3/15,,2/20/15
116-ZA-T30,FPQ-12522,SCMS-199289,ASN-28034,South Africa,PMO - US,Direct Drop,DDP,Truck,ARV,Pediatric,S. BUYS WHOLESALER,"Lopinavir/Ritonavir 100/25mg [Aluvia], tablets, 60 Tabs",Lopinavir/Ritonavir,Generic,100/25mg,Tablet,ABBVIE Ludwigshafen Germany,76263,60,3,19.32,6.44,0.11,0.02,,,FALSE,8/29/14,8/29/14,,8/29/14
107-RW-T30,FPQ-8263,SCMS-119640,ASN-12455,Rwanda,PMO - US,Direct Drop,EXW,Air,HRDT,HIV test,"Orgenics, Ltd","HIV 1/2, Determine HIV Kit, without Lancets, 100 Tests","HIV 1/2, Determine HIV Kit, without Lancets",Determine,N/A,Test kit,Inverness Japan,76270,100,2530,196581,77.7,0.78,324.36,575,26849.57,TRUE,11/4/11,11/4/11,,8/29/11
101-KE-T30,FPQ-10314,SCMS-153910,ASN-17659,Kenya,PMO - US,Direct Drop,CIP,Air,HRDT,HIV test,"Orgenics, Ltd","HIV 1/2, Determine Complete HIV Kit, 100 Tests","HIV 1/2, Determine Complete HIV Kit",Determine,N/A,Test kit,"Alere Medical Co., Ltd.",76298,100,6152,547528,89,0.89,767.63,1059,91.67,TRUE,2/28/13,2/28/13,,11/6/12
108-VN-T30,FPQ-12539,SCMS-199770,ASN-22687,Vietnam,PMO - US,Direct Drop,EXW,Air,ARV,Adult,MICRO LABS LIMITED,"Lamivudine 150mg, tablets, 60 Tabs",Lamivudine,Generic,150mg,Tablet,"Micro labs, Verna, Goa, India",76318,60,6493,11492.61,1.77,0.03,14.22,301,1457.92,TRUE,12/13/13,12/13/13,,7/25/13
116-ZA-T30,FPQ-13973,SCMS-238554,ASN-28627,South Africa,PMO - US,Direct Drop,DDP,Truck,ARV,Adult,PHARMACY DIRECT,"Didanosine 400mg, delayed-release capsules, 30 Caps",Didanosine,Generic,400mg,Delayed-release capsules,"Aurobindo Unit III, India",76319,30,4,78.7,19.68,0.66,0.08,,,FALSE,10/3/14,10/3/14,,10/3/14
108-VN-T30,FPQ-6818,SCMS-97850,ASN-11024,Vietnam,PMO - US,Direct Drop,EXW,Air,ARV,Adult,MYLAN LABORATORIES LTD (FORMERLY MATRIX LABORATORIES),"Abacavir 300mg, tablets, 60 Tabs",Abacavir,Generic,300mg,Tablet,Mylan (formerly Matrix) Nashik,76321,60,336,5040,15,0.25,8.32,,,FALSE,6/22/11,6/22/11,,2/15/11
109-TZ-T30,FPQ-3782,SCMS-47730,ASN-4489,Tanzania,PMO - US,Direct Drop,CIP,Air,ARV,Adult,BRISTOL-MYERS SQUIBB,"Didanosine EC 250mg [Videx EC], delayed-release capsules, Blister 3 x 10 Caps",Didanosine EC,Videx EC,250mg,Delayed-release capsules - blister,"BMS Meymac, France",76325,30,7000,128380,18.34,0.61,251.62,,,FALSE,8/11/09,8/11/09,,6/29/09
108-VN-T30,FPQ-15692,SCMS-274390,ASN-32265,Vietnam,PMO - US,Direct Drop,EXW,Air,ARV,Adult,HETERO LABS LIMITED,"Lamivudine 150mg, tablets, 60 Tabs",Lamivudine,Generic,150mg,Tablet,Hetero Unit III Hyderabad IN,76327,60,17600,31680,1.8,0.03,37.29,,,FALSE,7/10/15,7/10/15,,2/17/15
104-CI-T30,FPQ-4518,SCMS-56980,ASN-5819,Côte d'Ivoire,PMO - US,Direct Drop,EXW,Air,HRDT,HIV test,BIO-RAD LABORATORIES (FRANCE),"#108853** HIV, Genie II HIV-1/HIV-2 Kit, 40 Tests","HIV, Genie II HIV-1/HIV-2 Kit",Genie,N/A,Test kit,Bio-Rad Laboratories,76340,40,2400,264000,110,2.75,569.18,2635,19145.8,TRUE,1/26/10,1/26/10,,11/13/09
107-RW-T30,FPQ-12518,SCMS-198221,ASN-23125,Rwanda,PMO - US,Direct Drop,EXW,Air,HRDT,HIV test,"SHANGHAI KEHUA BIOENGINEERING CO.,LTD.  (KHB)","HIV 1/2, SKB Colloidal Gold, Diagnostic Kit, Antibody, 50 Tests","HIV 1/2, Colloidal Gold, Diagnostic Kit, Antibody",Colloidal Gold,N/A,Test kit,"KHB Test Kit Facility, Shanghai China",76374,1,20481,501784.5,24.5,24.5,620.71,13656,139951.34,TRUE,12/14/13,12/14/13,,8/12/13
106-HT-T30,FPQ-11442,SCMS-177180,ASN-18919,Haiti,PMO - US,Direct Drop,EXW,Ocean,ARV,Adult,Aurobindo Pharma Limited,"Lamivudine/Zidovudine 150/300mg, tablets, 60 Tabs",Lamivudine/Zidovudine,Generic,150/300mg,Tablet - FDC,"Aurobindo Unit III, India",76409,60,52080,356748,6.85,0.11,441.3,,,FALSE,8/7/13,8/7/13,,3/11/13
102-CD-T30,FPQ-11020,SCMS-167990,ASN-17893,"Congo, DRC",PMO - US,Direct Drop,EXW,Air,HRDT,HIV test,"Trinity Biotech, Plc","HIV 1/2, Uni-Gold HIV Kit, 20 Tests","HIV 1/2, Uni-Gold HIV Kit",Uni-Gold,N/A,Test kit,"Trinity Biotech, Plc",76442,20,185,5920,32,1.6,7.32,64,1592.72,TRUE,6/12/13,6/12/13,,12/6/12
161-ZA-T30,FPQ-6262,SCMS-83770,ASN-10253,South Africa,PMO - US,Direct Drop,DDP,Ocean,ARV,Adult,Aurobindo Pharma Limited,"Efavirenz 600mg, tablets, 30 Tabs",Efavirenz,Generic,600mg,Tablet,"Aurobindo Unit III, India",76459,30,96721,438146.12,4.53,0.15,944.64,,,TRUE,4/26/11,5/26/11,,9/24/10
102-SD-T30,FPQ-6119,SCMS-84000,ASN-9447,Sudan,PMO - US,Direct Drop,EXW,Air,HRDT,HIV test,"Orgenics, Ltd","HIV 1/2, Determine Complete HIV Kit, 100 Tests","HIV 1/2, Determine Complete HIV Kit",Determine,N/A,Test kit,Inverness Japan,76483,100,130,11570,89,0.89,24.94,60,2084.49,TRUE,2/10/11,2/10/11,,9/2/10
116-ZA-T30,FPQ-14942,SCMS-259079,ASN-33851,South Africa,PMO - US,Direct Drop,DDP,Truck,ARV,Pediatric,PHARMACY DIRECT,"Lamivudine 10mg/ml, oral solution, Bottle, 240 ml",Lamivudine,Generic,10mg/ml,Oral solution,"Aurobindo Unit III, India",76496,240,17,91.92,5.41,0.02,0.09,,,FALSE,8/24/15,8/24/15,,10/9/14
106-HT-T30,FPQ-13797,SCMS-234000,ASN-26977,Haiti,PMO - US,Direct Drop,EXW,Ocean,ARV,Adult,MICRO LABS LIMITED,"Efavirenz 600mg, tablets, 30 Tabs",Efavirenz,Generic,600mg,Tablet,"Micro labs, Verna, Goa, India",76505,30,3260,9714.8,2.98,0.1,9.99,,,TRUE,10/20/14,10/20/14,,4/28/14
108-VN-T30,FPQ-7565,SCMS-107640,ASN-11611,Vietnam,PMO - US,Direct Drop,EXW,Air,ARV,Adult,MYLAN LABORATORIES LTD (FORMERLY MATRIX LABORATORIES),"Lamivudine/Nevirapine/Zidovudine 150/200/300mg, tablets, 60 Tabs",Lamivudine/Nevirapine/Zidovudine,Generic,150/300/200mg,Tablet - FDC,Mylan (formerly Matrix) Nashik,76517,60,42000,461580,10.99,0.18,761.61,5941,19632.73,TRUE,8/24/11,8/24/11,,5/2/11
105-DO-T30,FPQ-13790,SCMS-231370,ASN-25280,Dominican Republic,PMO - US,Direct Drop,EXW,Air,HRDT,HIV test,"Trinity Biotech, Plc","HIV 1/2, Uni-Gold HIV Kit, 20 Tests","HIV 1/2, Uni-Gold HIV Kit",Uni-Gold,N/A,Test kit,"Trinity Biotech, Plc",76541,20,500,16000,32,1.6,16.45,146,790.78,TRUE,4/11/14,4/11/14,,3/19/14
116-ZA-T30,FPQ-4770,SCMS-60170,ASN-5933,South Africa,PMO - US,Direct Drop,DDP,Truck,ARV,Pediatric,S. BUYS WHOLESALER,"Nevirapine 10mg/ml [Viramune], oral suspension, Bottle, 240 ml",Nevirapine,Viramune,10mg/ml,Oral suspension,Boehringer Ingelheim Roxane US,76551,240,60,927.34,15.46,0.06,2,,,FALSE,12/29/09,12/29/09,,12/23/09
108-VN-T30,FPQ-10286,SCMS-156272,ASN-17807,Vietnam,PMO - US,Direct Drop,EXW,Air,ARV,Pediatric,MYLAN LABORATORIES LTD (FORMERLY MATRIX LABORATORIES),"Lamivudine/Zidovudine 30/60mg, tablets, 60 Tabs",Lamivudine/Zidovudine,Generic,30/60mg,Tablet - FDC,Mylan (formerly Matrix) Nashik,76559,60,1966,4423.5,2.25,0.04,6.2,91,1143.04,TRUE,2/1/13,2/1/13,,8/14/12
116-ZA-T30,FPQ-13973,SCMS-238554,ASN-28629,South Africa,PMO - US,Direct Drop,DDP,Truck,ARV,Adult,PHARMACY DIRECT,"Raltegravir 400mg [Isentress], tablets, 60 Tabs",Raltegravir,Isentress,400mg,Tablet,"MSD, Haarlem, NL",76578,60,48,4062.91,84.64,1.41,4.18,,,FALSE,10/3/14,10/3/14,,10/3/14
133-NG-T30,FPQ-12456,SCMS-196550,ASN-21949,Nigeria,PMO - US,Direct Drop,EXW,Air,HRDT,HIV test,"Trinity Biotech, Plc","HIV 1/2, Uni-Gold HIV Kit, 20 Tests","HIV 1/2, Uni-Gold HIV Kit",Uni-Gold,N/A,Test kit,"Trinity Biotech, Plc",76586,20,6355,203360,32,1.6,251.56,290,15450.88,TRUE,10/24/13,10/24/13,,7/10/13
116-ZA-T30,FPQ-12522,SCMS-199289,ASN-28036,South Africa,PMO - US,Direct Drop,DDP,Truck,ARV,Adult,S. BUYS WHOLESALER,"Zidovudine 300mg, tablets, 60 Tabs",Zidovudine,Generic,300mg,Tablet,Mylan (formerly Matrix) Nashik,76603,60,7,189.78,27.11,0.45,0.23,,,FALSE,8/29/14,8/29/14,,8/29/14
119-NA-T30,FPQ-4856,SCMS-62720,ASN-6401,Namibia,PMO - US,Direct Drop,EXW,Air,HRDT,HIV test,"Orgenics, Ltd","HIV 1/2, Determine HIV Kit, without Lancets, 100 Tests","HIV 1/2, Determine HIV Kit, without Lancets",Determine,N/A,Test kit,Inverness Japan,76619,100,500,35000,70,0.7,75.46,115,1498.16,TRUE,4/20/10,4/20/10,,1/8/10
116-ZA-T30,FPQ-12522,SCMS-199289,ASN-28036,South Africa,PMO - US,Direct Drop,DDP,Truck,ARV,Adult,S. BUYS WHOLESALER,"Lopinavir/Ritonavir 200/50mg [Aluvia], tablets, 120 Tabs",Lopinavir/Ritonavir,Aluvia,200/50mg,Tablet,ABBVIE Ludwigshafen Germany,76638,120,122,3142.69,25.76,0.21,3.89,,,FALSE,8/29/14,8/29/14,,8/29/14
114-UG-T30,FPQ-4276,SCMS-55240,ASN-5607,Uganda,PMO - US,Direct Drop,FCA,Air,ARV,Adult,ABBVIE LOGISTICS (FORMERLY ABBOTT LOGISTICS BV),"Lopinavir/Ritonavir 200/50mg [Aluvia], tablets, 120 Tabs",Lopinavir/Ritonavir,Aluvia,200/50mg,Tablet,ABBVIE Ludwigshafen Germany,76712,120,110,3977.6,36.16,0.3,7.8,33,995.22,TRUE,12/19/09,12/19/09,,11/3/09
A01-ZM-T50,FPQ-16227,SCMS-291890,ASN-33362,Zambia,PMO - US,Direct Drop,EXW,Air,HRDT,HIV test,"Orgenics, Ltd","HIV 1/2, Determine Complete HIV Kit, 100 Tests","HIV 1/2, Determine Complete HIV Kit",Determine,N/A,Test kit,"Alere Medical Co., Ltd.",76766,100,530,42400,80,0.8,49.9,,,TRUE,8/6/15,8/6/15,,6/16/15
116-ZA-T30,FPQ-13035,SCMS-215370,ASN-24415,South Africa,PMO - US,Direct Drop,DDP,Truck,ARV,Adult,S. BUYS WHOLESALER,"Lamivudine 150mg [Epivir], tablets, 60 Tabs",Lamivudine,Epivir,150mg,Tablet,GSK Cape Town Factory (South Africa),76772,60,1281,14728.5,11.5,0.19,18.22,,,FALSE,2/6/14,2/6/14,,12/2/13
108-VN-T30,FPQ-3934,SCMS-48800,ASN-4828,Vietnam,PMO - US,Direct Drop,FCA,Air,ARV,Adult,ABBVIE LOGISTICS (FORMERLY ABBOTT LOGISTICS BV),"Lopinavir/Ritonavir 200/50mg [Aluvia], tablets, 120 Tabs",Lopinavir/Ritonavir,Aluvia,200/50mg,Tablet,ABBVIE Ludwigshafen Germany,76799,120,760,62472,82.2,0.68,122.45,188,1088.79,TRUE,9/11/09,9/11/09,,7/14/09
133-NG-T30,FPQ-8117,SCMS-118190,ASN-12877,Nigeria,PMO - US,Direct Drop,EXW,Air,HRDT,HIV test,"Orgenics, Ltd","HIV 1/2, Determine Complete HIV Kit, 100 Tests","HIV 1/2, Determine Complete HIV Kit",Determine,N/A,Test kit,"Alere Medical Co., Ltd.",76809,100,2890,257210,89,0.89,424.4,1377,32575.03,TRUE,12/19/11,12/19/11,,8/15/11
106-HT-T30,FPQ-4337,SCMS-56140,ASN-5572,Haiti,PMO - US,Direct Drop,FCA,Air,ARV,Pediatric,ABBVIE LOGISTICS (FORMERLY ABBOTT LOGISTICS BV),"Lopinavir/Ritonavir 100/25mg [Aluvia], tablets, 60 Tabs",Lopinavir/Ritonavir,Generic,100/25mg,Tablet,ABBVIE Ludwigshafen Germany,76813,60,45,406.8,9.04,0.15,0.8,13,928.11,TRUE,12/21/09,12/21/09,,11/6/09
900-LR-T30,FPQ-7996,SCMS-115340,ASN-11741,Liberia,PMO - US,Direct Drop,EXW,Air,HRDT,HIV test,"Trinity Biotech, Plc","HIV 1/2, Uni-Gold HIV Kit, 20 Tests","HIV 1/2, Uni-Gold HIV Kit",Uni-Gold,N/A,Test kit,"Trinity Biotech, Plc",76827,20,50,1600,32,1.6,2.64,17,515.11,TRUE,9/2/11,9/2/11,,7/20/11
116-ZA-T30,FPQ-13973,SCMS-238554,ASN-28627,South Africa,PMO - US,Direct Drop,DDP,Truck,ARV,Adult,PHARMACY DIRECT,"Emtricitabine/Tenofovir Disoproxil Fumarate 200/300mg, tablets, 30 Tabs",Emtricitabine/Tenofovir Disoproxil Fumarate,Generic,200/300mg,Tablet - FDC,"Aurobindo Unit III, India",76828,30,8,241.69,30.21,1.01,0.25,,,FALSE,10/3/14,10/3/14,,10/3/14
109-TZ-T30,FPQ-9211,SCMS-135870,ASN-13850,Tanzania,PMO - US,Direct Drop,EXW,Air,HRDT,HIV test,"Orgenics, Ltd","HIV 1/2, Determine Complete HIV Kit, 100 Tests","HIV 1/2, Determine Complete HIV Kit",Determine,N/A,Test kit,"Alere Medical Co., Ltd.",76833,100,2072,165760,80,0.8,232.4,989,17512.52,TRUE,3/7/12,3/7/12,,1/27/12
161-ZA-T30,FPQ-6708,SCMS-93540,ASN-10568,South Africa,PMO - US,Direct Drop,DDP,Ocean,ARV,Adult,Aurobindo Pharma Limited,"Tenofovir Disoproxil Fumarate 300mg, tablets, 30 Tabs",Tenofovir Disoproxil Fumarate,Generic,300mg,Tablet,"Aurobindo Unit III, India",76840,30,77473,515195.44,6.65,0.22,850.07,7228,8809.08,TRUE,5/31/11,6/13/11,,12/14/10
116-ZA-T30,FPQ-5630,SCMS-72760,ASN-7111,South Africa,PMO - US,Direct Drop,DDP,Truck,ARV,Pediatric,S. BUYS WHOLESALER,"Zidovudine 10mg/ml [Retrovir], oral solution, Bottle, 200 ml",Zidovudine,Retrovir,10mg/ml,Oral solution,GSK Mississauga (Canada),76855,200,100,698.98,6.99,0.03,1.51,,,FALSE,5/12/10,5/12/10,,5/5/10
103-CM-T30,FPQ-16210,SCMS-289310,ASN-32567,Cameroon,PMO - US,Direct Drop,EXW,Air,ARV,Pediatric,Aurobindo Pharma Limited,"Nevirapine 50mg, dispersible tablets (tablets for oral suspension), 30 Tabs",Nevirapine,Generic,50mg,Chewable/dispersible tablet,"Aurobindo Unit III, India",76881,30,4416,5520,1.25,0.04,6.5,,,TRUE,6/17/15,6/17/15,,6/2/15
104-CI-T30,FPQ-8929,SCMS-131870,ASN-14307,Côte d'Ivoire,PMO - US,Direct Drop,EXW,Air,HRDT,HIV test,"CHEMBIO DIAGNOSTIC SYSTEMS, INC.","HIV 1/2, Stat-Pak HIV, Kit, 20 Tests","HIV 1/2, Stat-Pak HIV, Kit",Stat-Pak,N/A,Test kit,Chembio Diagnostics Sys. Inc.,76914,20,1593,46197,29,1.45,64.77,624,6311.89,TRUE,4/10/12,4/10/12,,1/17/12
101-CD-T30,FPQ-13555,SCMS-234300,ASN-27384,"Congo, DRC",PMO - US,Direct Drop,EXW,Air,ARV,Adult,CIPLA LIMITED,"Lamivudine/Nevirapine/Zidovudine 150/200/300mg, tablets, 60 Tabs",Lamivudine/Nevirapine/Zidovudine,Generic,150/300/200mg,Tablet - FDC,"Cipla, Goa, India",76917,60,10000,81000,8.1,0.13,83.27,1463,12498.65,TRUE,9/29/14,9/29/14,,5/5/14
161-ZA-T30,FPQ-6262,SCMS-83830,ASN-9194,South Africa,PMO - US,Direct Drop,DDP,Ocean,ARV,Adult,Aurobindo Pharma Limited,"Tenofovir Disoproxil Fumarate 300mg, tablets, 30 Tabs",Tenofovir Disoproxil Fumarate,Generic,300mg,Tablet,"Aurobindo Unit III, India",76938,30,58143,386650.94,6.65,0.22,833.62,5427,7905.96,TRUE,1/6/11,1/27/11,,9/24/10
102-SZ-T30,FPQ-7281,SCMS-109440,ASN-11323,Swaziland,PMO - US,Direct Drop,EXW,Air,HRDT,HIV test,"Trinity Biotech, Plc","HIV 1/2, Uni-Gold HIV Kit, 20 Tests","HIV 1/2, Uni-Gold HIV Kit",Uni-Gold,N/A,Test kit,"Trinity Biotech, Plc",77038,20,1270,40640,32,1.6,67.06,429,4726.15,TRUE,8/9/11,8/9/11,,6/16/11
116-ZA-T30,FPQ-14942,SCMS-259073,ASN-30671,South Africa,PMO - US,Direct Drop,DDP,Truck,ARV,Adult,PHARMACY DIRECT,"Abacavir 300mg, tablets, 60 Tabs",Abacavir,Generic,300mg,Tablet,"Aurobindo Unit III, India",77044,60,50,2492.63,49.85,0.83,2.56,,,FALSE,2/12/15,2/12/15,,2/12/15
116-ZA-T30,FPQ-13973,SCMS-238556,ASN-31854,South Africa,PMO - US,Direct Drop,DDP,Truck,ARV,Adult,PHARMACY DIRECT,"Lamivudine/Zidovudine 150/300mg, tablets, 60 Tabs",Lamivudine/Zidovudine,Generic,150/300mg,Tablet - FDC,"Aurobindo Unit III, India",77068,60,7,218.34,31.19,0.52,0.22,,,FALSE,4/28/15,4/28/15,,4/28/15
116-ZA-T30,FPQ-13973,SCMS-238552,ASN-27608,South Africa,PMO - US,Direct Drop,DDP,Truck,ARV,Adult,PHARMACY DIRECT,"Raltegravir 400mg [Isentress], tablets, 60 Tabs",Raltegravir,Isentress,400mg,Tablet,"MSD, Haarlem, NL",77070,60,6,479.95,79.99,1.33,0.49,,,FALSE,8/5/14,8/5/14,,8/5/14
106-HT-T30,FPQ-13494,SCMS-225413,ASN-28731,Haiti,PMO - US,Direct Drop,EXW,Air,HRDT,HIV test,"Orgenics, Ltd","HIV 1/2, Determine Complete HIV Kit, 100 Tests","HIV 1/2, Determine Complete HIV Kit",Determine,N/A,Test kit,"Alere Medical Co., Ltd.",77082,100,4000,400000,100,1,411.2,1624,14758.34,TRUE,11/6/14,11/6/14,,2/19/14
105-SS-T30,FPQ-15569,SCMS-272170,ASN-32109,South Sudan,PMO - US,Direct Drop,EXW,Air,HRDT,HIV test,"Orgenics, Ltd","HIV 1/2, Determine Complete HIV Kit, 100 Tests","HIV 1/2, Determine Complete HIV Kit",Determine,N/A,Test kit,"Alere Medical Co., Ltd.",77090,100,90,8010,89,0.89,9.43,,,FALSE,7/2/15,7/7/15,,2/20/15
116-ZA-T30,FPQ-11828,SCMS-183970,ASN-19157,South Africa,South Africa Field Office,Direct Drop,DDP,Truck,ARV,Pediatric,S. BUYS WHOLESALER,"Lopinavir/Ritonavir 80/20mg/ml [Kaletra], oral solution, cool, Bottle 5 x 60 ml",Lopinavir/Ritonavir,Kaletra,80/20mg/ml,Oral solution,ABBVIE (Abbott) Logis. UK,77092,300,2,49.99,25,0.08,0.06,,,FALSE,4/12/13,4/12/13,,
161-ZA-T30,FPQ-7175,SCMS-103460,ASN-11047,South Africa,PMO - US,Direct Drop,DDP,Ocean,ARV,Adult,Aurobindo Pharma Limited,"Zidovudine 300mg, tablets, 60 Tabs",Zidovudine,Generic,300mg,Tablet,"Aurobindo Unit III, India",77103,60,33207,242411.1,7.3,0.12,399.98,1720,3787.71,TRUE,9/2/11,9/2/11,,3/24/11
104-CI-T30,FPQ-15251,SCMS-263380,ASN-30907,Côte d'Ivoire,PMO - US,Direct Drop,EXW,Air,HRDT,HIV test,"CHEMBIO DIAGNOSTIC SYSTEMS, INC.","HIV 1/2, Stat-Pak HIV, Kit, 20 Tests","HIV 1/2, Stat-Pak HIV, Kit",Stat-Pak,N/A,Test kit,Chembio Diagnostics Sys. Inc.,77113,20,1230,38130,31,1.55,44.88,357,5640.23,TRUE,4/9/15,4/9/15,,12/10/14
109-TZ-T30,FPQ-12050,SCMS-186900,ASN-19907,Tanzania,PMO - US,Direct Drop,FCA,Air,ARV,Pediatric,ABBVIE LOGISTICS (FORMERLY ABBOTT LOGISTICS BV),"Lopinavir/Ritonavir 80/20mg/ml [Kaletra], oral solution, cool, Bottle 5 x 60 ml",Lopinavir/Ritonavir,Kaletra,80/20mg/ml,Oral solution,ABBVIE (Abbott) Logis. UK,77136,300,435,13406.7,30.82,0.1,16.58,470,4267.13,TRUE,8/1/13,8/1/13,,5/8/13
116-ZA-T30,FPQ-3596,SCMS-50360,ASN-5454,South Africa,PMO - US,Direct Drop,DDP,Truck,ARV,Adult,S. BUYS WHOLESALER,"Efavirenz 600mg, tablets, 30 Tabs",Efavirenz,Generic,600mg,Tablet,"Aurobindo Unit III, India",77138,30,1000,16453.48,16.45,0.55,32.25,,,FALSE,10/27/09,10/27/09,,9/22/09
108-VN-T30,FPQ-5094,SCMS-68600,ASN-7405,Vietnam,PMO - US,Direct Drop,EXW,Air,ARV,Adult,MYLAN LABORATORIES LTD (FORMERLY MATRIX LABORATORIES),"Efavirenz 600mg, tablets, 30 Tabs",Efavirenz,Generic,600mg,Tablet,Mylan (formerly Matrix) Nashik,77152,30,31579,135789.7,4.3,0.14,292.76,2585,11617.57,TRUE,7/22/10,7/22/10,,3/24/10
114-UG-T30,FPQ-11153,SCMS-171920,ASN-18279,Uganda,PMO - US,Direct Drop,EXW,Air,ARV,Pediatric,Aurobindo Pharma Limited,"Efavirenz 50mg, capsule, 30 Caps",Efavirenz,Generic,50mg,Capsule,"Aurobindo Unit III, India",77181,30,196,439.04,2.24,0.07,0.54,12,917.35,TRUE,3/5/13,3/5/13,,1/11/13
117-ET-T30,FPQ-9098,SCMS-133550,ASN-14780,Ethiopia,PMO - US,Direct Drop,EXW,Air,HRDT,HIV test,"CHEMBIO DIAGNOSTIC SYSTEMS, INC.","HIV 1/2, Stat-Pak HIV, Kit, 20 Tests","HIV 1/2, Stat-Pak HIV, Kit",Stat-Pak,N/A,Test kit,Chembio Diagnostics Sys. Inc.,77268,20,340,9860,29,1.45,13.82,,,TRUE,5/8/12,5/8/12,,1/23/12
161-ZA-T30,FPQ-5303,SCMS-68990,ASN-7050,South Africa,PMO - US,Direct Drop,DDP,Air,ARV,Pediatric,Aurobindo Pharma Limited,"Nevirapine 10mg/ml, oral suspension w/syringe, Bottle, 240 ml",Nevirapine,Generic,10mg/ml,Oral suspension,"Aurobindo Unit III, India",77293,240,10000,31500,3.15,0.01,67.91,3869,4088.43,TRUE,6/9/10,6/9/10,,3/19/10
107-RW-T30,FPQ-3859,SCMS-48931,ASN-6763,Rwanda,PMO - US,Direct Drop,CIP,Air,ARV,Adult,Aurobindo Pharma Limited,"Lopinavir/Ritonavir 200/50mg, tablets, 120 Tabs",Lopinavir/Ritonavir,Generic,200/50mg,Tablet,"Aurobindo Unit III, India",77296,120,4240,158406.4,37.36,0.31,310.48,1048,14256.58,TRUE,4/29/10,4/29/10,,3/7/10
102-SD-T30,FPQ-8261,SCMS-120443,ASN-12835,Sudan,PMO - US,Direct Drop,EXW,Air,HRDT,HIV test,"Orgenics, Ltd","HIV 1/2, Determine Complete HIV Kit, 100 Tests","HIV 1/2, Determine Complete HIV Kit",Determine,N/A,Test kit,"Alere Medical Co., Ltd.",77309,100,22,1958,89,0.89,3.23,11,978.41,TRUE,1/6/12,1/6/12,,9/14/11
108-VN-T30,FPQ-7898,SCMS-113620,ASN-13101,Vietnam,PMO - US,Direct Drop,EXW,Air,ARV,Adult,STRIDES ARCOLAB LIMITED,"Lamivudine/Nevirapine/Zidovudine 150/200/300mg, tablets, 60 Tabs",Lamivudine/Nevirapine/Zidovudine,Generic,150/300/200mg,Tablet - FDC,"Strides, Bangalore, India.",77310,60,20970,222282,10.6,0.18,366.77,2447,2673.82,TRUE,12/22/11,12/22/11,,7/8/11
107-RW-T30,FPQ-4047,SCMS-50810,ASN-5740,Rwanda,PMO - US,Direct Drop,CIP,Air,ARV,Adult,HETERO LABS LIMITED,"Lamivudine 150mg, tablets, 60 Tabs",Lamivudine,Generic,150mg,Tablet,Hetero Unit III Hyderabad IN,77324,60,10350,26806.5,2.59,0.04,52.54,582,2990.64,TRUE,1/4/10,1/4/10,,8/18/09
110-ZM-T30,FPQ-14151,SCMS-239790,ASN-26472,Zambia,PMO - US,Direct Drop,EXW,Air,ARV,Adult,Aurobindo Pharma Limited,"Nevirapine 200mg, tablets, 60 Tabs",Nevirapine,Generic,200mg,Tablet,"Aurobindo Unit III, India",77413,60,34165,76871.25,2.25,0.04,79.02,3503,19461.76,TRUE,7/20/14,7/20/14,,5/21/14
102-BI-T30,FPQ-11512,SCMS-176890,ASN-18723,Burundi,PMO - US,Direct Drop,EXW,Air,HRDT,HIV test,"CHEMBIO DIAGNOSTIC SYSTEMS, INC.","HIV 1/2, Stat-Pak Dipstick Assay Kit, 30 Tests","HIV 1/2, Stat-Pak Dipstick Assay Kit",Stat-Pak,N/A,Test kit,Chembio Diagnostics Sys. Inc.,77420,30,514,14186.4,27.6,0.92,17.55,55,758.65,TRUE,4/3/13,4/3/13,,2/14/13
108-VN-T30,FPQ-13524,SCMS-226220,ASN-26923,Vietnam,PMO - US,Direct Drop,EXW,Air,ARV,Adult,HETERO LABS LIMITED,"Efavirenz/Lamivudine/Tenofovir Disoproxil Fumarate 600/300/300mg, tablets, 30 Tabs",Efavirenz/Lamivudine/Tenofovir Disoproxil Fumarate,Generic,600/300/300mg,Tablet - FDC,Hetero Unit III Hyderabad IN,77464,30,7248,76104,10.5,0.35,78.23,,,FALSE,7/29/14,7/29/14,,3/10/14
116-ZA-T30,FPQ-12522,SCMS-199289,ASN-28034,South Africa,PMO - US,Direct Drop,DDP,Truck,ARV,Pediatric,S. BUYS WHOLESALER,"Efavirenz 200mg, capsule, 90 Caps",Efavirenz,Generic,200mg,Capsule,"Aurobindo Unit III, India",77480,90,57,1483.72,26.03,0.29,1.84,,,FALSE,8/29/14,8/29/14,,8/29/14
114-UG-T30,FPQ-12477,SCMS-198721,ASN-22001,Uganda,PMO - US,Direct Drop,EXW,Ocean,ARV,Adult,MYLAN LABORATORIES LTD (FORMERLY MATRIX LABORATORIES),"Lamivudine/Zidovudine 150/300mg, tablets, 60 Tabs",Lamivudine/Zidovudine,Generic,150/300mg,Tablet - FDC,Mylan (formerly Matrix) Nashik,77494,60,9888,64173.12,6.49,0.11,79.38,858,10833.06,TRUE,12/18/13,12/18/13,,8/27/13
161-ZA-T30,FPQ-7400,SCMS-104230,ASN-11476,South Africa,PMO - US,Direct Drop,DDP,Ocean,ARV,Pediatric,GLAXOSMITHKLINE EXPORT LIMITED,"Abacavir 20mg/ml [Ziagen], oral solution, Bottle, 240 ml",Abacavir,Ziagen,20mg/ml,Oral solution,GSK Mississauga (Canada),77509,240,20000,185600,9.28,0.04,306.24,7670,7175.68,TRUE,9/23/11,9/23/11,,3/30/11
105-SS-T30,FPQ-15569,SCMS-272140,ASN-31129,South Sudan,PMO - US,Direct Drop,EXW,Air,HRDT,HIV test,"Trinity Biotech, Plc","HIV 1/2, Uni-Gold HIV Kit, 20 Tests","HIV 1/2, Uni-Gold HIV Kit",Uni-Gold,N/A,Test kit,"Trinity Biotech, Plc",77517,20,50,1600,32,1.6,1.88,,,FALSE,5/8/15,5/8/15,,2/20/15
108-VN-T30,FPQ-4266,SCMS-56530,ASN-7262,Vietnam,PMO - US,Direct Drop,EXW,Air,ARV,Adult,Aurobindo Pharma Limited,"Lamivudine/Zidovudine 150/300mg, tablets, 60 Tabs",Lamivudine/Zidovudine,Generic,150/300mg,Tablet - FDC,"Aurobindo Unit III, India",77519,60,14952,128736.72,8.61,0.14,252.32,,,FALSE,7/6/10,7/6/10,,11/9/09
106-HT-T30,FPQ-14083,SCMS-240190,ASN-26906,Haiti,PMO - US,Direct Drop,EXW,Ocean,ARV,Pediatric,Aurobindo Pharma Limited,"Lamivudine 10mg/ml, oral solution, Bottle, 240 ml",Lamivudine,Generic,10mg/ml,Oral solution,"Aurobindo Unit III, India",77546,240,1650,2359.5,1.43,0.01,2.43,,,FALSE,10/20/14,10/20/14,,6/2/14
105-SS-T30,FPQ-15569,SCMS-272160,ASN-31331,South Sudan,PMO - US,Direct Drop,EXW,Air,HRDT,HIV test - Ancillary,"Orgenics, Ltd","Capillary Tubes, for Determine, EDTA, 50uL,100 Pcs","HIV, Capillary Tubes, for Determine, EDTA, 50uL,100 Pcs",Determine,N/A,Test kit - Ancillary,"Alere Medical Co., Ltd.",77547,100,50,400,8,0.08,0.47,,,FALSE,6/3/15,6/3/15,,2/20/15
133-NG-T30,FPQ-12456,SCMS-196561,ASN-22172,Nigeria,PMO - US,Direct Drop,EXW,Air,HRDT,HIV test,"Orgenics, Ltd","HIV 1/2, Determine Complete HIV Kit, 100 Tests","HIV 1/2, Determine Complete HIV Kit",Determine,N/A,Test kit,"Alere Medical Co., Ltd.",77552,100,3036,270204,89,0.89,334.24,1233,20602.3,TRUE,11/7/13,11/7/13,,7/10/13
900-CM-T30,FPQ-10654,SCMS-161720,ASN-17261,Cameroon,PMO - US,Direct Drop,EXW,Air,ARV,Adult,MYLAN LABORATORIES LTD (FORMERLY MATRIX LABORATORIES),"Efavirenz/Lamivudine/Tenofovir Disoproxil Fumarate 600/300/300mg, tablets, 30 Tabs",Efavirenz/Lamivudine/Tenofovir Disoproxil Fumarate,Generic,600/300/300mg,Tablet - FDC,Mylan (formerly Matrix) Nashik,77565,30,26204,314185.97,11.99,0.4,440.49,3176,27939.91,TRUE,12/19/12,12/19/12,,10/8/12
101-CD-T30,FPQ-12093,SCMS-189060,ASN-20772,"Congo, DRC",PMO - US,Direct Drop,FCA,Air,ARV,Pediatric,ABBVIE LOGISTICS (FORMERLY ABBOTT LOGISTICS BV),"Lopinavir/Ritonavir 80/20mg/ml [Kaletra], oral solution, cool, Bottle 5 x 60 ml",Lopinavir/Ritonavir,Kaletra,80/20mg/ml,Oral solution,ABBVIE (Abbott) Logis. UK,77606,300,10,308.2,30.82,0.1,0.38,38,1573.41,TRUE,11/20/13,11/20/13,,5/23/13
116-ZA-T30,FPQ-4054,SCMS-51250,ASN-5056,South Africa,PMO - US,Direct Drop,DDP,Truck,ARV,Adult,S. BUYS WHOLESALER,"Efavirenz 600mg, tablets, 30 Tabs",Efavirenz,Generic,600mg,Tablet,"Cipla, Goa, India",77610,30,560,10506.86,18.76,0.63,20.59,,,FALSE,8/24/09,8/24/09,,8/7/09
108-VN-T30,FPQ-4098,SCMS-51750,ASN-5059,Vietnam,PMO - US,Direct Drop,EXW,Air,ARV,Adult,CIPLA LIMITED,"Lamivudine/Nevirapine/Stavudine 150/200/30mg, tablets, 60 Tabs",Lamivudine/Nevirapine/Stavudine,Generic,150/200/30mg,Tablet - FDC,"Cipla, Goa, India",77651,60,23040,146995.2,6.38,0.11,288.11,9,4620.03,TRUE,10/27/09,10/27/09,,8/14/09
116-ZA-T30,FPQ-14942,SCMS-259075,ASN-32138,South Africa,PMO - US,Direct Drop,DDP,Truck,ARV,Adult,PHARMACY DIRECT,"Efavirenz 600mg, tablets, 30 Tabs",Efavirenz,Generic,600mg,Tablet,"Aurobindo Unit III, India",77659,30,3,33.81,11.27,0.38,0.03,,,FALSE,5/12/15,5/12/15,,5/11/15
901-GH-T30,FPQ-14101,SCMS-245400,ASN-29127,Ghana,PMO - US,Direct Drop,EXW,Air,ARV,Pediatric,Aurobindo Pharma Limited,"Lamivudine 10mg/ml, oral solution, Bottle, 240 ml",Lamivudine,Generic,10mg/ml,Oral solution,"Aurobindo Unit III, India",77671,240,11730,16773.9,1.43,0.01,17.24,4673,22212.75,TRUE,12/24/14,12/24/14,,7/8/14
109-TZ-T30,FPQ-13803,SCMS-231060,ASN-25337,Tanzania,PMO - US,Direct Drop,EXW,Air,ARV,Adult,MYLAN LABORATORIES LTD (FORMERLY MATRIX LABORATORIES),"Emtricitabine/Tenofovir Disoproxil Fumarate 200/300mg, tablets, 30 Tabs",Emtricitabine/Tenofovir Disoproxil Fumarate,Generic,200/300mg,Tablet - FDC,Mylan (formerly Matrix) Nashik,77677,30,5000,28700,5.74,0.19,29.5,449,2865.22,TRUE,6/24/14,6/24/14,,3/7/14
109-TZ-T30,FPQ-6925,SCMS-97140,ASN-10066,Tanzania,PMO - US,Direct Drop,EXW,Air,HRDT,HIV test,"Orgenics, Ltd","HIV 1/2, Determine Complete HIV Kit, 100 Tests","HIV 1/2, Determine Complete HIV Kit",Determine,N/A,Test kit,Inverness Japan,77712,100,30,2400,80,0.8,3.96,14,1489.33,TRUE,4/14/11,4/14/11,,2/2/11
104-CI-T30,FPQ-12806,SCMS-206590,ASN-24449,Côte d'Ivoire,PMO - US,Direct Drop,EXW,Air,ARV,Adult,MYLAN LABORATORIES LTD (FORMERLY MATRIX LABORATORIES),"Atazanavir/Ritonavir 300/100mg, tablets, 30 Tabs",Atazanavir/Ritonavir,Generic,300/100mg,Tablet,Mylan (formerly Matrix) Nashik,77735,30,2100,42000,20,0.67,51.95,293,3169.34,TRUE,3/3/14,3/3/14,,9/16/13
107-RW-T30,FPQ-9270,SCMS-136330,ASN-13764,Rwanda,PMO - US,Direct Drop,EXW,Air,HRDT,HIV test,"Trinity Biotech, Plc","HIV 1/2, Uni-Gold HIV Kit, 20 Tests","HIV 1/2, Uni-Gold HIV Kit",Uni-Gold,N/A,Test kit,"Trinity Biotech, Plc",77737,20,1460,46720,32,1.6,65.5,613,5405.42,TRUE,2/25/12,2/25/12,,1/31/12
103-ZW-T30,FPQ-9905,SCMS-148290,ASN-16913,Zimbabwe,PMO - US,Direct Drop,FCA,Air,ARV,Pediatric,ABBVIE LOGISTICS (FORMERLY ABBOTT LOGISTICS BV),"Lopinavir/Ritonavir 80/20mg/ml [Kaletra], oral solution, cool, Bottle 5 x 60 ml",Lopinavir/Ritonavir,Kaletra,80/20mg/ml,Oral solution,ABBVIE (Abbott) Logis. UK,77750,300,1364,42038.48,30.82,0.1,58.94,1309,15578.89,TRUE,11/8/12,11/22/12,,7/18/12
103-SS-T30,FPQ-14411,SCMS-244550,ASN-26903,South Sudan,PMO - US,Direct Drop,EXW,Air,ARV,Pediatric,Aurobindo Pharma Limited,"Nevirapine 50mg, dispersible tablets (tablets for oral suspension), 30 Tabs",Nevirapine,Generic,50mg,Chewable/dispersible tablet,"Aurobindo Unit III, India",77751,30,2538,3172.5,1.25,0.04,3.26,165,1960.89,TRUE,9/29/14,9/29/14,,6/19/14
114-UG-T30,FPQ-5277,SCMS-68320,ASN-6788,Uganda,PMO - US,Direct Drop,FCA,Air,ARV,Adult,ABBVIE LOGISTICS (FORMERLY ABBOTT LOGISTICS BV),"Lopinavir/Ritonavir 200/50mg [Aluvia], tablets, 120 Tabs",Lopinavir/Ritonavir,Aluvia,200/50mg,Tablet,ABBVIE Ludwigshafen Germany,77772,120,160,5785.6,36.16,0.3,12.47,47,1238.94,TRUE,5/12/10,5/12/10,,3/18/10
114-UG-T30,FPQ-9365,SCMS-142230,ASN-14835,Uganda,PMO - US,Direct Drop,CIP,Air,ARV,Adult,MERCK SHARP & DOHME IDEA GMBH (FORMALLY MERCK SHARP & DOHME B.V.),"Raltegravir 400mg [Isentress], tablets, 60 Tabs",Raltegravir,Isentress,400mg,Tablet,"MSD, Haarlem, NL",77780,60,168,9324,55.5,0.92,13.07,35,886,TRUE,5/21/12,5/21/12,,4/4/12
116-ZA-T30,FPQ-5535,SCMS-71370,ASN-7373,South Africa,PMO - US,Direct Drop,DDP,Truck,ARV,Adult,S. BUYS WHOLESALER,"Lopinavir/Ritonavir 200/50mg [Aluvia], tablets, 120 Tabs",Lopinavir/Ritonavir,Aluvia,200/50mg,Tablet,ABBVIE Ludwigshafen Germany,77781,120,300,12447.35,41.49,0.35,26.84,,,FALSE,5/31/10,5/31/10,,4/21/10
144-BW-T30,FPQ-4167,SCMS-54180,ASN-7168,Botswana,PMO - US,Direct Drop,EXW,Air,HRDT,HIV test - Ancillary,Orasure Technologies Inc.,"#109435**HIV, OraQuick Controls Kit, 3 Vials","HIV, OraQuick Controls Kit, 3 Vials",OraQuick,N/A,Test kit - Ancillary,"Orasure Technologies, Inc USA",77782,3,10,250,25,8.33,0.49,6,418.94,TRUE,6/30/10,6/30/10,,9/30/09
133-NG-T30,FPQ-10765,SCMS-162440,ASN-18172,Nigeria,PMO - US,Direct Drop,EXW,Air,HRDT,HIV test,"Orgenics, Ltd","HIV 1/2, Determine Complete HIV Kit, 100 Tests","HIV 1/2, Determine Complete HIV Kit",Determine,N/A,Test kit,"Alere Medical Co., Ltd.",77901,100,2744,244216,89,0.89,342.39,1235,88176.17,TRUE,1/9/13,2/21/13,,10/16/12
116-ZA-T30,FPQ-13035,SCMS-215370,ASN-24415,South Africa,PMO - US,Direct Drop,DDP,Truck,ARV,Adult,S. BUYS WHOLESALER,"Lamivudine/Zidovudine 150/300mg, tablets, 60 Tabs",Lamivudine/Zidovudine,Generic,150/300mg,Tablet - FDC,"Cipla, Goa, India",77910,60,259,7677.85,29.64,0.49,9.5,,,FALSE,2/6/14,2/6/14,,12/2/13
116-ZA-T30,FPQ-12522,SCMS-199289,ASN-28034,South Africa,PMO - US,Direct Drop,DDP,Truck,ARV,Adult,S. BUYS WHOLESALER,"Tenofovir Disoproxil Fumarate 300mg, tablets, 30 Tabs",Tenofovir Disoproxil Fumarate,Generic,300mg,Tablet,Hetero Unit III Hyderabad IN,77925,30,472,9824.7,20.82,0.69,12.15,,,FALSE,8/29/14,8/29/14,,8/29/14
116-ZA-T30,FPQ-13214,SCMS-215410,ASN-23875,South Africa,PMO - US,Direct Drop,DDP,Truck,ARV,Pediatric,S. BUYS WHOLESALER,"Efavirenz 50mg, capsule, 30 Caps",Efavirenz,Generic,50mg,Capsule,"Aurobindo Unit III, India",77926,30,28,78.79,2.81,0.09,0.08,,,FALSE,1/13/14,1/13/14,,12/2/13
116-ZA-T30,FPQ-11828,SCMS-183950,ASN-19166,South Africa,South Africa Field Office,Direct Drop,DDP,Truck,ARV,Adult,S. BUYS WHOLESALER,"Zidovudine 300mg, tablets, 60 Tabs",Zidovudine,Generic,300mg,Tablet,"Aurobindo Unit III, India",77936,60,13,328.17,25.24,0.42,0.41,,,FALSE,4/16/13,4/16/13,,
101-CD-T30,FPQ-12093,SCMS-189060,ASN-20768,"Congo, DRC",PMO - US,Direct Drop,FCA,Air,ARV,Pediatric,ABBVIE LOGISTICS (FORMERLY ABBOTT LOGISTICS BV),"Lopinavir/Ritonavir 80/20mg/ml [Kaletra], oral solution, cool, Bottle 5 x 60 ml",Lopinavir/Ritonavir,Kaletra,80/20mg/ml,Oral solution,ABBVIE (Abbott) Logis. UK,77941,300,60,1849.2,30.82,0.1,2.29,103,1573.41,TRUE,11/20/13,11/20/13,,5/23/13
107-RW-T30,FPQ-13874,SCMS-232310,ASN-25541,Rwanda,PMO - US,Direct Drop,EXW,Air,HRDT,HIV test,"SHANGHAI KEHUA BIOENGINEERING CO.,LTD.  (KHB)","HIV 1/2, SKB Colloidal Gold, Diagnostic Kit, Antibody, 50 Tests","HIV 1/2, Colloidal Gold, Diagnostic Kit, Antibody",Colloidal Gold,N/A,Test kit,"KHB Test Kit Facility, Shanghai China",77952,1,5994,146853,24.5,24.5,150.96,3996,53102.22,TRUE,4/28/14,4/28/14,,4/3/14
133-NG-T30,FPQ-4891,SCMS-64780,ASN-6978,Nigeria,PMO - US,Direct Drop,EXW,Air,HRDT,HIV test,"Orgenics, Ltd","HIV 1/2, Determine Complete HIV Kit, 100 Tests","HIV 1/2, Determine Complete HIV Kit",Determine,N/A,Test kit,Inverness Japan,77964,100,2334,186720,80,0.8,402.57,1130,21654.06,TRUE,5/5/10,6/18/10,,2/5/10
108-VN-T30,FPQ-13524,SCMS-226260,ASN-26929,Vietnam,PMO - US,Direct Drop,EXW,Air,ARV,Adult,HETERO LABS LIMITED,"Efavirenz/Lamivudine/Tenofovir Disoproxil Fumarate 600/300/300mg, tablets, 30 Tabs",Efavirenz/Lamivudine/Tenofovir Disoproxil Fumarate,Generic,600/300/300mg,Tablet - FDC,Hetero Unit III Hyderabad IN,78026,30,22752,238896,10.5,0.35,245.59,3138,4964.6,TRUE,8/13/14,7/30/14,,3/10/14
104-CI-T30,FPQ-4509,SCMS-56640,ASN-6775,Côte d'Ivoire,PMO - US,Direct Drop,CIP,Air,ARV,Pediatric,BRISTOL-MYERS SQUIBB,"Didanosine 50mg [Videx], chewable tablets, 60 Tabs",Didanosine,Videx,50mg,Chewable/dispersible tablet,"BMS Meymac, France",78050,60,1888,17936,9.5,0.16,38.67,368,824.37,TRUE,5/7/10,5/7/10,,11/9/09
108-VN-T30,FPQ-5065,SCMS-65030,ASN-6208,Vietnam,PMO - US,Direct Drop,EXW,Air,ARV,Adult,Aurobindo Pharma Limited,"Didanosine 250mg, delayed-release capsules, 30 Caps",Didanosine,Generic,250mg,Delayed-release capsules,"Aurobindo Unit III, India",78071,30,252,3276,13,0.43,7.06,17,436.62,TRUE,3/26/10,3/26/10,,2/10/10
103-CM-T30,FPQ-8396,SCMS-122250,ASN-12401,Cameroon,PMO - US,Direct Drop,EXW,Air,HRDT,HIV test,Orasure Technologies Inc.,"HIV 1/2, OraQuick Advance HIV Rapid Antibody Kit, 100 Tests","HIV 1/2, OraQuick Advance HIV Rapid Antibody Kit",OraQuick,N/A,Test kit,"Pacific Biotech, Thailand",78087,100,20,7000,350,3.5,11.55,48,1222.56,TRUE,10/28/11,10/28/11,,9/21/11
161-ZA-T30,FPQ-6262,SCMS-83790,ASN-9182,South Africa,PMO - US,Direct Drop,DDP,Ocean,ARV,Pediatric,Aurobindo Pharma Limited,"Efavirenz 50mg, capsule, 30 Caps",Efavirenz,Generic,50mg,Capsule,"Aurobindo Unit III, India",78090,30,22920,54778.8,2.39,0.08,118.1,1291,4429.37,TRUE,12/31/10,12/31/10,,9/24/10
103-CM-T30,FPQ-10128,SCMS-151610,ASN-16495,Cameroon,PMO - US,Direct Drop,EXW,Air,HRDT,HIV test,HUMAN GMBH,"HIV 1/2, HEXAGON Rapid HIV Kit, 100 Tests","HIV 1/2, HEXAGON Rapid HIV Kit",Hexagon,N/A,Test kit,Human Diagnostic,78096,100,30,3347.4,111.58,1.12,4.69,,,TRUE,10/4/12,10/4/12,,7/16/12
103-ZW-T30,FPQ-13969,SCMS-239231,ASN-27940,Zimbabwe,PMO - US,Direct Drop,EXW,Ocean,ARV,Pediatric,MYLAN LABORATORIES LTD (FORMERLY MATRIX LABORATORIES),"Lamivudine/Nevirapine/Zidovudine 30/50/60mg, dispersible tablets, 60 Tabs",Lamivudine/Nevirapine/Zidovudine,Generic,30/50/60mg,Chewable/dispersible tablet - FDC,Mylan (formerly Matrix) Nashik,78103,60,204713,736966.8,3.6,0.06,757.6,11430,22059.25,TRUE,11/3/14,11/3/14,,6/20/14
108-VN-T30,FPQ-5094,SCMS-68490,ASN-7260,Vietnam,PMO - US,Direct Drop,EXW,Air,ARV,Adult,STRIDES ARCOLAB LIMITED,"Lamivudine/Nevirapine/Zidovudine 150/200/300mg, tablets, 60 Tabs",Lamivudine/Nevirapine/Zidovudine,Generic,150/300/200mg,Tablet - FDC,"Strides, Bangalore, India.",78116,60,24349,267839,11,0.18,577.46,2799,11838.56,TRUE,7/1/10,7/1/10,,3/24/10
108-VN-T30,FPQ-7427,SCMS-105500,ASN-12079,Vietnam,PMO - US,Direct Drop,EXW,Air,ARV,Adult,HETERO LABS LIMITED,"Nevirapine 200mg, tablets, 60 Tabs",Nevirapine,Generic,200mg,Tablet,Hetero Unit III Hyderabad IN,78120,60,7000,17010,2.43,0.04,28.07,512,6015.18,TRUE,10/19/11,10/19/11,,4/14/11
108-VN-T30,FPQ-9576,SCMS-145310,ASN-16124,Vietnam,PMO - US,Direct Drop,EXW,Air,ARV,Adult,MYLAN LABORATORIES LTD (FORMERLY MATRIX LABORATORIES),"Lamivudine/Nevirapine/Zidovudine 150/200/300mg, tablets, 60 Tabs",Lamivudine/Nevirapine/Zidovudine,Generic,150/300/200mg,Tablet - FDC,Mylan (formerly Matrix) Nashik,78140,60,2335,21832.25,9.35,0.16,30.61,,,FALSE,10/2/12,10/2/12,,6/11/12
103-ML-T30,FPQ-15006,SCMS-260720,ASN-31432,Mali,PMO - US,Direct Drop,CIP,Air,HRDT,HIV test - Ancillary,Orasure Technologies Inc.,"HIV, OraQuick Controls Kit, 3 Vials","HIV, OraQuick Controls Kit, 3 Vials",OraQuick,N/A,Test kit - Ancillary,"Orasure Technologies, Inc USA",78150,1,33,825,25,25,0.85,,,TRUE,5/20/15,5/20/15,,11/18/14
108-VN-T30,FPQ-9001,SCMS-131700,ASN-14757,Vietnam,PMO - US,Direct Drop,EXW,Air,ARV,Adult,MYLAN LABORATORIES LTD (FORMERLY MATRIX LABORATORIES),"Efavirenz/Lamivudine/Tenofovir Disoproxil Fumarate 600/300/300mg, tablets, 30 Tabs",Efavirenz/Lamivudine/Tenofovir Disoproxil Fumarate,Generic,600/300/300mg,Tablet - FDC,Mylan (formerly Matrix) Nashik,78152,30,27608,389272.8,14.1,0.47,545.76,,,FALSE,5/15/12,5/15/12,,1/16/12
108-VN-T30,FPQ-7427,SCMS-105540,ASN-11855,Vietnam,PMO - US,Direct Drop,EXW,Air,ARV,Adult,HETERO LABS LIMITED,"Lamivudine/Zidovudine 150/300mg, tablets, 60 Tabs",Lamivudine/Zidovudine,Generic,150/300mg,Tablet - FDC,Hetero Unit III Hyderabad IN,78184,60,9751,79958.2,8.2,0.14,131.93,,,FALSE,9/21/11,9/21/11,,4/14/11
104-CI-T30,FPQ-12714,SCMS-204990,ASN-22826,Côte d'Ivoire,PMO - US,Direct Drop,FCA,Air,ARV,Adult,ABBVIE LOGISTICS (FORMERLY ABBOTT LOGISTICS BV),"Ritonavir 100mg [Norvir], film coated tablets, 60 Tabs",Ritonavir,Norvir,100mg,Tablet,ABBVIE Ludwigshafen Germany,78198,60,3000,20550,6.85,0.11,25.42,387,6020.48,TRUE,11/29/13,11/29/13,,9/2/13
161-ZA-T30,FPQ-5303,SCMS-68980,ASN-7688,South Africa,PMO - US,Direct Drop,DDP,Air,ARV,Adult,Aurobindo Pharma Limited,"Lamivudine 150mg, tablets, 60 Tabs",Lamivudine,Generic,150mg,Tablet,"Aurobindo Unit III, India",78201,60,16999,43007.47,2.53,0.04,92.72,912,1791.42,TRUE,8/24/10,9/20/10,,3/19/10
116-ZA-T30,FPQ-12522,SCMS-199289,ASN-28034,South Africa,PMO - US,Direct Drop,DDP,Truck,ARV,Adult,S. BUYS WHOLESALER,"Lamivudine/Zidovudine 150/300mg, tablets, 60 Tabs",Lamivudine/Zidovudine,Generic,150/300mg,Tablet - FDC,Hetero Unit III Hyderabad IN,78220,60,239,7826.72,32.75,0.55,9.68,,,FALSE,8/29/14,8/29/14,,8/29/14
116-ZA-T30,FPQ-11828,SCMS-183950,ASN-19166,South Africa,South Africa Field Office,Direct Drop,DDP,Truck,ARV,Adult,S. BUYS WHOLESALER,"Stavudine 30mg, capsules, 60 Caps",Stavudine,Generic,30mg,Capsule,"Aurobindo Unit III, India",78244,60,337,1357.12,4.03,0.07,1.68,,,FALSE,4/16/13,4/16/13,,
900-UG-T30,FPQ-10089,SCMS-149400,ASN-15431,Uganda,PMO - US,Direct Drop,EXW,Air,ARV,Adult,Aurobindo Pharma Limited,"Lopinavir/Ritonavir 200/50mg, tablets, 120 Tabs",Lopinavir/Ritonavir,Generic,200/50mg,Tablet,"Aurobindo Unit III, India",78261,120,15321,390685.5,25.5,0.21,547.74,3888,17405.65,TRUE,7/18/12,7/18/12,,6/12/12
104-CI-T30,FPQ-9823,SCMS-147570,ASN-16723,Côte d'Ivoire,PMO - US,Direct Drop,EXW,Air,HRDT,HIV test,"Orgenics, Ltd","HIV 1/2, Determine Complete HIV Kit, 100 Tests","HIV 1/2, Determine Complete HIV Kit",Determine,N/A,Test kit,"Alere Medical Co., Ltd.",78290,100,3100,248000,80,0.8,347.7,1473,29742.64,TRUE,10/30/12,10/30/12,,6/13/12
116-ZA-T30,FPQ-12522,SCMS-199283,ASN-27980,South Africa,PMO - US,Direct Drop,DDP,Truck,ARV,Adult,S. BUYS WHOLESALER,"Didanosine 400mg, delayed-release capsules, 30 Caps",Didanosine,Generic,400mg,Delayed-release capsules,"Aurobindo Unit III, India",78301,30,7,153.07,21.87,0.73,0.19,,,FALSE,8/27/14,8/27/14,,8/27/14
104-CI-T30,FPQ-8327,SCMS-123880,ASN-14080,Côte d'Ivoire,PMO - US,Direct Drop,CIP,Air,ARV,Pediatric,MERCK SHARP & DOHME IDEA GMBH (FORMALLY MERCK SHARP & DOHME B.V.),"Efavirenz 30mg/ml [Stocrin/Sustiva], oral solution, Bottle, 180 ml",Efavirenz,Stocrin/Sustiva,30mg/ml,Oral solution,"MSD, Haarlem, NL",78303,180,2052,34801.92,16.96,0.09,57.42,605,1416.03,TRUE,4/10/12,4/10/12,,9/30/11
107-RW-T30,FPQ-10223,SCMS-152950,ASN-16590,Rwanda,PMO - US,Direct Drop,EXW,Air,ARV,Adult,HETERO LABS LIMITED,"Lamivudine/Nevirapine/Stavudine 150/200/30mg, tablets, 60 Tabs",Lamivudine/Nevirapine/Stavudine,Generic,150/200/30mg,Tablet - FDC,Hetero Unit III Hyderabad IN,78311,60,40000,175600,4.39,0.07,246.19,4479,36677.08,TRUE,10/22/12,10/22/12,,7/16/12
107-RW-T30,FPQ-5792,SCMS-75810,ASN-9743,Rwanda,PMO - US,Direct Drop,EXW,Air,HRDT,HIV test,"Orgenics, Ltd","HIV 1/2, Determine HIV Kit, without Lancets, 100 Tests","HIV 1/2, Determine HIV Kit, without Lancets",Determine,N/A,Test kit,Inverness Japan,78314,100,5000,388500,77.7,0.78,837.61,1134,15367.03,TRUE,2/17/11,2/17/11,,7/21/10
104-CI-T30,FPQ-9874,SCMS-147580,ASN-17837,Côte d'Ivoire,PMO - US,Direct Drop,EXW,Air,HRDT,HIV test,"CHEMBIO DIAGNOSTIC SYSTEMS, INC.","HIV 1/2, Stat-Pak HIV, Kit, 20 Tests","HIV 1/2, Stat-Pak HIV, Kit",Stat-Pak,N/A,Test kit,Chembio Diagnostics Sys. Inc.,78329,20,2424,70296,29,1.45,98.55,621,7811.66,TRUE,2/20/13,2/20/13,,6/13/12
108-VN-T30,FPQ-7469,SCMS-106490,ASN-11850,Vietnam,PMO - US,Direct Drop,FCA,Air,ARV,Adult,ABBVIE LOGISTICS (FORMERLY ABBOTT LOGISTICS BV),"Lopinavir/Ritonavir 200/50mg [Aluvia], tablets, 120 Tabs",Lopinavir/Ritonavir,Aluvia,200/50mg,Tablet,ABBVIE Ludwigshafen Germany,78340,120,1049,86227.8,82.2,0.68,142.28,264,5487.53,TRUE,9/23/11,9/23/11,,4/21/11
108-VN-T30,FPQ-5317,SCMS-69730,ASN-8448,Vietnam,PMO - US,Direct Drop,EXW,Air,ARV,Adult,MYLAN LABORATORIES LTD (FORMERLY MATRIX LABORATORIES),"Efavirenz 600mg, tablets, 30 Tabs",Efavirenz,Generic,600mg,Tablet,Mylan (formerly Matrix) Nashik,78346,30,48235,207410.5,4.3,0.14,447.18,3919,11372.45,TRUE,11/9/10,11/9/10,,3/29/10
106-HT-T30,FPQ-14314,SCMS-242450,ASN-29195,Haiti,PMO - US,Direct Drop,CIP,Air,ARV,Adult,MERCK SHARP & DOHME IDEA GMBH (FORMALLY MERCK SHARP & DOHME B.V.),"Raltegravir 400mg [Isentress], tablets, 60 Tabs",Raltegravir,Isentress,400mg,Tablet,"MSD, Haarlem, NL",78361,60,161,8935.5,55.5,0.92,9.19,,,TRUE,11/24/14,11/24/14,,6/3/14
101-CD-T30,FPQ-11103,SCMS-170610,ASN-18066,"Congo, DRC",PMO - US,Direct Drop,FCA,Air,ARV,Pediatric,ABBVIE LOGISTICS (FORMERLY ABBOTT LOGISTICS BV),"Lopinavir/Ritonavir 100/25mg [Aluvia], tablets, 60 Tabs",Lopinavir/Ritonavir,Generic,100/25mg,Tablet,ABBVIE Ludwigshafen Germany,78362,60,60,356.4,5.94,0.1,0.44,13,707.19,TRUE,3/15/13,3/15/13,,1/3/13
116-ZA-T30,FPQ-3560,SCMS-49671,ASN-5052,South Africa,PMO - US,Direct Drop,DDP,Truck,ARV,Pediatric,S. BUYS WHOLESALER,"Lopinavir/Ritonavir 80/20mg/ml [Kaletra], oral solution, cool, Bottle 5 x 60 ml",Lopinavir/Ritonavir,Kaletra,80/20mg/ml,Oral solution,ABBVIE (Abbott) Logis. UK,78368,300,1250,58731.4,46.99,0.16,115.11,,,TRUE,8/11/09,8/11/09,,7/21/09
114-UG-T30,FPQ-5837,SCMS-80710,ASN-7974,Uganda,PMO - US,Direct Drop,DDU,Air,ARV,Adult,ASPEN PHARMACARE,"Etravirine 100mg [Intelence], tablets, 120 Tabs",Etravirine,Intelence,100mg,Tablet,"Janssen-Cilag, Latina, IT",78387,120,50,4199.01,83.98,0.7,9.05,10,435,TRUE,9/1/10,9/1/10,,8/11/10
133-NG-T30,FPQ-12458,SCMS-196571,ASN-22752,Nigeria,PMO - US,Direct Drop,EXW,Air,HRDT,HIV test,"CHEMBIO DIAGNOSTIC SYSTEMS, INC.","HIV 1/2, Stat-Pak HIV, Kit, 20 Tests","HIV 1/2, Stat-Pak HIV, Kit",Stat-Pak,N/A,Test kit,Chembio Diagnostics Sys. Inc.,78395,20,5439,174048,32,1.6,215.3,2097,9634.16,TRUE,11/25/13,11/25/13,,7/10/13
901-NA-T30,FPQ-14689,SCMS-253430,ASN-28398,Namibia,PMO - US,Direct Drop,EXW,Air,ARV,Adult,HETERO LABS LIMITED,"Efavirenz 600mg, tablets, 30 Tabs",Efavirenz,Generic,600mg,Tablet,"Hetero, Jadcherla, unit 5, IN",78397,30,21050,73675,3.5,0.12,75.74,1812,8683.99,TRUE,10/13/14,10/13/14,,8/29/14
106-HT-T30,FPQ-7649,SCMS-108900,ASN-13724,Haiti,PMO - US,Direct Drop,CIP,Air,ARV,Pediatric,MERCK SHARP & DOHME IDEA GMBH (FORMALLY MERCK SHARP & DOHME B.V.),"Efavirenz 30mg/ml [Stocrin/Sustiva], oral solution, Bottle, 180 ml",Efavirenz,Stocrin/Sustiva,30mg/ml,Oral solution,"MSD, Haarlem, NL",78403,180,255,4324.8,16.96,0.09,7.14,72,290,TRUE,3/14/12,3/14/12,,5/30/11
116-ZA-T30,FPQ-12522,SCMS-199283,ASN-27976,South Africa,PMO - US,Direct Drop,DDP,Truck,ARV,Adult,S. BUYS WHOLESALER,"Lamivudine 150mg, tablets, 60 Tabs",Lamivudine,Generic,150mg,Tablet,Hetero Unit III Hyderabad IN,78407,60,328,3230.11,9.85,0.16,4,,,FALSE,8/27/14,8/27/14,,8/27/14
103-ZW-T30,FPQ-9905,SCMS-148310,ASN-18001,Zimbabwe,PMO - US,Direct Drop,FCA,Air,ARV,Pediatric,ABBVIE LOGISTICS (FORMERLY ABBOTT LOGISTICS BV),"Lopinavir/Ritonavir 80/20mg/ml [Kaletra], oral solution, cool, Bottle 5 x 60 ml",Lopinavir/Ritonavir,Kaletra,80/20mg/ml,Oral solution,ABBVIE (Abbott) Logis. UK,78419,300,1021,31467.22,30.82,0.1,44.12,1013,13257.79,TRUE,2/9/13,3/14/13,,7/18/12
101-CD-T30,FPQ-11103,SCMS-170610,ASN-18067,"Congo, DRC",PMO - US,Direct Drop,FCA,Air,ARV,Pediatric,ABBVIE LOGISTICS (FORMERLY ABBOTT LOGISTICS BV),"Lopinavir/Ritonavir 100/25mg [Aluvia], tablets, 60 Tabs",Lopinavir/Ritonavir,Generic,100/25mg,Tablet,ABBVIE Ludwigshafen Germany,78427,60,24,142.56,5.94,0.1,0.18,8,767.87,TRUE,3/15/13,4/3/13,,1/3/13
119-NA-T30,FPQ-7679,SCMS-109960,ASN-11272,Namibia,PMO - US,Direct Drop,EXW,Air,HRDT,HIV test,"Orgenics, Ltd","HIV 1/2, Determine HIV Kit, without Lancets, 100 Tests","HIV 1/2, Determine HIV Kit, without Lancets",Determine,N/A,Test kit,Inverness Japan,78435,100,100,7770,77.7,0.78,12.82,24,677.37,TRUE,7/6/11,7/6/11,,5/31/11
106-HT-T30,FPQ-12590,SCMS-210430,ASN-22715,Haiti,PMO - US,Direct Drop,FCA,Air,ARV,Adult,ABBVIE LOGISTICS (FORMERLY ABBOTT LOGISTICS BV),"Lopinavir/Ritonavir 200/50mg [Aluvia], tablets, 120 Tabs",Lopinavir/Ritonavir,Aluvia,200/50mg,Tablet,ABBVIE Ludwigshafen Germany,78479,120,1865,36031.8,19.32,0.16,44.57,463,3222.27,TRUE,12/12/13,12/12/13,,10/22/13
900-CM-T30,FPQ-10654,SCMS-161700,ASN-16882,Cameroon,PMO - US,Direct Drop,EXW,Air,ARV,Adult,CIPLA LIMITED,"Lamivudine/Nevirapine/Zidovudine 150/200/300mg, tablets, 60 Tabs",Lamivudine/Nevirapine/Zidovudine,Generic,150/300/200mg,Tablet - FDC,"Cipla, Goa, India",78526,60,62219,520773.03,8.37,0.14,730.12,8297,60840.32,TRUE,12/2/12,12/2/12,,10/5/12
102-BW-T30,FPQ-6645,SCMS-92600,ASN-9740,Botswana,PMO - US,Direct Drop,EXW,Air,HRDT,HIV test,"Standard Diagnostics, Inc.","HIV 1/2, Bioline 3.0 Kit, Lancets, Capillary pipets, Alcohol swabs included, 25 Tests","HIV 1/2, Bioline 3.0 Kit, Lancets, Capillary pipets, Alcohol swabs included",Bioline,N/A,Test kit,"Standard Diagnostics, Korea",78532,25,40,800,20,0.8,1.32,14,706.18,TRUE,3/2/11,3/2/11,,12/2/10
116-ZA-T30,FPQ-13973,SCMS-238555,ASN-29257,South Africa,PMO - US,Direct Drop,DDP,Truck,ARV,Adult,PHARMACY DIRECT,"Efavirenz 600mg, tablets, 30 Tabs",Efavirenz,Generic,600mg,Tablet,"Aurobindo Unit III, India",78550,30,125,1949.5,15.6,0.52,2,,,FALSE,11/5/14,11/5/14,,11/4/14
104-CI-T30,FPQ-4484,SCMS-56481,ASN-5619,Côte d'Ivoire,PMO - US,Direct Drop,EXW,Air,HRDT,HIV test,"Orgenics, Ltd","HIV 1/2, Determine HIV Kit, without Lancets, 100 Tests","HIV 1/2, Determine HIV Kit, without Lancets",Determine,N/A,Test kit,Inverness Japan,78576,100,3500,245000,70,0.7,528.22,794,12506.12,TRUE,1/21/10,1/21/10,,11/3/09
104-BW-T30,FPQ-15568,SCMS-275710,ASN-31390,Botswana,PMO - US,Direct Drop,EXW,Air,ARV,Adult,HETERO LABS LIMITED,"Efavirenz/Emtricitabine/Tenofovir Disoproxil Fumarate 600/200/300mg, tablets, 30 Tabs",Efavirenz/Emtricitabine/Tenofovir Disoproxil Fumarate,Generic,600/200/300mg,Tablet - FDC,"Hetero, Jadcherla, unit 5, IN",78589,30,34735,362286.06,10.43,0.35,426.41,4260,21035.49,TRUE,6/2/15,6/2/15,,2/6/15
108-VN-T30,FPQ-7565,SCMS-107660,ASN-12154,Vietnam,PMO - US,Direct Drop,EXW,Air,ARV,Adult,HETERO LABS LIMITED,"Stavudine 30mg, capsules, 60 Caps",Stavudine,Generic,30mg,Capsule,Hetero Unit III Hyderabad IN,78603,60,18000,26100,1.45,0.02,43.06,1390,11311.6,TRUE,10/18/11,10/18/11,,5/2/11
161-ZA-T30,FPQ-6708,SCMS-93510,ASN-11510,South Africa,PMO - US,Direct Drop,DDP,Ocean,ARV,Pediatric,Aurobindo Pharma Limited,"Nevirapine 10mg/ml, oral suspension w/syringe, Bottle, 240 ml",Nevirapine,Generic,10mg/ml,Oral suspension,"Aurobindo Unit III, India",78671,240,8500,18020,2.12,0.01,29.73,3061,3530.94,TRUE,10/14/11,10/14/11,,12/14/10
161-ZA-T30,FPQ-7175,SCMS-103790,ASN-12624,South Africa,PMO - US,Direct Drop,DDP,Ocean,ARV,Pediatric,CIPLA LIMITED,"Lamivudine 10mg/ml, oral solution, Bottle, 240 ml",Lamivudine,Generic,10mg/ml,Oral solution,"Cipla, Goa, India",78698,240,50000,103000,2.06,0.01,169.95,18467,6617.84,TRUE,11/25/11,11/25/11,,3/28/11
116-ZA-T30,FPQ-12522,SCMS-199280,ASN-24433,South Africa,PMO - US,Direct Drop,DDP,Truck,ARV,Pediatric,S. BUYS WHOLESALER,"Abacavir 20mg/ml, oral solution w/syringe, Bottle, 240 ml",Abacavir,Generic,20mg/ml,Oral solution,"Aurobindo Unit III, India",78709,240,89,2406.5,27.04,0.11,2.98,,,FALSE,2/7/14,2/7/14,,8/13/13
108-VN-T30,FPQ-10811,SCMS-164580,ASN-18662,Vietnam,PMO - US,Direct Drop,EXW,Air,ARV,Adult,HETERO LABS LIMITED,"Abacavir 300mg, tablets, 60 Tabs",Abacavir,Generic,300mg,Tablet,Hetero Unit III Hyderabad IN,78714,60,327,4218.3,12.9,0.22,5.22,,,FALSE,4/3/13,4/3/13,,11/7/12
161-ZA-T30,FPQ-7175,SCMS-103930,ASN-12290,South Africa,PMO - US,Direct Drop,DDP,Ocean,ARV,Adult,STRIDES ARCOLAB LIMITED,"Lamivudine 150mg, tablets, 60 Tabs",Lamivudine,Generic,150mg,Tablet,"Strides, Bangalore, India.",78715,60,515000,1251450,2.43,0.04,2064.89,23655,37401.43,TRUE,11/23/11,11/23/11,,3/28/11
107-RW-T30,FPQ-4854,SCMS-63651,ASN-6747,Rwanda,PMO - US,Direct Drop,FCA,Air,ARV,Pediatric,Hoffmann-La Roche ltd Basel,"Nelfinavir 50mg/g [Viracept], oral powder, 144g",Nelfinavir,Viracept,50mg/g,Oral powder,Roche Basel,78727,144,148,5429.5,36.69,0.25,11.71,27,1253.71,TRUE,4/30/10,4/30/10,,1/20/10
108-VN-T30,FPQ-4720,SCMS-62470,ASN-6341,Vietnam,PMO - US,Direct Drop,EXW,Air,ARV,Adult,MYLAN LABORATORIES LTD (FORMERLY MATRIX LABORATORIES),"Lamivudine 150mg, tablets, 60 Tabs",Lamivudine,Generic,150mg,Tablet,Mylan (formerly Matrix) Nashik,78729,60,16800,43680,2.6,0.04,94.17,,,FALSE,4/1/10,4/1/10,,1/12/10
161-ZA-T30,FPQ-7175,SCMS-103400,ASN-12376,South Africa,PMO - US,Direct Drop,DDP,Ocean,ARV,Adult,Aurobindo Pharma Limited,"Zidovudine 300mg, tablets, 60 Tabs",Zidovudine,Generic,300mg,Tablet,"Aurobindo Unit III, India",78733,60,9829,71751.7,7.3,0.12,118.39,509,3341.45,TRUE,11/22/11,11/22/11,,3/24/11
102-BI-T30,FPQ-12580,SCMS-199591,ASN-22168,Burundi,PMO - US,Direct Drop,EXW,Air,HRDT,HIV test,"Orgenics, Ltd","HIV 1/2, Determine Complete HIV Kit, 100 Tests","HIV 1/2, Determine Complete HIV Kit",Determine,N/A,Test kit,"Alere Medical Co., Ltd.",78767,100,1268,101440,80,0.8,125.48,516,9802.95,TRUE,11/20/13,11/20/13,,7/31/13
117-ET-T30,FPQ-7802,SCMS-110050,ASN-11253,Ethiopia,PMO - US,Direct Drop,EXW,Air,ARV,Adult,MYLAN LABORATORIES LTD (FORMERLY MATRIX LABORATORIES),"Lamivudine/Tenofovir Disoproxil Fumarate 300/300mg, tablets, 30 Tabs",Lamivudine/Tenofovir Disoproxil Fumarate,Generic,300/300mg,Tablet - FDC,Mylan (formerly Matrix) Nashik,78789,30,100000,624000,6.24,0.21,1029.6,9565,60713.12,TRUE,7/1/11,7/1/11,,5/26/11
108-VN-T30,FPQ-6818,SCMS-98052,ASN-11312,Vietnam,PMO - US,Direct Drop,EXW,Air,ARV,Adult,MYLAN LABORATORIES LTD (FORMERLY MATRIX LABORATORIES),"Tenofovir Disoproxil Fumarate 300mg, tablets, 30 Tabs",Tenofovir Disoproxil Fumarate,Generic,300mg,Tablet,Mylan (formerly Matrix) Nashik,78805,30,1612,10478,6.5,0.22,17.29,111,7457.19,TRUE,7/27/11,7/27/11,,2/15/11
109-TZ-T30,FPQ-7909,SCMS-114990,ASN-12159,Tanzania,PMO - US,Direct Drop,EXW,Air,HRDT,HIV test,"Standard Diagnostics, Inc.","HIV 1/2, Bioline 3.0 Kit, Lancets, Capillary pipets, Alcohol swabs included, 25 Tests","HIV 1/2, Bioline 3.0 Kit, Lancets, Capillary pipets, Alcohol swabs included",Bioline,N/A,Test kit,"Standard Diagnostics, Korea",78818,25,10000,200000,20,0.8,330,3334,22523.12,TRUE,9/29/11,10/5/11,,7/18/11
108-VN-T30,FPQ-12051,SCMS-188651,ASN-24041,Vietnam,PMO - US,Direct Drop,EXW,Air,ARV,Adult,MYLAN LABORATORIES LTD (FORMERLY MATRIX LABORATORIES),"Tenofovir Disoproxil Fumarate 300mg, tablets, 30 Tabs",Tenofovir Disoproxil Fumarate,Generic,300mg,Tablet,Mylan (formerly Matrix) Nashik,78839,30,12000,48000,4,0.13,59.38,,,FALSE,5/30/14,5/30/14,,11/28/13
109-TZ-T30,FPQ-9259,SCMS-136830,ASN-14647,Tanzania,PMO - US,Direct Drop,EXW,Air,HRDT,HIV test,"Trinity Biotech, Plc","HIV 1/2, Uni-Gold HIV Kit, 20 Tests","HIV 1/2, Uni-Gold HIV Kit",Uni-Gold,N/A,Test kit,"Trinity Biotech, Plc",78846,20,9250,296000,32,1.6,414.99,3058,31491.23,TRUE,7/13/12,7/13/12,,2/3/12
133-NG-T30,FPQ-12812,SCMS-210351,ASN-23948,Nigeria,PMO - US,Direct Drop,EXW,Air,HRDT,HIV test,"Orgenics, Ltd","HIV 1/2, Determine Complete HIV Kit, 100 Tests","HIV 1/2, Determine Complete HIV Kit",Determine,N/A,Test kit,"Alere Medical Co., Ltd.",78909,100,9258,823962,89,0.89,1019.24,3759,57561.38,TRUE,2/18/14,2/12/14,,11/1/13
113-ZW-T30,FPQ-13939,SCMS-234720,ASN-26120,Zimbabwe,PMO - US,Direct Drop,EXW,Air,ARV,Adult,Aurobindo Pharma Limited,"Lamivudine/Tenofovir Disoproxil Fumarate 300/300mg, tablets, 30 Tabs",Lamivudine/Tenofovir Disoproxil Fumarate,Generic,300/300mg,Tablet - FDC,"Aurobindo Unit VII, IN",78946,30,24540,114111,4.65,0.16,117.31,2448,20407.95,TRUE,6/14/14,6/14/14,,5/8/14
100-ZW-T30,FPQ-5018,SCMS-65360,ASN-6755,Zimbabwe,PMO - US,Direct Drop,EXW,Air,HRDT,HIV test,"Orgenics, Ltd","HIV 1/2, Determine Complete HIV Kit, 100 Tests","HIV 1/2, Determine Complete HIV Kit",Determine,N/A,Test kit,Inverness Japan,78949,100,1915,137880,72,0.72,297.27,967,18212.87,TRUE,5/18/10,5/18/10,,2/17/10
110-ZM-T30,FPQ-4141,SCMS-53261,ASN-5855,Zambia,PMO - US,Direct Drop,EXW,Air,HRDT,HIV test,"Orgenics, Ltd","HIV 1/2, Determine Complete HIV Kit, 100 Tests","HIV 1/2, Determine Complete HIV Kit",Determine,N/A,Test kit,Inverness Japan,78985,100,2282,164304,72,0.72,322.04,1106,16793.45,TRUE,1/28/10,1/27/10,,9/11/09
116-ZA-T30,FPQ-13214,SCMS-215410,ASN-23875,South Africa,PMO - US,Direct Drop,DDP,Truck,ARV,Adult,S. BUYS WHOLESALER,"Efavirenz 600mg, tablets, 30 Tabs",Efavirenz,Generic,600mg,Tablet,"Aurobindo Unit III, India",79022,30,152,2218.99,14.6,0.49,2.28,,,FALSE,1/13/14,1/13/14,,12/2/13
116-ZA-T30,FPQ-12523,SCMS-199310,ASN-29450,South Africa,PMO - US,Direct Drop,DDP,Truck,ARV,Adult,S. BUYS WHOLESALER,"Raltegravir 400mg [Isentress], tablets, 60 Tabs",Raltegravir,Isentress,400mg,Tablet,"MSD, Haarlem, NL",79064,60,82,7657.21,93.38,1.56,9.47,,,FALSE,11/19/14,11/19/14,,8/13/13
103-SS-T30,FPQ-13172,SCMS-213410,ASN-22956,South Sudan,PMO - US,Direct Drop,EXW,Air,HRDT,HIV test,"Trinity Biotech, Plc","HIV 1/2, Uni-Gold HIV Kit, 20 Tests","HIV 1/2, Uni-Gold HIV Kit",Uni-Gold,N/A,Test kit,"Trinity Biotech, Plc",79081,20,444,14208,32,1.6,14.61,132,1847.97,TRUE,2/20/14,2/20/14,,11/6/13
110-ZM-T30,FPQ-10531,SCMS-158520,ASN-16853,Zambia,PMO - US,Direct Drop,EXW,Air,HRDT,HIV test,"Orgenics, Ltd","HIV 1/2, Determine Complete HIV Kit, 100 Tests","HIV 1/2, Determine Complete HIV Kit",Determine,N/A,Test kit,"Alere Medical Co., Ltd.",79109,100,8200,656000,80,0.8,919.71,3896,69016.63,TRUE,10/31/12,10/31/12,,9/5/12
116-ZA-T30,FPQ-3596,SCMS-50373,ASN-6207,South Africa,PMO - US,Direct Drop,DDP,Truck,ARV,Adult,"JSI R&T INSTITUTE, INC.","Zidovudine 300mg, tablets, 60 Tabs",Zidovudine,Generic,300mg,Tablet,"Aurobindo Unit III, India",79111,60,1130,31894.32,28.23,0.47,62.51,,,TRUE,2/15/10,2/15/10,,9/22/09
114-UG-T30,FPQ-9365,SCMS-142230,ASN-14835,Uganda,PMO - US,Direct Drop,CIP,Air,ARV,Adult,MERCK SHARP & DOHME IDEA GMBH (FORMALLY MERCK SHARP & DOHME B.V.),"Raltegravir 400mg [Isentress], tablets, 60 Tabs",Raltegravir,Isentress,400mg,Tablet,"MSD, Haarlem, NL",79128,60,180,9990,55.5,0.92,14.01,,,FALSE,5/21/12,5/21/12,,4/4/12
102-KE-T30,FPQ-8446,SCMS-124890,ASN-13144,Kenya,PMO - US,Direct Drop,EXW,Air,HRDT,HIV test,"Trinity Biotech, Plc","HIV 1/2, Uni-Gold HIV Kit, 20 Tests","HIV 1/2, Uni-Gold HIV Kit",Uni-Gold,N/A,Test kit,"Trinity Biotech, Plc",79141,20,516,16512,32,1.6,27.24,174,2061.8,TRUE,2/3/12,2/3/12,,10/13/11
108-VN-T30,FPQ-15692,SCMS-274370,ASN-32258,Vietnam,PMO - US,Direct Drop,EXW,Air,ARV,Adult,HETERO LABS LIMITED,"Efavirenz/Lamivudine/Tenofovir Disoproxil Fumarate 600/300/300mg, tablets, 30 Tabs",Efavirenz/Lamivudine/Tenofovir Disoproxil Fumarate,Generic,600/300/300mg,Tablet - FDC,Hetero Unit III Hyderabad IN,79173,30,5120,51200,10,0.33,60.26,,,FALSE,7/13/15,7/13/15,,2/17/15
106-HT-T30,FPQ-9621,SCMS-147120,ASN-15787,Haiti,PMO - US,Direct Drop,FCA,Air,ARV,Pediatric,SYSMEX AMERICA INC,"Lopinavir/Ritonavir 100/25mg [Aluvia], tablets, 60 Tabs",Lopinavir/Ritonavir,Generic,100/25mg,Tablet,ABBVIE Ludwigshafen Germany,79193,60,216,1596.24,7.39,0.12,2.24,24,4059.85,TRUE,8/8/12,8/8/12,,6/12/12
107-RW-T30,FPQ-4011,SCMS-50270,ASN-7216,Rwanda,PMO - US,Direct Drop,CIP,Air,ARV,Adult,MYLAN LABORATORIES LTD (FORMERLY MATRIX LABORATORIES),"Lamivudine/Tenofovir Disoproxil Fumarate 300/300mg, tablets, 30 Tabs",Lamivudine/Tenofovir Disoproxil Fumarate,Generic,300/300mg,Tablet - FDC,Mylan (formerly Matrix) Nashik,79232,30,72091,789396.44,10.95,0.36,1547.22,6842,73790.43,TRUE,6/25/10,6/25/10,,8/31/09
108-VN-T30,FPQ-15692,SCMS-274360,ASN-32782,Vietnam,PMO - US,Direct Drop,EXW,Air,ARV,Adult,MYLAN LABORATORIES LTD (FORMERLY MATRIX LABORATORIES),"Lamivudine/Nevirapine/Zidovudine 150/200/300mg, tablets, 60 Tabs",Lamivudine/Nevirapine/Zidovudine,Generic,150/300/200mg,Tablet - FDC,Mylan (formerly Matrix) Nashik,79236,60,12816,103809.6,8.1,0.13,122.18,,,TRUE,7/30/15,8/2/15,,2/17/15
116-ZA-T30,FPQ-12522,SCMS-199283,ASN-27975,South Africa,PMO - US,Direct Drop,DDP,Truck,ARV,Adult,S. BUYS WHOLESALER,"Lamivudine 150mg, tablets, 60 Tabs",Lamivudine,Generic,150mg,Tablet,Hetero Unit III Hyderabad IN,79271,60,1,9.85,9.85,0.16,0.01,,,FALSE,8/27/14,8/27/14,,8/27/14
108-VN-T30,FPQ-14516,SCMS-251680,ASN-29384,Vietnam,PMO - US,Direct Drop,EXW,Air,ARV,Adult,HETERO LABS LIMITED,"Efavirenz/Lamivudine/Tenofovir Disoproxil Fumarate 600/300/300mg, tablets, 30 Tabs",Efavirenz/Lamivudine/Tenofovir Disoproxil Fumarate,Generic,600/300/300mg,Tablet - FDC,Hetero Unit III Hyderabad IN,79283,30,15840,166320,10.5,0.35,170.98,,,FALSE,12/24/14,12/24/14,,8/11/14
104-CI-T30,FPQ-13125,SCMS-215050,ASN-23877,Côte d'Ivoire,PMO - US,Direct Drop,EXW,Air,HRDT,HIV test,"Orgenics, Ltd","HIV 1/2, Determine Complete HIV Kit, 100 Tests","HIV 1/2, Determine Complete HIV Kit",Determine,N/A,Test kit,"Alere Medical Co., Ltd.",79325,100,3135,250800,80,0.8,257.82,1272,16856.6,TRUE,1/24/14,1/24/14,,12/4/13
108-VN-T30,FPQ-8428,SCMS-123520,ASN-13475,Vietnam,PMO - US,Direct Drop,EXW,Air,ARV,Adult,Aurobindo Pharma Limited,"Lamivudine/Zidovudine 150/300mg, tablets, 60 Tabs",Lamivudine/Zidovudine,Generic,150/300mg,Tablet - FDC,"Aurobindo Unit III, India",79352,60,14789,117572.55,7.95,0.13,193.99,,,FALSE,3/1/12,3/1/12,,10/4/11
116-ZA-T30,FPQ-12522,SCMS-199289,ASN-28036,South Africa,PMO - US,Direct Drop,DDP,Truck,ARV,Pediatric,S. BUYS WHOLESALER,"Efavirenz 200mg, capsule, 90 Caps",Efavirenz,Generic,200mg,Capsule,"Aurobindo Unit III, India",79361,90,75,1952.27,26.03,0.29,2.41,,,FALSE,8/29/14,8/29/14,,8/29/14
116-ZA-T30,FPQ-13973,SCMS-238556,ASN-31854,South Africa,PMO - US,Direct Drop,DDP,Truck,ARV,Adult,PHARMACY DIRECT,"Abacavir 300mg, tablets, 60 Tabs",Abacavir,Generic,300mg,Tablet,"Aurobindo Unit III, India",79375,60,19,1310.81,68.99,1.15,1.35,,,FALSE,4/28/15,4/28/15,,4/28/15
133-NG-T30,FPQ-16329,SCMS-289120,ASN-33413,Nigeria,PMO - US,Direct Drop,EXW,Air,HRDT,HIV test,"CHEMBIO DIAGNOSTIC SYSTEMS, INC.","HIV 1/2, Stat-Pak HIV, Kit, 20 Tests","HIV 1/2, Stat-Pak HIV, Kit",Stat-Pak,N/A,Test kit,Chembio Diagnostics Sys. Inc.,79424,20,1564,50048,32,1.6,58.91,,,TRUE,8/7/15,8/7/15,,5/26/15
102-SD-T30,FPQ-8264,SCMS-121841,ASN-12829,Sudan,PMO - US,Direct Drop,EXW,Air,HRDT,HIV test - Ancillary,"Orgenics, Ltd","Capillary Tubes, for Determine, EDTA, 50uL,100 Pcs","HIV, Capillary Tubes, for Determine, EDTA, 50uL,100 Pcs",Determine,N/A,Test kit - Ancillary,"Alere Medical Co., Ltd.",79445,100,4,32,8,0.08,0.05,,878.34,TRUE,1/6/12,1/6/12,,9/14/11
116-ZA-T30,FPQ-13035,SCMS-215370,ASN-24415,South Africa,PMO - US,Direct Drop,DDP,Truck,ARV,Adult,S. BUYS WHOLESALER,"Lopinavir/Ritonavir 200/50mg [Aluvia], tablets, 120 Tabs",Lopinavir/Ritonavir,Aluvia,200/50mg,Tablet,ABBVIE Ludwigshafen Germany,79471,120,344,7955.07,23.13,0.19,9.84,,,FALSE,2/6/14,2/6/14,,12/2/13
106-HT-T30,FPQ-11285,SCMS-176120,ASN-19476,Haiti,PMO - US,Direct Drop,CIP,Air,ARV,Adult,MERCK SHARP & DOHME IDEA GMBH (FORMALLY MERCK SHARP & DOHME B.V.),"Raltegravir 400mg [Isentress], tablets, 60 Tabs",Raltegravir,Isentress,400mg,Tablet,"MSD, Haarlem, NL",79491,60,120,6660,55.5,0.92,8.24,11,260,TRUE,5/14/13,5/14/13,,2/5/13
101-CD-T30,FPQ-16001,SCMS-280210,ASN-31750,"Congo, DRC",PMO - US,Direct Drop,EXW,Air,HRDT,HIV test,"Trinity Biotech, Plc","HIV 1/2, Uni-Gold HIV Kit, 20 Tests","HIV 1/2, Uni-Gold HIV Kit",Uni-Gold,N/A,Test kit,"Trinity Biotech, Plc",79500,20,353,11296,32,1.6,13.3,,,FALSE,7/2/15,7/2/15,,3/16/15
161-ZA-T30,FPQ-7175,SCMS-103960,ASN-10871,South Africa,PMO - US,Direct Drop,DDP,Ocean,ARV,Adult,STRIDES ARCOLAB LIMITED,"Lamivudine 150mg, tablets, 60 Tabs",Lamivudine,Generic,150mg,Tablet,"Strides, Bangalore, India.",79521,60,440000,1069200,2.43,0.04,1764.18,19564,33865.26,TRUE,9/6/11,9/6/11,,3/28/11
133-NG-T30,FPQ-14305,SCMS-240830,ASN-27470,Nigeria,PMO - US,Direct Drop,EXW,Air,HRDT,HIV test,"Orgenics, Ltd","HIV 1/2, Determine Complete HIV Kit, 100 Tests","HIV 1/2, Determine Complete HIV Kit",Determine,N/A,Test kit,"Alere Medical Co., Ltd.",79597,100,5905,525545,89,0.89,540.26,2402,35747.28,TRUE,8/19/14,9/2/14,,6/2/14
104-CI-T30,FPQ-11294,SCMS-173130,ASN-19138,Côte d'Ivoire,PMO - US,Direct Drop,EXW,Air,HRDT,HIV test,"Orgenics, Ltd","HIV 1/2, Determine Complete HIV Kit, 100 Tests","HIV 1/2, Determine Complete HIV Kit",Determine,N/A,Test kit,"Alere Medical Co., Ltd.",79618,100,2943,235440,80,0.8,291.24,1280,23270.25,TRUE,4/26/13,4/26/13,,1/15/13
109-TZ-T30,FPQ-11427,SCMS-175460,ASN-18603,Tanzania,PMO - US,Direct Drop,EXW,Air,ARV,Adult,MYLAN LABORATORIES LTD (FORMERLY MATRIX LABORATORIES),"Atazanavir/Ritonavir 300/100mg, tablets, 30 Tabs",Atazanavir/Ritonavir,Generic,300/100mg,Tablet,Mylan (formerly Matrix) Nashik,79646,30,12830,288675,22.5,0.75,357.09,1710,8344.86,TRUE,4/23/13,4/23/13,,2/20/13
106-HT-T30,FPQ-13494,SCMS-225411,ASN-25473,Haiti,PMO - US,Direct Drop,EXW,Air,HRDT,HIV test,"Orgenics, Ltd","HIV 1/2, Determine Complete HIV Kit, 100 Tests","HIV 1/2, Determine Complete HIV Kit",Determine,N/A,Test kit,"Alere Medical Co., Ltd.",79648,100,4000,400000,100,1,411.2,1623,15230.88,TRUE,5/15/14,5/15/14,,2/19/14
108-VN-T30,FPQ-13976,SCMS-236070,ASN-28062,Vietnam,PMO - US,Direct Drop,EXW,Air,ARV,Adult,MICRO LABS LIMITED,"Lamivudine 150mg, tablets, 60 Tabs",Lamivudine,Generic,150mg,Tablet,"Micro labs, Verna, Goa, India",79679,60,8500,14620,1.72,0.03,15.03,,,FALSE,11/7/14,11/7/14,,4/30/14
109-TZ-T30,FPQ-12540,SCMS-198780,ASN-20861,Tanzania,PMO - US,Direct Drop,EXW,Air,ARV,Adult,Aurobindo Pharma Limited,"Lamivudine/Nevirapine/Zidovudine 150/200/300mg, tablets, 60 Tabs",Lamivudine/Nevirapine/Zidovudine,Generic,150/300/200mg,Tablet - FDC,"Aurobindo Unit III, India",79701,60,7255,58983.15,8.13,0.14,72.96,917,4676.61,TRUE,9/24/13,9/27/13,,7/16/13
202-GT-T30,FPQ-6964,SCMS-96140,ASN-9516,Guatemala,PMO - US,Direct Drop,FCA,Air,ARV,Adult,Hoffmann-La Roche ltd Basel,"Saquinavir 500mg [Invirase], tablets, 120 Tabs",Saquinavir,Invirase,500mg,Tablet,Roche Madrid,79710,120,188,44639.99,237.45,1.98,73.66,33,660.3,TRUE,3/3/11,3/3/11,,1/5/11
161-ZA-T30,FPQ-7175,SCMS-104070,ASN-12034,South Africa,PMO - US,Direct Drop,DDP,Ocean,ARV,Adult,CIPLA LIMITED,"Nevirapine 200mg, tablets, 60 Tabs",Nevirapine,Generic,200mg,Tablet,"Cipla, Goa, India",79747,60,50326,136886.72,2.72,0.05,225.86,,,TRUE,11/2/11,12/6/11,,3/28/11
108-VN-T30,FPQ-7469,SCMS-106480,ASN-11908,Vietnam,PMO - US,Direct Drop,FCA,Air,ARV,Adult,ABBVIE LOGISTICS (FORMERLY ABBOTT LOGISTICS BV),"Lopinavir/Ritonavir 200/50mg [Aluvia], tablets, 120 Tabs",Lopinavir/Ritonavir,Aluvia,200/50mg,Tablet,ABBVIE Ludwigshafen Germany,79757,120,4951,406972.2,82.2,0.68,671.5,1232,8108.91,TRUE,9/22/11,9/22/11,,4/21/11
101-CD-T30,FPQ-14654,SCMS-253260,ASN-28279,"Congo, DRC",PMO - US,Direct Drop,EXW,Air,HRDT,HIV test,"Trinity Biotech, Plc","HIV 1/2, Uni-Gold HIV Kit, 20 Tests","HIV 1/2, Uni-Gold HIV Kit",Uni-Gold,N/A,Test kit,"Trinity Biotech, Plc",79778,20,41,1312,32,1.6,1.35,,,FALSE,11/4/14,11/4/14,,8/27/14
116-ZA-T30,FPQ-13973,SCMS-238551,ASN-26882,South Africa,PMO - US,Direct Drop,DDP,Truck,ARV,Pediatric,PHARMACY DIRECT,"Efavirenz 200mg, capsule, 90 Caps",Efavirenz,Generic,200mg,Capsule,"Aurobindo Unit III, India",79785,90,20,471.74,23.59,0.26,0.48,,,FALSE,6/25/14,6/25/14,,6/25/14
116-ZA-T30,FPQ-14942,SCMS-259078,ASN-33470,South Africa,PMO - US,Direct Drop,DDP,Truck,ARV,Adult,PHARMACY DIRECT,"Zidovudine 300mg, tablets, 60 Tabs",Zidovudine,Generic,300mg,Tablet,"Aurobindo Unit III, India",79791,60,14,270.58,19.33,0.32,0.28,,,FALSE,7/24/15,7/24/15,,10/9/14
133-NG-T30,FPQ-14305,SCMS-240830,ASN-27472,Nigeria,PMO - US,Direct Drop,EXW,Air,HRDT,HIV test,"Orgenics, Ltd","HIV 1/2, Determine Complete HIV Kit, 100 Tests","HIV 1/2, Determine Complete HIV Kit",Determine,N/A,Test kit,"Alere Medical Co., Ltd.",79803,100,5903,525367,89,0.89,540.08,3473,35117.35,TRUE,8/19/14,8/29/14,,6/2/14
101-CD-T30,FPQ-14654,SCMS-253260,ASN-28279,"Congo, DRC",PMO - US,Direct Drop,EXW,Air,HRDT,HIV test,"Trinity Biotech, Plc","HIV 1/2, Uni-Gold HIV Kit, 20 Tests","HIV 1/2, Uni-Gold HIV Kit",Uni-Gold,N/A,Test kit,"Trinity Biotech, Plc",79810,20,34,1088,32,1.6,1.12,,,FALSE,11/4/14,11/4/14,,8/27/14
104-CI-T30,FPQ-12806,SCMS-206520,ASN-23388,Côte d'Ivoire,PMO - US,Direct Drop,FCA,Air,ARV,Pediatric,ABBVIE LOGISTICS (FORMERLY ABBOTT LOGISTICS BV),"Lopinavir/Ritonavir 100/25mg [Aluvia], tablets, 60 Tabs",Lopinavir/Ritonavir,Generic,100/25mg,Tablet,ABBVIE Ludwigshafen Germany,79837,60,4400,26136,5.94,0.1,32.33,505,5335.6,TRUE,1/10/14,1/10/14,,9/17/13
107-RW-T30,FPQ-8741,SCMS-129510,ASN-15328,Rwanda,PMO - US,Direct Drop,CIP,Air,ARV,Pediatric,CIPLA LIMITED,"Lamivudine 10mg/ml, oral solution, Bottle, 240 ml",Lamivudine,Generic,10mg/ml,Oral solution,"Cipla, Goa, India",79841,240,7420,14469,1.95,0.01,20.29,,,FALSE,6/28/12,6/28/12,,3/9/12
102-GY-T30,FPQ-8053,SCMS-115810,ASN-11777,Guyana,PMO - US,Direct Drop,EXW,Air,HRDT,HIV test,"Trinity Biotech, Plc","HIV 1/2, Uni-Gold HIV Kit, 20 Tests","HIV 1/2, Uni-Gold HIV Kit",Uni-Gold,N/A,Test kit,"Trinity Biotech, Plc",79861,20,4588,146816,32,1.6,242.25,1573,26710.2,TRUE,8/31/11,8/31/11,,8/1/11
133-NG-T30,FPQ-10349,SCMS-155301,ASN-17317,Nigeria,PMO - US,Direct Drop,EXW,Air,HRDT,HIV test,"Trinity Biotech, Plc","HIV 1/2, Uni-Gold HIV Kit, 20 Tests","HIV 1/2, Uni-Gold HIV Kit",Uni-Gold,N/A,Test kit,"Trinity Biotech, Plc",79871,20,6042,193344,32,1.6,271.07,1990,23396.04,TRUE,12/21/12,12/21/12,,8/10/12
104-CI-T30,FPQ-13602,SCMS-228050,ASN-26518,Côte d'Ivoire,PMO - US,Direct Drop,EXW,Air,HRDT,HIV test,"Orgenics, Ltd","HIV 1/2, Determine Complete HIV Kit, 100 Tests","HIV 1/2, Determine Complete HIV Kit",Determine,N/A,Test kit,"Alere Medical Co., Ltd.",79879,100,1500,120000,80,0.8,123.36,606,8158.8,TRUE,6/24/14,6/24/14,,2/26/14
113-ZW-T30,FPQ-13939,SCMS-240570,ASN-27582,Zimbabwe,PMO - US,Direct Drop,EXW,Air Charter,ARV,Adult,HETERO LABS LIMITED,"Lamivudine/Tenofovir Disoproxil Fumarate 300/300mg, tablets, 30 Tabs",Lamivudine/Tenofovir Disoproxil Fumarate,Generic,300/300mg,Tablet - FDC,Hetero Unit III Hyderabad IN,79885,30,27053,124984.86,4.62,0.15,128.48,4598,25467.64,TRUE,9/17/14,9/17/14,,5/27/14
108-VN-T30,FPQ-9001,SCMS-131700,ASN-14757,Vietnam,PMO - US,Direct Drop,EXW,Air,ARV,Adult,MYLAN LABORATORIES LTD (FORMERLY MATRIX LABORATORIES),"Tenofovir Disoproxil Fumarate 300mg, tablets, 30 Tabs",Tenofovir Disoproxil Fumarate,Generic,300mg,Tablet,Mylan (formerly Matrix) Nashik,79890,30,9679,47911.05,4.95,0.16,67.17,,,FALSE,5/15/12,5/15/12,,1/16/12
116-ZA-T30,FPQ-12522,SCMS-199283,ASN-27980,South Africa,PMO - US,Direct Drop,DDP,Truck,ARV,Adult,S. BUYS WHOLESALER,"Zidovudine 300mg, tablets, 60 Tabs",Zidovudine,Generic,300mg,Tablet,"Aurobindo Unit III, India",79910,60,10,278.26,27.83,0.46,0.34,,,FALSE,8/27/14,8/27/14,,8/27/14
111-MZ-T30,FPQ-15221,SCMS-270120,ASN-32420,Mozambique,PMO - US,Direct Drop,CIP,Air,ARV,Adult,MERCK SHARP & DOHME IDEA GMBH (FORMALLY MERCK SHARP & DOHME B.V.),"Raltegravir 400mg [Isentress], tablets, 60 Tabs",Raltegravir,Isentress,400mg,Tablet,"MSD, Haarlem, NL",79955,60,162,8991,55.5,0.92,10.58,,,FALSE,6/9/15,6/9/15,,12/19/14
106-HT-T30,FPQ-12590,SCMS-210420,ASN-23851,Haiti,PMO - US,Direct Drop,CIP,Air,ARV,Adult,MERCK SHARP & DOHME IDEA GMBH (FORMALLY MERCK SHARP & DOHME B.V.),"Raltegravir 400mg [Isentress], tablets, 60 Tabs",Raltegravir,Isentress,400mg,Tablet,"MSD, Haarlem, NL",80002,60,17,943.5,55.5,0.92,1.17,,,TRUE,2/12/14,2/12/14,,10/22/13
108-VN-T30,FPQ-15040,SCMS-263670,ASN-30942,Vietnam,PMO - US,Direct Drop,EXW,Air,ARV,Adult,HETERO LABS LIMITED,"Tenofovir Disoproxil Fumarate 300mg, tablets, 30 Tabs",Tenofovir Disoproxil Fumarate,Generic,300mg,Tablet,Hetero Unit III Hyderabad IN,80005,30,14000,49700,3.55,0.12,51.09,,,FALSE,4/14/15,4/14/15,,12/8/14
116-ZA-T30,FPQ-5535,SCMS-71491,ASN-7427,South Africa,PMO - US,Direct Drop,DDP,Truck,ARV,Pediatric,S. BUYS WHOLESALER,"Ritonavir 80mg/ml [Norvir], oral solution, cool, Bottle, 90 ml",Ritonavir,Norvir,80mg/ml,Oral solution,ABBVIE (Abbott) France,80019,90,2,28.33,14.16,0.16,0.06,,,TRUE,6/11/10,6/11/10,,4/21/10
108-VN-T30,FPQ-3896,SCMS-48270,ASN-5131,Vietnam,PMO - US,Direct Drop,EXW,Air,ARV,Adult,Aurobindo Pharma Limited,"Lamivudine 150mg, tablets, 60 Tabs",Lamivudine,Generic,150mg,Tablet,"Aurobindo Unit III, India",80040,60,27480,65952,2.4,0.04,129.27,,,FALSE,10/26/09,10/26/09,,6/26/09
108-VN-T30,FPQ-6818,SCMS-98053,ASN-11409,Vietnam,PMO - US,Direct Drop,EXW,Air,ARV,Adult,MYLAN LABORATORIES LTD (FORMERLY MATRIX LABORATORIES),"Lamivudine/Nevirapine/Zidovudine 150/200/300mg, tablets, 60 Tabs",Lamivudine/Nevirapine/Zidovudine,Generic,150/300/200mg,Tablet - FDC,Mylan (formerly Matrix) Nashik,80070,60,11594,127534,11,0.18,210.43,1615,9502.5,TRUE,7/27/11,7/27/11,,2/15/11
108-VN-T30,FPQ-11417,SCMS-174360,ASN-19383,Vietnam,PMO - US,Direct Drop,EXW,Air,ARV,Adult,MICRO LABS LIMITED,"Lamivudine 150mg, tablets, 60 Tabs",Lamivudine,Generic,150mg,Tablet,"Micro labs, Verna, Goa, India",80072,60,34900,63169,1.81,0.03,78.14,1588,11413.52,TRUE,5/28/13,5/28/13,,1/22/13
901-CM-T30,FPQ-12837,SCMS-204360,ASN-21529,Cameroon,PMO - US,Direct Drop,EXW,Air,ARV,Adult,CIPLA LIMITED,"Lamivudine/Zidovudine 150/300mg, tablets, 60 Tabs",Lamivudine/Zidovudine,Generic,150/300mg,Tablet - FDC,"Cipla, Goa, India",80086,60,7854,51757.86,6.59,0.11,64.02,803,7032.5,TRUE,9/26/13,9/26/13,,8/23/13
133-NG-T30,FPQ-10349,SCMS-155321,ASN-17165,Nigeria,PMO - US,Direct Drop,EXW,Air,HRDT,HIV test,"Orgenics, Ltd","HIV 1/2, Determine Complete HIV Kit, 100 Tests","HIV 1/2, Determine Complete HIV Kit",Determine,N/A,Test kit,"Alere Medical Co., Ltd.",80090,100,1139,101371,89,0.89,142.12,542,13117.86,TRUE,11/28/12,11/28/12,,8/13/12
114-UG-T30,FPQ-13116,SCMS-212410,ASN-23225,Uganda,PMO - US,Direct Drop,EXW,Air,ARV,Pediatric,CIPLA LIMITED,"Lamivudine/Nevirapine/Zidovudine 30/50/60mg, dispersible tablets, 60 Tabs",Lamivudine/Nevirapine/Zidovudine,Generic,30/50/60mg,Chewable/dispersible tablet - FDC,"Cipla, Goa, India",80105,60,6200,24800,4,0.07,25.49,597,2905.49,TRUE,1/17/14,1/17/14,,10/30/13
133-NG-T30,FPQ-12456,SCMS-196560,ASN-21223,Nigeria,PMO - US,Direct Drop,EXW,Air,HRDT,HIV test,"Orgenics, Ltd","HIV 1/2, Determine Complete HIV Kit, 100 Tests","HIV 1/2, Determine Complete HIV Kit",Determine,N/A,Test kit,"Alere Medical Co., Ltd.",80112,100,3064,272696,89,0.89,337.32,1245,13383.47,TRUE,9/18/13,9/19/13,,7/10/13
110-ZM-T30,FPQ-4692,SCMS-60730,ASN-6357,Zambia,PMO - US,Direct Drop,EXW,Air,HRDT,HIV test,"Trinity Biotech, Plc","HIV 1/2, Uni-Gold HIV Kit, 20 Tests","HIV 1/2, Uni-Gold HIV Kit",Uni-Gold,N/A,Test kit,"Trinity Biotech, Plc",80114,20,7200,230400,32,1.6,496.74,2521,22460.87,TRUE,3/29/10,3/29/10,,12/22/09
116-ZA-T30,FPQ-5535,SCMS-71370,ASN-7373,South Africa,PMO - US,Direct Drop,DDP,Truck,ARV,Adult,S. BUYS WHOLESALER,"Didanosine EC 400mg [Videx EC], delayed-release capsules, Blister 3 x 10 Caps",Didanosine EC,Videx EC,400mg,Delayed-release capsules - blister,"BMS Meymac, France",80138,30,140,4039.16,28.85,0.96,8.71,,,FALSE,5/31/10,5/31/10,,4/21/10
109-TZ-T30,FPQ-3782,SCMS-47760,ASN-4974,Tanzania,PMO - US,Direct Drop,CIP,Air,ARV,Adult,BRISTOL-MYERS SQUIBB,"Didanosine EC 400mg [Videx EC], delayed-release capsules, Blister 3 x 10 Caps",Didanosine EC,Videx EC,400mg,Delayed-release capsules - blister,"BMS Meymac, France",80141,30,6900,163323,23.67,0.79,320.11,,,FALSE,10/21/09,10/21/09,,6/29/09
111-MZ-T30,FPQ-10369,SCMS-157220,ASN-16480,Mozambique,PMO - US,Direct Drop,EXW,Air,HRDT,HIV test,"Trinity Biotech, Plc","HIV 1/2, Uni-Gold HIV Kit, 20 Tests","HIV 1/2, Uni-Gold HIV Kit",Uni-Gold,N/A,Test kit,"Trinity Biotech, Plc",80167,20,427,13664,32,1.6,19.16,149,3165.69,TRUE,10/9/12,10/9/12,,8/22/12
106-HT-T30,FPQ-9636,SCMS-148360,ASN-16560,Haiti,PMO - US,Direct Drop,EXW,Ocean,ARV,Adult,Aurobindo Pharma Limited,"Efavirenz 600mg, tablets, 30 Tabs",Efavirenz,Generic,600mg,Tablet,"Aurobindo Unit III, India",80175,30,35616,126436.8,3.55,0.12,177.26,,,FALSE,12/20/12,12/20/12,,7/3/12
116-ZA-T30,FPQ-14942,SCMS-259071,ASN-29597,South Africa,PMO - US,Direct Drop,DDP,Truck,ARV,Adult,PHARMACY DIRECT,"Didanosine 400mg, delayed-release capsules, 30 Caps",Didanosine,Generic,400mg,Delayed-release capsules,"Aurobindo Unit III, India",80216,30,7,99.53,14.22,0.47,0.1,,,FALSE,11/28/14,11/28/14,,11/28/14
161-ZA-T30,FPQ-5303,SCMS-68951,ASN-7408,South Africa,PMO - US,Direct Drop,DDP,Air,ARV,Pediatric,Aurobindo Pharma Limited,"Lamivudine 10mg/ml, oral solution w/syringe, Bottle, 240 ml",Lamivudine,Generic,10mg/ml,Oral solution,"Aurobindo Unit III, India",80217,240,11644,34932,3,0.01,75.31,4442,3283.59,TRUE,7/14/10,7/14/10,,3/19/10
108-VN-T30,FPQ-4719,SCMS-62250,ASN-6598,Vietnam,PMO - US,Direct Drop,EXW,Air,ARV,Adult,MYLAN LABORATORIES LTD (FORMERLY MATRIX LABORATORIES),"Tenofovir Disoproxil Fumarate 300mg, tablets, 30 Tabs",Tenofovir Disoproxil Fumarate,Generic,300mg,Tablet,Mylan (formerly Matrix) Nashik,80250,30,1344,10080,7.5,0.25,21.73,86,3573.32,TRUE,5/17/10,5/17/10,,1/7/10
111-MZ-T30,FPQ-11915,SCMS-185200,ASN-21425,Mozambique,PMO - US,Direct Drop,EXW,Air,ARV,Adult,STRIDES ARCOLAB LIMITED,"Lamivudine/Stavudine 150/30mg, tablets, 60 Tabs",Lamivudine/Stavudine,Generic,150/30mg,Tablet - FDC,"Strides, Bangalore, India.",80270,60,13168,38450.56,2.92,0.05,47.56,834,3574.24,TRUE,10/9/13,10/9/13,,4/11/13
116-ZA-T30,FPQ-4054,SCMS-51250,ASN-5056,South Africa,PMO - US,Direct Drop,DDP,Truck,ARV,Adult,S. BUYS WHOLESALER,"Emtricitabine/Tenofovir Disoproxil Fumarate 200/300mg [Truvada], tablets, 30 Tabs",Emtricitabine/Tenofovir Disoproxil Fumarate,Truvada,300/200mg,Tablet - FDC,"Aspen-OSD, Port Elizabeth, SA",80275,30,200,9049.25,45.25,1.51,17.74,,,FALSE,8/24/09,8/24/09,,8/7/09
153-NA-T30,FPQ-8795,SCMS-131110,ASN-14106,Namibia,PMO - US,Direct Drop,EXW,Air,HRDT,HIV test,"Orgenics, Ltd","HIV 1/2, Determine HIV Kit, without Lancets, 100 Tests","HIV 1/2, Determine HIV Kit, without Lancets",Determine,N/A,Test kit,Inverness Japan,80299,100,150,11655,77.7,0.78,16.34,35,840.46,TRUE,3/22/12,3/22/12,,1/12/12
101-CD-T30,FPQ-9884,SCMS-149100,ASN-15470,"Congo, DRC",PMO - US,Direct Drop,EXW,Air,ANTM,Malaria,AMSTELFARMA B.V.,"Sulfadoxine/Pyrimethamine 500/25mg, tablets, 1000 Tabs",Sulfadoxine/Pyrimethamine,Generic,500/25mg,Tablet - FDC,"Micro Labs, Hosur, India",80329,1000,602,15230.6,25.3,0.03,21.35,488,7393.13,TRUE,12/7/12,12/7/12,,6/14/12
105-SS-T30,FPQ-11539,SCMS-176931,ASN-20331,South Sudan,PMO - US,Direct Drop,EXW,Air,HRDT,HIV test - Ancillary,"Orgenics, Ltd","Capillary Tubes, for Determine, EDTA, 50uL,100 Pcs","HIV, Capillary Tubes, for Determine, EDTA, 50uL,100 Pcs",Determine,N/A,Test kit - Ancillary,"Alere Medical Co., Ltd.",80343,100,115,920,8,0.08,1.14,,,FALSE,9/20/13,9/20/13,,2/26/13
114-UG-T30,FPQ-13116,SCMS-220810,ASN-24339,Uganda,PMO - US,Direct Drop,EXW,Air,ARV,Pediatric,Aurobindo Pharma Limited,"Nevirapine 50mg, dispersible tablets (tablets for oral suspension), 30 Tabs",Nevirapine,Generic,50mg,Chewable/dispersible tablet,"Aurobindo Unit III, India",80363,30,1200,1500,1.25,0.04,1.54,64,896.35,TRUE,2/27/14,2/27/14,,12/27/13
101-CD-T30,FPQ-10044,SCMS-149130,ASN-15970,"Congo, DRC",PMO - US,Direct Drop,EXW,Air,HRDT,HIV test,"Trinity Biotech, Plc","HIV 1/2, Uni-Gold HIV Kit, 20 Tests","HIV 1/2, Uni-Gold HIV Kit",Uni-Gold,N/A,Test kit,"Trinity Biotech, Plc",80394,20,292,9344,32,1.6,13.1,99,2162.55,TRUE,3/1/13,3/1/13,,6/27/12
113-ZW-T30,FPQ-13939,SCMS-240580,ASN-27030,Zimbabwe,PMO - US,Direct Drop,EXW,Air Charter,ARV,Adult,Aurobindo Pharma Limited,"Lamivudine/Tenofovir Disoproxil Fumarate 300/300mg, tablets, 30 Tabs",Lamivudine/Tenofovir Disoproxil Fumarate,Generic,300/300mg,Tablet - FDC,"Aurobindo Unit VII, IN",80399,30,28899,134380.34,4.65,0.16,138.14,2846,19557.01,TRUE,7/23/14,7/23/14,,5/26/14
114-UG-T30,FPQ-6504,SCMS-91720,ASN-9221,Uganda,PMO - US,Direct Drop,EXW,Air,ARV,Adult,ASPEN PHARMACARE,"Darunavir 300mg [Prezista], tablets, 120 Tabs",Darunavir,Prezista,300mg,Tablet,"Aspen-OSD, Port Elizabeth, SA",80423,120,175,15750,90,0.75,25.99,37,1333.01,TRUE,12/31/10,12/31/10,,11/18/10
108-VN-T30,FPQ-11418,SCMS-176160,ASN-19186,Vietnam,PMO - US,Direct Drop,FCA,Air,ARV,Adult,ABBVIE LOGISTICS (FORMERLY ABBOTT LOGISTICS BV),"Lopinavir/Ritonavir 200/50mg [Aluvia], tablets, 120 Tabs",Lopinavir/Ritonavir,Aluvia,200/50mg,Tablet,ABBVIE Ludwigshafen Germany,80470,120,1114,67753.48,60.82,0.51,83.81,266,6568.7,TRUE,5/17/13,5/17/13,,2/11/13
116-ZA-T30,FPQ-13035,SCMS-215400,ASN-24362,South Africa,PMO - US,Direct Drop,DDP,Truck,ARV,Pediatric,S. BUYS WHOLESALER,"Lopinavir/Ritonavir 80/20mg/ml [Kaletra], oral solution, cool, Bottle 5 x 60 ml",Lopinavir/Ritonavir,Kaletra,80/20mg/ml,Oral solution,ABBVIE (Abbott) Logis. UK,80473,300,8,185,23.12,0.08,0.23,,,TRUE,2/5/14,2/5/14,,12/2/13
107-RW-T30,FPQ-13853,SCMS-235970,ASN-26932,Rwanda,PMO - US,Direct Drop,FCA,Air,ARV,Pediatric,LAWRENCE LABORATORIES (SUBSIDIARY OF BRISTOL MYERS SQUIBB),"Atazanavir 150mg [Reyataz], capsules, 60 Caps",Atazanavir,Reyataz,150mg,Capsule,"BMS Evansville, US",80526,60,208,7040.8,33.85,0.56,7.24,16,957.88,TRUE,7/16/14,7/16/14,,4/29/14
116-ZA-T30,FPQ-3596,SCMS-50361,ASN-5449,South Africa,PMO - US,Direct Drop,DDP,Truck,ARV,Adult,S. BUYS WHOLESALER,"Lamivudine 150mg, tablets, 60 Tabs",Lamivudine,Generic,150mg,Tablet,"Aurobindo Unit III, India",80528,60,808,8268.79,10.23,0.17,16.21,,,TRUE,10/8/09,10/8/09,,9/22/09
114-UG-T30,FPQ-10558,SCMS-160440,ASN-16895,Uganda,PMO - US,Direct Drop,EXW,Air,ARV,Adult,MYLAN LABORATORIES LTD (FORMERLY MATRIX LABORATORIES),"Atazanavir/Ritonavir 300/100mg, tablets, 30 Tabs",Atazanavir/Ritonavir,Generic,300/100mg,Tablet,Mylan (formerly Matrix) Nashik,80559,30,170,3825,22.5,0.75,5.36,22,1051.5,TRUE,11/9/12,11/9/12,,9/26/12
104-CI-T30,FPQ-6897,SCMS-100980,ASN-10406,Côte d'Ivoire,PMO - US,Direct Drop,FCA,Air,ARV,Adult,ABBVIE LOGISTICS (FORMERLY ABBOTT LOGISTICS BV),"Lopinavir/Ritonavir 200/50mg [Aluvia], tablets, 120 Tabs",Lopinavir/Ritonavir,Aluvia,200/50mg,Tablet,ABBVIE Ludwigshafen Germany,80616,120,9517,320722.9,33.7,0.28,529.19,2368,17068.85,TRUE,6/30/11,6/30/11,,3/24/11
106-HT-T30,FPQ-14895,SCMS-261020,ASN-30367,Haiti,PMO - US,Direct Drop,EXW,Air,ARV,Adult,HETERO LABS LIMITED,"Efavirenz 600mg, tablets, 30 Tabs",Efavirenz,Generic,600mg,Tablet,"Hetero, Jadcherla, unit 5, IN",80639,30,56352,197232,3.5,0.12,202.75,4792,30046.84,TRUE,2/26/15,2/26/15,,11/14/14
900-SZ-T30,FPQ-8386,SCMS-122650,ASN-12532,Swaziland,PMO - US,Direct Drop,EXW,Air,ARV,Adult,MYLAN LABORATORIES LTD (FORMERLY MATRIX LABORATORIES),"Efavirenz/Lamivudine/Tenofovir Disoproxil Fumarate 600/300/300mg, tablets, 30 Tabs",Efavirenz/Lamivudine/Tenofovir Disoproxil Fumarate,Generic,600/300/300mg,Tablet - FDC,Mylan (formerly Matrix) Nashik,80665,30,41700,587970,14.1,0.47,970.15,4900,29478.42,TRUE,11/16/11,11/16/11,,9/22/11
109-TZ-T30,FPQ-12050,SCMS-186890,ASN-19772,Tanzania,PMO - US,Direct Drop,FCA,Air,ARV,Pediatric,ABBVIE LOGISTICS (FORMERLY ABBOTT LOGISTICS BV),"Lopinavir/Ritonavir 100/25mg [Aluvia], tablets, 60 Tabs",Lopinavir/Ritonavir,Generic,100/25mg,Tablet,ABBVIE Ludwigshafen Germany,80668,60,765,4544.1,5.94,0.1,5.62,84,1396.04,TRUE,7/18/13,7/18/13,,5/8/13
104-CI-T30,FPQ-13155,SCMS-217000,ASN-23738,Côte d'Ivoire,PMO - US,Direct Drop,EXW,Air,ARV,Pediatric,Aurobindo Pharma Limited,"Zidovudine 100mg, capsules, 100 Caps",Zidovudine,Generic,100mg,Capsule,"Aurobindo Unit III, India",80688,100,650,2925,4.5,0.04,3.01,72,1766.56,TRUE,1/17/14,1/17/14,,12/3/13
133-NG-T30,FPQ-10765,SCMS-162440,ASN-18602,Nigeria,PMO - US,Direct Drop,EXW,Air,HRDT,HIV test,"Orgenics, Ltd","HIV 1/2, Determine Complete HIV Kit, 100 Tests","HIV 1/2, Determine Complete HIV Kit",Determine,N/A,Test kit,"Alere Medical Co., Ltd.",80699,100,2933,261037,89,0.89,365.97,1271,26859.39,TRUE,1/9/13,3/20/13,,10/16/12
101-CD-T30,FPQ-16001,SCMS-280220,ASN-32231,"Congo, DRC",PMO - US,Direct Drop,EXW,Air,HRDT,HIV test,"Orgenics, Ltd","HIV 1/2, Determine Complete HIV Kit, 100 Tests","HIV 1/2, Determine Complete HIV Kit",Determine,N/A,Test kit,"Alere Medical Co., Ltd.",80704,100,368,29440,80,0.8,34.65,,,FALSE,7/23/15,7/23/15,,3/17/15
114-UG-T30,FPQ-11371,SCMS-173110,ASN-18722,Uganda,PMO - US,Direct Drop,EXW,Air,HRDT,HIV test - Ancillary,"Orgenics, Ltd","HIV, Lancet, Safety, for HIV Test kits, 100 Pcs","HIV, Lancet, Safety, for HIV Test kits, 100 Pcs",Generic,N/A,Test kit - Ancillary,INVERNESS ANY,80710,100,1000,5000,5,0.05,6.18,,,FALSE,4/29/13,4/29/13,,1/11/13
113-ZW-T30,FPQ-13939,SCMS-234760,ASN-25888,Zimbabwe,PMO - US,Direct Drop,EXW,Air Charter,ARV,Adult,STRIDES ARCOLAB LIMITED,"Nevirapine 200mg, tablets, 60 Tabs",Nevirapine,Generic,200mg,Tablet,"Strides, Bangalore, India.",80730,60,7000,15400,2.2,0.04,15.83,437,11814.57,TRUE,6/14/14,6/14/14,,4/11/14
161-ZA-T30,FPQ-6262,SCMS-84200,ASN-9692,South Africa,PMO - US,Direct Drop,DDP,Ocean,ARV,Adult,CIPLA LIMITED,"Tenofovir Disoproxil Fumarate 300mg, tablets, 30 Tabs",Tenofovir Disoproxil Fumarate,Generic,300mg,Tablet,"Cipla, Goa, India",80767,30,12722,89435.66,7.03,0.23,192.82,875,6038.22,TRUE,2/23/11,3/11/11,,9/21/10
110-ZM-T30,FPQ-12634,SCMS-201920,ASN-21906,Zambia,PMO - US,Direct Drop,EXW,Air,HRDT,HIV test,"Orgenics, Ltd","HIV 1/2, Determine Complete HIV Kit, 100 Tests","HIV 1/2, Determine Complete HIV Kit",Determine,N/A,Test kit,"Alere Medical Co., Ltd.",80804,100,4000,320000,80,0.8,395.84,1623,20644.03,TRUE,11/6/13,11/6/13,,8/6/13
106-HT-T30,FPQ-14895,SCMS-261011,ASN-32760,Haiti,PMO - US,Direct Drop,EXW,Air,ARV,Adult,EMCURE PHARMACEUTICALS LTD,"Atazanavir/Ritonavir 300/100mg, tablets, 30 Tabs",Atazanavir/Ritonavir,Generic,300/100mg,Tablet,"Emcure Plot No.P-2, I.T-B.T. Park, Phase II, MIDC, Hinjwadi, Pune, India",80819,30,4846,87228,18,0.6,89.67,,,TRUE,7/23/15,7/23/15,,11/14/14
116-ZA-T30,FPQ-12522,SCMS-199283,ASN-27978,South Africa,PMO - US,Direct Drop,DDP,Truck,ARV,Adult,S. BUYS WHOLESALER,"Nevirapine 200mg, tablets, 60 Tabs",Nevirapine,Generic,200mg,Tablet,"Aurobindo Unit III, India",80842,60,57,1123.94,19.72,0.33,1.39,,,FALSE,8/27/14,8/27/14,,8/27/14
104-CI-T30,FPQ-4381,SCMS-57610,ASN-5992,Côte d'Ivoire,PMO - US,Direct Drop,FCA,Air,ARV,Adult,ABBVIE LOGISTICS (FORMERLY ABBOTT LOGISTICS BV),"Lopinavir/Ritonavir 200/50mg [Aluvia], tablets, 120 Tabs",Lopinavir/Ritonavir,Aluvia,200/50mg,Tablet,ABBVIE Ludwigshafen Germany,80860,120,6000,216960,36.16,0.3,425.24,1523,10051.89,TRUE,2/8/10,2/8/10,,11/23/09
110-ZM-T30,FPQ-14130,SCMS-239730,ASN-30242,Zambia,PMO - US,Direct Drop,EXW,Air,HRDT,HIV test,"Orgenics, Ltd","HIV 1/2, Determine Complete HIV Kit, 100 Tests","HIV 1/2, Determine Complete HIV Kit",Determine,N/A,Test kit,"Alere Medical Co., Ltd.",80864,100,6137,490960,80,0.8,504.71,2492,32728.96,TRUE,5/5/15,5/5/15,,5/19/14
104-CI-T30,FPQ-12622,SCMS-201212,ASN-25596,Côte d'Ivoire,PMO - US,Direct Drop,EXW,Air,HRDT,HIV test,"Standard Diagnostics, Inc.","HIV 1/2, Bioline 3.0 Kit, Lancets, Capillary pipets, Alcohol swabs included, 25 Tests","HIV 1/2, Bioline 3.0 Kit, Lancets, Capillary pipets, Alcohol swabs included",Bioline,N/A,Test kit,"Standard Diagnostics, Korea",80872,25,1400,28700,20.5,0.82,35.5,469,5463.16,TRUE,4/30/14,4/30/14,,8/15/13
116-ZA-T30,FPQ-4054,SCMS-51250,ASN-5056,South Africa,PMO - US,Direct Drop,DDP,Truck,ARV,Pediatric,S. BUYS WHOLESALER,"Efavirenz 50mg, capsule, 30 Caps",Efavirenz,Generic,50mg,Capsule,"Aurobindo Unit III, India",80892,30,300,1213.12,4.04,0.13,2.38,,,FALSE,8/24/09,8/24/09,,8/7/09
116-ZA-T30,FPQ-3560,SCMS-49642,ASN-5244,South Africa,PMO - US,Direct Drop,DDP,Truck,ARV,Adult,S. BUYS WHOLESALER,"Didanosine EC 400mg [Videx EC], delayed-release capsules, Blister 3 x 10 Caps",Didanosine EC,Videx EC,400mg,Delayed-release capsules - blister,"BMS Meymac, France",80918,30,190,1581.34,8.32,0.28,3.1,,,FALSE,11/19/09,11/19/09,,7/21/09
116-ZA-T30,FPQ-12522,SCMS-199289,ASN-28034,South Africa,PMO - US,Direct Drop,DDP,Truck,ARV,Adult,S. BUYS WHOLESALER,"Lamivudine/Nevirapine/Stavudine 150/200/30mg, tablets, 60 Tabs",Lamivudine/Nevirapine/Stavudine,Generic,150/200/30mg,Tablet - FDC,"Cipla, Goa, India",80924,60,13,393.18,30.24,0.5,0.49,,,FALSE,8/29/14,8/29/14,,8/29/14
116-ZA-T30,FPQ-14942,SCMS-259079,ASN-33851,South Africa,PMO - US,Direct Drop,DDP,Truck,ARV,Pediatric,PHARMACY DIRECT,"Abacavir 20mg/ml, oral solution, Bottle, 240 ml",Abacavir,Generic,20mg/ml,Oral solution,"Aurobindo Unit III, India",80925,240,21,398.98,19,0.08,0.41,,,FALSE,8/24/15,8/24/15,,10/9/14
101-ZA-T30,FPQ-12932,SCMS-206100,ASN-24547,South Africa,PMO - US,Direct Drop,DDP,Truck,ARV,Adult,PHARMACY DIRECT,"Tenofovir Disoproxil Fumarate 300mg [Viread], tablets, 30 Tabs",Tenofovir Disoproxil Fumarate,Viread,300mg,Tablet,"Aspen-OSD, Port Elizabeth, SA",81011,30,2500,47371.85,18.95,0.63,58.6,,,FALSE,2/17/14,2/17/14,,9/19/13
103-ZW-T30,FPQ-9905,SCMS-149120,ASN-19611,Zimbabwe,PMO - US,Direct Drop,FCA,Air,ARV,Pediatric,ABBVIE LOGISTICS (FORMERLY ABBOTT LOGISTICS BV),"Lopinavir/Ritonavir 80/20mg/ml [Kaletra], oral solution, cool, Bottle 5 x 60 ml",Lopinavir/Ritonavir,Kaletra,80/20mg/ml,Oral solution,ABBVIE (Abbott) Logis. UK,81018,300,2346,72303.72,30.82,0.1,101.37,2172,31073.95,TRUE,6/19/13,6/19/13,,7/18/12
151-NG-T30,FPQ-5035,SCMS-67010,ASN-6723,Nigeria,PMO - US,Direct Drop,FCA,Air,ARV,Adult,ABBVIE LOGISTICS (FORMERLY ABBOTT LOGISTICS BV),"Ritonavir 100mg [Norvir], capsules, cool, 4 x 84 Caps",Ritonavir,Norvir,100mg,Capsule,ABBVIE (Abbott) Logis. UK,81020,336,50,1918,38.36,0.11,4.14,154,1176.03,TRUE,5/17/10,5/17/10,,3/9/10
107-RW-T30,FPQ-14813,SCMS-260920,ASN-31240,Rwanda,PMO - US,Direct Drop,FCA,Air,ARV,Pediatric,ABBVIE LOGISTICS (FORMERLY ABBOTT LOGISTICS BV),"Lopinavir/Ritonavir 80/20mg/ml [Kaletra], oral solution, cool, Bottle 5 x 60 ml",Lopinavir/Ritonavir,Kaletra,80/20mg/ml,Oral solution,ABBVIE (Abbott) Logis. UK,81031,300,86,2650.52,30.82,0.1,2.72,100,1952.77,TRUE,3/26/15,3/26/15,,12/15/14
114-UG-T30,FPQ-12477,SCMS-198701,ASN-21881,Uganda,PMO - US,Direct Drop,EXW,Ocean,ARV,Adult,STRIDES ARCOLAB LIMITED,"Efavirenz 600mg, tablets, 30 Tabs",Efavirenz,Generic,600mg,Tablet,"Strides, Bangalore, India.",81050,30,63652,203049.88,3.19,0.11,251.17,3963,12961.76,TRUE,11/7/13,11/7/13,,9/10/13
116-ZA-T30,FPQ-13973,SCMS-238554,ASN-28626,South Africa,PMO - US,Direct Drop,DDP,Truck,ARV,Adult,PHARMACY DIRECT,"Saquinavir 200mg [Invirase], capsules, 270 Caps",Saquinavir,Invirase,200mg,Capsule,Roche Basel,81061,270,30,2304.67,76.82,0.28,2.37,,,FALSE,10/3/14,10/3/14,,10/3/14
108-VN-T30,FPQ-15087,SCMS-261440,ASN-30320,Vietnam,PMO - US,Direct Drop,EXW,Air,ARV,Adult,HETERO LABS LIMITED,"Nevirapine 200mg, tablets, 60 Tabs",Nevirapine,Generic,200mg,Tablet,Hetero Unit III Hyderabad IN,81077,60,4300,9288,2.16,0.04,10.93,,,FALSE,3/10/15,3/10/15,,10/30/14
104-CI-T30,FPQ-3882,SCMS-51810,ASN-4979,Côte d'Ivoire,PMO - US,Direct Drop,FCA,Air,ARV,Adult,ABBVIE LOGISTICS (FORMERLY ABBOTT LOGISTICS BV),"Lopinavir/Ritonavir 200/50mg [Aluvia], tablets, 120 Tabs",Lopinavir/Ritonavir,Aluvia,200/50mg,Tablet,ABBVIE Ludwigshafen Germany,81083,120,7600,274816,36.16,0.3,538.64,,,FALSE,10/8/09,10/8/09,,8/24/09
104-CI-T30,FPQ-14372,SCMS-250210,ASN-29261,Côte d'Ivoire,PMO - US,Direct Drop,EXW,Air,ARV,Adult,MYLAN LABORATORIES LTD (FORMERLY MATRIX LABORATORIES),"Atazanavir/Ritonavir 300/100mg, tablets, 30 Tabs",Atazanavir/Ritonavir,Generic,300/100mg,Tablet,Mylan (formerly Matrix) Nashik,81121,30,1000,20000,20,0.67,20.56,140,2782.77,TRUE,12/1/14,12/1/14,,7/31/14
104-CI-T30,FPQ-11263,SCMS-174540,ASN-18253,Côte d'Ivoire,PMO - US,Direct Drop,FCA,Air,ARV,Pediatric,ABBVIE LOGISTICS (FORMERLY ABBOTT LOGISTICS BV),"Lopinavir/Ritonavir 80/20mg/ml [Kaletra], oral solution, cool, Bottle 5 x 60 ml",Lopinavir/Ritonavir,Kaletra,80/20mg/ml,Oral solution,ABBVIE (Abbott) Logis. UK,81132,300,320,9862.4,30.82,0.1,12.2,326,3852.86,TRUE,2/27/13,2/27/13,,1/24/13
144-BW-T30,FPQ-4167,SCMS-54160,ASN-5246,Botswana,PMO - US,Direct Drop,EXW,Air,HRDT,HIV test - Ancillary,Orasure Technologies Inc.,"#109435**HIV, OraQuick Controls Kit, 3 Vials","HIV, OraQuick Controls Kit, 3 Vials",OraQuick,N/A,Test kit - Ancillary,"Orasure Technologies, Inc USA",81197,3,10,250,25,8.33,0.49,6,337.89,TRUE,11/23/09,11/23/09,,9/30/09
116-ZA-T30,FPQ-5630,SCMS-72760,ASN-7111,South Africa,PMO - US,Direct Drop,DDP,Truck,ARV,Adult,S. BUYS WHOLESALER,"Abacavir 300mg [Ziagen], tablets, Blister 6 x 10 Tabs",Abacavir,Ziagen,300mg,Tablet - blister,GSK Ware (UK),81200,60,200,7781.51,38.91,0.65,16.78,,,FALSE,5/12/10,5/12/10,,5/5/10
102-KE-T30,FPQ-9126,SCMS-134000,ASN-13847,Kenya,PMO - US,Direct Drop,DAP,Air,HRDT,HIV test,MEDMIRA EAST AFRICA LTD.,"HIV, Reveal G3 Rapid HIV-1 Antibody Test, 30 Tests","HIV, Reveal G3 Rapid HIV-1 Antibody Test",Reveal,N/A,Test kit,MedMira Inc.,81252,30,50,2550,51,1.7,3.58,,,TRUE,2/6/12,2/6/12,,1/18/12
116-ZA-T30,FPQ-14942,SCMS-259077,ASN-33477,South Africa,PMO - US,Direct Drop,DDP,Truck,ARV,Pediatric,PHARMACY DIRECT,"Abacavir 20mg/ml, oral solution, Bottle, 240 ml",Abacavir,Generic,20mg/ml,Oral solution,"Aurobindo Unit III, India",81253,240,8,141.69,17.71,0.07,0.15,,,FALSE,7/24/15,7/24/15,,10/9/14
106-HT-T30,FPQ-15038,SCMS-262910,ASN-30183,Haiti,PMO - US,Direct Drop,EXW,Ocean,ARV,Pediatric,Aurobindo Pharma Limited,"Abacavir 20mg/ml, oral solution, Bottle, 240 ml",Abacavir,Generic,20mg/ml,Oral solution,"Aurobindo Unit III, India",81254,240,300,2049,6.83,0.03,2.11,,,FALSE,3/13/15,3/13/15,,12/24/14
102-KE-T30,FPQ-4250,SCMS-55900,ASN-5689,Kenya,PMO - US,Direct Drop,EXW,Air,HRDT,HIV test,"Standard Diagnostics, Inc.","HIV 1/2, Bioline 3.0 Kit, Lancets, Capillary pipets, Alcohol swabs included, 25 Tests","HIV 1/2, Bioline 3.0 Kit, Lancets, Capillary pipets, Alcohol swabs included",Bioline,N/A,Test kit,"Standard Diagnostics, Korea",81293,25,8525,170500,20,0.8,334.18,2842,21825.6,TRUE,1/7/10,1/7/10,,10/23/09
116-ZA-T30,FPQ-3560,SCMS-49670,ASN-5049,South Africa,PMO - US,Direct Drop,DDP,Truck,ARV,Pediatric,S. BUYS WHOLESALER,"Lopinavir/Ritonavir 80/20mg/ml [Kaletra], oral solution, cool, Bottle 5 x 60 ml",Lopinavir/Ritonavir,Kaletra,80/20mg/ml,Oral solution,ABBVIE (Abbott) Logis. UK,81352,300,540,23535.6,43.58,0.15,46.13,,,TRUE,8/12/09,8/12/09,,7/21/09
103-ZW-T30,FPQ-9905,SCMS-148290,ASN-16418,Zimbabwe,PMO - US,Direct Drop,FCA,Air,ARV,Pediatric,ABBVIE LOGISTICS (FORMERLY ABBOTT LOGISTICS BV),"Lopinavir/Ritonavir 80/20mg/ml [Kaletra], oral solution, cool, Bottle 5 x 60 ml",Lopinavir/Ritonavir,Kaletra,80/20mg/ml,Oral solution,ABBVIE (Abbott) Logis. UK,81358,300,1500,46230,30.82,0.1,64.81,1374,15504.4,TRUE,11/8/12,11/8/12,,7/18/12
116-ZA-T30,FPQ-3560,SCMS-49670,ASN-5050,South Africa,PMO - US,Direct Drop,DDP,Truck,ARV,Pediatric,S. BUYS WHOLESALER,"Lopinavir/Ritonavir 80/20mg/ml [Kaletra], oral solution, cool, Bottle 5 x 60 ml",Lopinavir/Ritonavir,Kaletra,80/20mg/ml,Oral solution,ABBVIE (Abbott) Logis. UK,81361,300,710,30944.95,43.58,0.15,60.65,,,TRUE,8/12/09,8/14/09,,7/21/09
161-ZA-T30,FPQ-5303,SCMS-68910,ASN-7470,South Africa,PMO - US,Direct Drop,DDP,Air,ARV,Adult,Aurobindo Pharma Limited,"Efavirenz 600mg, tablets, 30 Tabs",Efavirenz,Generic,600mg,Tablet,"Aurobindo Unit III, India",81380,30,53234,248602.78,4.67,0.16,535.99,4507,5886.96,TRUE,8/24/10,8/24/10,,3/19/10
107-RW-T30,FPQ-14813,SCMS-261783,ASN-33614,Rwanda,PMO - US,Direct Drop,EXW,Air,ARV,Adult,EMCURE PHARMACEUTICALS LTD,"Atazanavir/Ritonavir 300/100mg, tablets, 30 Tabs",Atazanavir/Ritonavir,Generic,300/100mg,Tablet,"Emcure Plot No.P-2, I.T-B.T. Park, Phase II, MIDC, Hinjwadi, Pune, India",81396,30,24666,443988,18,0.6,456.42,,,FALSE,8/27/15,8/27/15,,12/15/14
105-GH-T30,FPQ-13809,SCMS-234030,ASN-26372,Ghana,PMO - US,Direct Drop,EXW,Air,ARV,Pediatric,Aurobindo Pharma Limited,"Efavirenz 50mg, capsule, 30 Caps",Efavirenz,Generic,50mg,Capsule,"Aurobindo Unit III, India",81405,30,14802,23091.12,1.56,0.05,23.74,951,7326.62,TRUE,6/12/14,6/12/14,,5/9/14
161-ZA-T30,FPQ-6262,SCMS-84210,ASN-9173,South Africa,PMO - US,Direct Drop,DDP,Ocean,ARV,Adult,CIPLA LIMITED,"Tenofovir Disoproxil Fumarate 300mg, tablets, 30 Tabs",Tenofovir Disoproxil Fumarate,Generic,300mg,Tablet,"Cipla, Goa, India",81421,30,58423,410713.7,7.03,0.23,885.5,4007,6639.33,TRUE,2/9/11,2/9/11,,9/21/10
108-VN-T30,FPQ-10811,SCMS-164680,ASN-18664,Vietnam,PMO - US,Direct Drop,EXW,Air,ARV,Adult,HETERO LABS LIMITED,"Abacavir 300mg, tablets, 60 Tabs",Abacavir,Generic,300mg,Tablet,Hetero Unit III Hyderabad IN,81450,60,293,3779.7,12.9,0.22,4.68,,,FALSE,4/2/13,4/2/13,,11/7/12
202-GT-T30,FPQ-6944,SCMS-98041,ASN-14350,Guatemala,PMO - US,Direct Drop,DDU,Air,ARV,Pediatric,IDIS LIMITED,"Didanosine 25mg [Videx], chewable tablets, 60 Tabs",Didanosine,Videx,25mg,Chewable/dispersible tablet,Bristol-Myers Squibb Anagni IT,81454,60,228,10401.36,45.62,0.76,17.16,,,FALSE,5/21/12,5/21/12,,1/25/11
106-HT-T30,FPQ-15102,SCMS-260790,ASN-31235,Haiti,PMO - US,Direct Drop,EXW,Air,HRDT,HIV test,"SHANGHAI KEHUA BIOENGINEERING CO.,LTD.  (KHB)","HIV 1/2, SKB Colloidal Gold, Diagnostic Kit, Antibody, 50 Tests","HIV 1/2, Colloidal Gold, Diagnostic Kit, Antibody",Colloidal Gold,N/A,Test kit,"KHB Test Kit Facility, Shanghai China",81456,1,1600,39200,24.5,24.5,46.14,1130,10893.85,TRUE,4/21/15,4/21/15,,11/5/14
161-ZA-T30,FPQ-5648,SCMS-76020,ASN-8901,South Africa,PMO - US,Direct Drop,DDP,Ocean,ARV,Adult,Aurobindo Pharma Limited,"Lamivudine 150mg, tablets, 60 Tabs",Lamivudine,Generic,150mg,Tablet,"Aurobindo Unit III, India",81477,60,75000,181500,2.42,0.04,391.31,2915,6012.42,TRUE,12/3/10,12/3/10,,6/17/10
108-VN-T30,FPQ-10286,SCMS-156150,ASN-16914,Vietnam,PMO - US,Direct Drop,EXW,Air,ARV,Adult,CIPLA LIMITED,"Zidovudine 300mg, tablets, 60 Tabs",Zidovudine,Generic,300mg,Tablet,"Cipla, Goa, India",81483,60,525,3465,6.6,0.11,4.86,34,807.47,TRUE,11/12/12,11/12/12,,8/15/12
106-HT-T30,FPQ-6194,SCMS-85980,ASN-8600,Haiti,PMO - US,Direct Drop,EXW,Air,HRDT,HIV test,"SHANGHAI KEHUA BIOENGINEERING CO.,LTD.  (KHB)","HIV 1/2, SKB Colloidal Gold, Diagnostic Kit, Antibody, 50 Tests","HIV 1/2, Colloidal Gold, Diagnostic Kit, Antibody",Colloidal Gold,N/A,Test kit,"KHB Test Kit Facility, Shanghai China",81495,1,40,920,23,23,1.98,30,835.01,TRUE,11/12/10,11/12/10,,9/24/10
108-VN-T30,FPQ-12539,SCMS-199750,ASN-22800,Vietnam,PMO - US,Direct Drop,EXW,Air,ARV,Adult,CIPLA LIMITED,"Lamivudine/Nevirapine/Zidovudine 150/200/300mg, tablets, 60 Tabs",Lamivudine/Nevirapine/Zidovudine,Generic,150/300/200mg,Tablet - FDC,"Cipla, Goa, India",81496,60,6238,50527.8,8.1,0.13,62.5,866,1464.24,TRUE,12/13/13,12/13/13,,7/25/13
105-SS-T30,FPQ-14470,SCMS-245250,ASN-27328,South Sudan,PMO - US,Direct Drop,EXW,Air,HRDT,HIV test,"Orgenics, Ltd","HIV 1/2, Determine Complete HIV Kit, 100 Tests","HIV 1/2, Determine Complete HIV Kit",Determine,N/A,Test kit,"Alere Medical Co., Ltd.",81509,100,350,31150,89,0.89,32.02,,,FALSE,10/3/14,10/3/14,,6/30/14
161-ZA-T30,FPQ-6262,SCMS-84210,ASN-9694,South Africa,PMO - US,Direct Drop,DDP,Ocean,ARV,Adult,CIPLA LIMITED,"Tenofovir Disoproxil Fumarate 300mg, tablets, 30 Tabs",Tenofovir Disoproxil Fumarate,Generic,300mg,Tablet,"Cipla, Goa, India",81521,30,57577,404766.3,7.03,0.23,872.68,3950,6639.35,TRUE,2/9/11,3/14/11,,9/21/10
106-HT-T30,FPQ-13494,SCMS-225421,ASN-25828,Haiti,PMO - US,Direct Drop,EXW,Air,HRDT,HIV test,"SHANGHAI KEHUA BIOENGINEERING CO.,LTD.  (KHB)","HIV 1/2, SKB Colloidal Gold, Diagnostic Kit, Antibody, 50 Tests","HIV 1/2, Colloidal Gold, Diagnostic Kit, Antibody",Colloidal Gold,N/A,Test kit,"KHB Test Kit Facility, Shanghai China",81535,1,350,8575,24.5,24.5,8.82,240,2836.14,TRUE,6/23/14,6/23/14,,2/19/14
104-CI-T30,FPQ-13602,SCMS-228020,ASN-27955,Côte d'Ivoire,PMO - US,Direct Drop,EXW,Air,HRDT,HIV test,"Standard Diagnostics, Inc.","HIV 1/2, Bioline 3.0 Kit, Lancets, Capillary pipets, Alcohol swabs included, 25 Tests","HIV 1/2, Bioline 3.0 Kit, Lancets, Capillary pipets, Alcohol swabs included",Bioline,N/A,Test kit,"Standard Diagnostics, Korea",81540,25,350,7175,20.5,0.82,7.38,111,1857.39,TRUE,9/4/14,9/4/14,,2/26/14
103-KE-T30,FPQ-10018,SCMS-149610,ASN-15670,Kenya,PMO - US,Direct Drop,EXW,Air,HRDT,HIV test,"Orgenics, Ltd","HIV 1/2, Determine Complete HIV Kit, 100 Tests","HIV 1/2, Determine Complete HIV Kit",Determine,N/A,Test kit,"Alere Medical Co., Ltd.",81579,100,4,356,89,0.89,0.5,1413,15387.63,TRUE,7/9/12,7/30/12,,6/14/12
116-ZA-T30,FPQ-11828,SCMS-183950,ASN-19166,South Africa,South Africa Field Office,Direct Drop,DDP,Truck,ARV,Adult,S. BUYS WHOLESALER,"Stavudine 20mg [Zerit], capsules, 60 Caps",Stavudine,Zerit,20mg,Capsule,Bristol-Myers Squibb Anagni IT,81581,60,71,367.73,5.18,0.09,0.45,,,FALSE,4/16/13,4/16/13,,
110-ZM-T30,FPQ-14130,SCMS-239720,ASN-26571,Zambia,PMO - US,Direct Drop,EXW,Air,HRDT,HIV test,"Orgenics, Ltd","HIV 1/2, Determine Complete HIV Kit, 100 Tests","HIV 1/2, Determine Complete HIV Kit",Determine,N/A,Test kit,"Alere Medical Co., Ltd.",81603,100,8000,640000,80,0.8,657.92,3247,41461.1,TRUE,7/23/14,7/23/14,,5/19/14
108-VN-T30,FPQ-7427,SCMS-105510,ASN-11735,Vietnam,PMO - US,Direct Drop,EXW,Air,ARV,Adult,HETERO LABS LIMITED,"Efavirenz 600mg, tablets, 30 Tabs",Efavirenz,Generic,600mg,Tablet,Hetero Unit III Hyderabad IN,81627,30,30000,123900,4.13,0.14,204.44,2957,14589.33,TRUE,9/13/11,9/13/11,,4/14/11
116-ZA-T30,FPQ-12522,SCMS-199283,ASN-27976,South Africa,PMO - US,Direct Drop,DDP,Truck,ARV,Pediatric,S. BUYS WHOLESALER,"Abacavir 20mg/ml, oral solution w/syringe, Bottle, 240 ml",Abacavir,Generic,20mg/ml,Oral solution,"Aurobindo Unit III, India",81639,240,35,959.72,27.42,0.11,1.19,,,FALSE,8/27/14,8/27/14,,8/27/14
104-CI-T30,FPQ-13602,SCMS-228030,ASN-26891,Côte d'Ivoire,PMO - US,Direct Drop,EXW,Air,HRDT,HIV test,"CHEMBIO DIAGNOSTIC SYSTEMS, INC.","HIV 1/2, Stat-Pak HIV, Kit, 20 Tests","HIV 1/2, Stat-Pak HIV, Kit",Stat-Pak,N/A,Test kit,Chembio Diagnostics Sys. Inc.,81651,20,600,18600,31,1.55,19.12,172,,TRUE,7/17/14,7/17/14,,2/27/14
116-ZA-T30,FPQ-12522,SCMS-199280,ASN-24433,South Africa,PMO - US,Direct Drop,DDP,Truck,ARV,Adult,S. BUYS WHOLESALER,"Lopinavir/Ritonavir 200/50mg [Aluvia], tablets, 120 Tabs",Lopinavir/Ritonavir,Aluvia,200/50mg,Tablet,ABBVIE Ludwigshafen Germany,81653,120,57,1468.3,25.76,0.21,1.82,,,FALSE,2/7/14,2/7/14,,8/13/13
108-VN-T30,FPQ-4265,SCMS-57130,ASN-6268,Vietnam,PMO - US,Direct Drop,EXW,Air,ARV,Adult,Aurobindo Pharma Limited,"Lamivudine/Nevirapine/Zidovudine 150/200/300mg, tablets, 60 Tabs",Lamivudine/Nevirapine/Zidovudine,Generic,150/300/200mg,Tablet - FDC,"Aurobindo Unit III, India",81698,60,12700,141605,11.15,0.19,277.55,1572,13479.25,TRUE,3/15/10,3/15/10,,11/13/09
161-ZA-T30,FPQ-5303,SCMS-68940,ASN-8125,South Africa,PMO - US,Direct Drop,DDP,Air,ARV,Adult,Aurobindo Pharma Limited,"Efavirenz 600mg, tablets, 30 Tabs",Efavirenz,Generic,600mg,Tablet,"Aurobindo Unit III, India",81700,30,31875,148856.25,4.67,0.16,320.93,3005,4263.07,TRUE,9/7/10,9/20/10,,3/19/10
108-VN-T30,FPQ-11560,SCMS-177630,ASN-20041,Vietnam,PMO - US,Direct Drop,EXW,Air,ARV,Adult,MYLAN LABORATORIES LTD (FORMERLY MATRIX LABORATORIES),"Efavirenz/Lamivudine/Tenofovir Disoproxil Fumarate 600/300/300mg, tablets, 30 Tabs",Efavirenz/Lamivudine/Tenofovir Disoproxil Fumarate,Generic,600/300/300mg,Tablet - FDC,Mylan (formerly Matrix) Nashik,81726,30,2865,32918.85,11.49,0.38,40.72,332,6973.87,TRUE,7/13/13,7/13/13,,2/13/13
116-ZA-T30,FPQ-14942,SCMS-259079,ASN-33852,South Africa,PMO - US,Direct Drop,DDP,Truck,ARV,Adult,PHARMACY DIRECT,"Lamivudine/Zidovudine 150/300mg, tablets, 60 Tabs",Lamivudine/Zidovudine,Generic,150/300mg,Tablet - FDC,"Aurobindo Unit III, India",81739,60,26,597.92,23,0.38,0.61,,,FALSE,8/24/15,8/24/15,,10/9/14
111-MZ-T30,FPQ-13395,SCMS-219220,ASN-25455,Mozambique,PMO - US,Direct Drop,EXW,Air,ARV,Adult,HETERO LABS LIMITED,"Lamivudine/Nevirapine/Zidovudine 150/200/300mg, tablets, 60 Tabs",Lamivudine/Nevirapine/Zidovudine,Generic,150/300/200mg,Tablet - FDC,Hetero Unit III Hyderabad IN,81747,60,24816,201257.77,8.11,0.14,206.89,3392,16835.52,TRUE,5/2/14,5/2/14,,12/17/13
103-ZW-T30,FPQ-15293,SCMS-263540,ASN-31073,Zimbabwe,PMO - US,Direct Drop,FCA,Air,ARV,Pediatric,ABBVIE LOGISTICS (FORMERLY ABBOTT LOGISTICS BV),"Lopinavir/Ritonavir 80/20mg/ml [Kaletra], oral solution, cool, Bottle 5 x 60 ml",Lopinavir/Ritonavir,Kaletra,80/20mg/ml,Oral solution,ABBVIE (Abbott) Logis. UK,81753,300,6490,200021.8,30.82,0.1,235.43,5747,50104.34,TRUE,3/19/15,3/19/15,,11/12/14
111-MZ-T30,FPQ-8116,SCMS-118351,ASN-14785,Mozambique,PMO - US,Direct Drop,EXW,Air,HRDT,HIV test,"Trinity Biotech, Plc","HIV 1/2, Uni-Gold HIV Kit, 20 Tests","HIV 1/2, Uni-Gold HIV Kit",Uni-Gold,N/A,Test kit,"Trinity Biotech, Plc",81757,20,7500,240000,32,1.6,396,2440,37115.71,TRUE,6/20/12,6/20/12,,4/5/12
108-VN-T30,FPQ-10266,SCMS-153070,ASN-16382,Vietnam,PMO - US,Direct Drop,EXW,Air,ARV,Adult,HETERO LABS LIMITED,"Lamivudine 150mg, tablets, 60 Tabs",Lamivudine,Generic,150mg,Tablet,Hetero Unit III Hyderabad IN,81767,60,37366,78468.6,2.1,0.04,110.01,2162,3324.85,TRUE,10/9/12,10/9/12,,7/12/12
116-ZA-T30,FPQ-12522,SCMS-199289,ASN-28036,South Africa,PMO - US,Direct Drop,DDP,Truck,ARV,Adult,S. BUYS WHOLESALER,"Emtricitabine/Tenofovir Disoproxil Fumarate 200/300mg, tablets, 30 Tabs",Emtricitabine/Tenofovir Disoproxil Fumarate,Generic,200/300mg,Tablet - FDC,"Aurobindo Unit III, India",81769,30,302,10065.28,33.33,1.11,12.45,,,FALSE,8/29/14,8/29/14,,8/29/14
106-HT-T30,FPQ-14083,SCMS-240130,ASN-28761,Haiti,PMO - US,Direct Drop,EXW,Ocean,ARV,Adult,MICRO LABS LIMITED,"Nevirapine 200mg, tablets, 60 Tabs",Nevirapine,Generic,200mg,Tablet,"Micro labs, Verna, Goa, India",81808,60,45750,95160,2.08,0.03,97.82,,,FALSE,1/9/15,1/9/15,,6/2/14
111-MZ-T30,FPQ-15346,SCMS-266470,ASN-31352,Mozambique,PMO - US,Direct Drop,FCA,Air,HRDT,HIV test,BIO-RAD LABORATORIES (FRANCE),"HIV, Multispot HIV-1/HIV-2 Rapid Test Kit, 50 Tests","HIV, Multispot HIV-1/HIV-2 Rapid Test Kit",Multispot,N/A,Test kit,Bio-Rad Laboratories,81823,50,80,107651.2,1345.64,26.91,126.71,,,TRUE,4/14/15,4/14/15,,12/8/14
161-ZA-T30,FPQ-6262,SCMS-84230,ASN-9509,South Africa,PMO - US,Direct Drop,DDP,Ocean,ARV,Adult,STRIDES ARCOLAB LIMITED,"Lamivudine 150mg, tablets, 60 Tabs",Lamivudine,Generic,150mg,Tablet,"Strides, Bangalore, India.",81854,60,212409,524650.25,2.47,0.04,1131.15,10302,13677.69,TRUE,2/14/11,3/9/11,,9/21/10
117-ET-T30,FPQ-6976,SCMS-98311,ASN-11688,Ethiopia,PMO - US,Direct Drop,EXW,Air,ARV,Adult,Aurobindo Pharma Limited,"Didanosine 250mg, delayed-release capsules, 30 Caps",Didanosine,Generic,250mg,Delayed-release capsules,"Aurobindo Unit III, India",81855,30,3775,49075,13,0.43,80.97,257,2325.62,TRUE,8/25/11,8/25/11,,2/1/11
133-NG-T30,FPQ-12812,SCMS-210351,ASN-23947,Nigeria,PMO - US,Direct Drop,EXW,Air,HRDT,HIV test,"Orgenics, Ltd","HIV 1/2, Determine Complete HIV Kit, 100 Tests","HIV 1/2, Determine Complete HIV Kit",Determine,N/A,Test kit,"Alere Medical Co., Ltd.",81888,100,9363,833307,89,0.89,1030.8,3800,58592.54,TRUE,2/18/14,2/13/14,,11/1/13
133-NG-T30,FPQ-12456,SCMS-196561,ASN-22343,Nigeria,PMO - US,Direct Drop,EXW,Air,HRDT,HIV test,"Orgenics, Ltd","HIV 1/2, Determine Complete HIV Kit, 100 Tests","HIV 1/2, Determine Complete HIV Kit",Determine,N/A,Test kit,"Alere Medical Co., Ltd.",81909,100,3031,269759,89,0.89,333.69,1231,20705.23,TRUE,11/7/13,11/5/13,,7/10/13
106-HT-T30,FPQ-10555,SCMS-158630,ASN-16286,Haiti,PMO - US,Direct Drop,EXW,Air,ARV,Pediatric,Aurobindo Pharma Limited,"Lamivudine 10mg/ml, oral solution w/syringe, Bottle, 240 ml",Lamivudine,Generic,10mg/ml,Oral solution,"Aurobindo Unit III, India",81920,240,3528,6526.8,1.85,0.01,9.15,1296,9230.19,TRUE,10/4/12,10/4/12,,8/29/12
116-ZA-T30,FPQ-11828,SCMS-183950,ASN-19166,South Africa,South Africa Field Office,Direct Drop,DDP,Truck,ARV,Adult,S. BUYS WHOLESALER,"Stavudine 30mg, capsules, 60 Caps",Stavudine,Generic,30mg,Capsule,"Aurobindo Unit III, India",81961,60,9227,37157.67,4.03,0.07,45.96,,,FALSE,4/16/13,4/16/13,,
117-ET-T30,FPQ-9098,SCMS-133520,ASN-15537,Ethiopia,PMO - US,Direct Drop,EXW,Air,HRDT,HIV test,"Trinity Biotech, Plc","HIV 1/2, Uni-Gold HIV Kit, 20 Tests","HIV 1/2, Uni-Gold HIV Kit",Uni-Gold,N/A,Test kit,"Trinity Biotech, Plc",81968,20,167,5344,32,1.6,7.49,61,925.05,TRUE,8/5/12,8/5/12,,1/23/12
202-GT-T30,FPQ-6966,SCMS-98620,ASN-10108,Guatemala,PMO - US,Direct Drop,CIP,Air,ARV,Adult,ABBOTT LOGISTICS B.V.,"Lopinavir/Ritonavir 200/50mg [Aluvia], tablets, 120 Tabs",Lopinavir/Ritonavir,Aluvia,200/50mg,Tablet,ABBVIE Ludwigshafen Germany,81971,120,2426,203371.58,83.83,0.7,335.56,,,TRUE,3/8/11,3/8/11,,2/2/11
161-ZA-T30,FPQ-5447,SCMS-70130,ASN-7086,South Africa,PMO - US,Direct Drop,DDP,Truck,ARV,Pediatric,AUROBINDO PHARAM (SOUTH AFRICA),"Lamivudine 10mg/ml, oral solution w/syringe, Bottle, 240 ml",Lamivudine,Generic,10mg/ml,Oral solution,"Aurobindo Unit III, India",81988,240,16500,50631.92,3.07,0.01,109.16,,3908.56,TRUE,4/29/10,4/29/10,,4/23/10
116-ZA-T30,FPQ-12522,SCMS-199283,ASN-27976,South Africa,PMO - US,Direct Drop,DDP,Truck,ARV,Adult,S. BUYS WHOLESALER,"Emtricitabine/Tenofovir Disoproxil Fumarate 200/300mg, tablets, 30 Tabs",Emtricitabine/Tenofovir Disoproxil Fumarate,Generic,200/300mg,Tablet - FDC,"Aurobindo Unit III, India",81990,30,16,539.58,33.72,1.12,0.67,,,FALSE,8/27/14,8/27/14,,8/27/14
102-GY-T30,FPQ-9180,SCMS-139640,ASN-14784,Guyana,PMO - US,Direct Drop,EXW,Air,HRDT,HIV test,"Trinity Biotech, Plc","HIV 1/2, Uni-Gold HIV Kit, 20 Tests","HIV 1/2, Uni-Gold HIV Kit",Uni-Gold,N/A,Test kit,"Trinity Biotech, Plc",82004,20,1513,48416,32,1.6,67.88,410,5577.13,TRUE,5/23/12,5/23/12,,4/9/12
161-ZA-T30,FPQ-5648,SCMS-75460,ASN-8262,South Africa,PMO - US,Direct Drop,DDP,Ocean,ARV,Adult,Aurobindo Pharma Limited,"Lamivudine 150mg, tablets, 60 Tabs",Lamivudine,Generic,150mg,Tablet,"Aurobindo Unit III, India",82005,60,130828,316603.75,2.42,0.04,682.6,6525,10984.82,TRUE,3/4/11,3/4/11,,6/17/10
116-ZA-T30,FPQ-14942,SCMS-295800,ASN-33865,South Africa,PMO - US,Direct Drop,DDP,Truck,ARV,Adult,PHARMACY DIRECT,"Lamivudine 150mg, tablets, 60 Tabs",Lamivudine,Generic,150mg,Tablet,"Aurobindo Unit III, India",82025,60,98,691.06,7.05,0.12,0.71,,,FALSE,8/24/15,8/24/15,,8/24/15
116-ZA-T30,FPQ-14942,SCMS-259079,ASN-33851,South Africa,PMO - US,Direct Drop,DDP,Truck,ARV,Adult,PHARMACY DIRECT,"Zidovudine 300mg, tablets, 60 Tabs",Zidovudine,Generic,300mg,Tablet,"Aurobindo Unit III, India",82047,60,15,289.91,19.33,0.32,0.3,,,FALSE,8/24/15,8/24/15,,10/9/14
161-ZA-T30,FPQ-5648,SCMS-75980,ASN-8791,South Africa,PMO - US,Direct Drop,DDP,Ocean,ARV,Adult,Aurobindo Pharma Limited,"Tenofovir Disoproxil Fumarate 300mg, tablets, 30 Tabs",Tenofovir Disoproxil Fumarate,Generic,300mg,Tablet,"Aurobindo Unit III, India",82052,30,11711,80923.01,6.91,0.23,174.47,1093,5460.48,TRUE,12/20/10,1/12/11,,6/17/10
116-ZA-T30,FPQ-4359,SCMS-55000,ASN-5348,South Africa,PMO - US,Direct Drop,DDP,Truck,ARV,Pediatric,S. BUYS WHOLESALER,"Ritonavir 80mg/ml [Norvir], oral solution, cool, Bottle, 90 ml",Ritonavir,Norvir,80mg/ml,Oral solution,ABBVIE (Abbott) France,82058,90,6,58.03,9.67,0.11,0.11,,,TRUE,10/21/09,10/21/09,,10/15/09
116-ZA-T30,FPQ-13214,SCMS-215410,ASN-23875,South Africa,PMO - US,Direct Drop,DDP,Truck,ARV,Adult,S. BUYS WHOLESALER,"Abacavir 300mg, tablets, 60 Tabs",Abacavir,Generic,300mg,Tablet,"Aurobindo Unit III, India",82062,60,3,193.74,64.58,1.08,0.2,,,FALSE,1/13/14,1/13/14,,12/2/13
116-ZA-T30,FPQ-5535,SCMS-71370,ASN-7373,South Africa,PMO - US,Direct Drop,DDP,Truck,ARV,Adult,S. BUYS WHOLESALER,"Stavudine 30mg, capsules, 60 Caps",Stavudine,Generic,30mg,Capsule,"Aurobindo Unit III, India",82069,60,2000,9240.04,4.62,0.08,19.92,,,FALSE,5/31/10,5/31/10,,4/21/10
108-VN-T30,FPQ-10267,SCMS-153080,ASN-16141,Vietnam,PMO - US,Direct Drop,EXW,Air,ARV,Adult,HETERO LABS LIMITED,"Nevirapine 200mg, tablets, 60 Tabs",Nevirapine,Generic,200mg,Tablet,Hetero Unit III Hyderabad IN,82105,60,8586,20005.38,2.33,0.04,28.05,544,1454.64,TRUE,10/8/12,10/8/12,,7/12/12
113-ZW-T30,FPQ-13939,SCMS-240570,ASN-27582,Zimbabwe,PMO - US,Direct Drop,EXW,Air Charter,ARV,Adult,HETERO LABS LIMITED,"Lamivudine/Tenofovir Disoproxil Fumarate 300/300mg, tablets, 30 Tabs",Lamivudine/Tenofovir Disoproxil Fumarate,Generic,300/300mg,Tablet - FDC,Hetero Unit III Hyderabad IN,82125,30,15187,70163.94,4.62,0.15,72.13,,,FALSE,9/17/14,9/17/14,,5/27/14
116-ZA-T30,FPQ-13973,SCMS-238555,ASN-29257,South Africa,PMO - US,Direct Drop,DDP,Truck,ARV,Adult,PHARMACY DIRECT,"Nevirapine 200mg, tablets, 60 Tabs",Nevirapine,Generic,200mg,Tablet,"Aurobindo Unit III, India",82128,60,24,425.93,17.75,0.3,0.44,,,FALSE,11/5/14,11/5/14,,11/4/14
161-ZA-T30,FPQ-5303,SCMS-68940,ASN-8246,South Africa,PMO - US,Direct Drop,DDP,Air,ARV,Adult,Aurobindo Pharma Limited,"Efavirenz 600mg, tablets, 30 Tabs",Efavirenz,Generic,600mg,Tablet,"Aurobindo Unit III, India",82137,30,39049,182358.83,4.67,0.16,393.17,3669,4263.07,TRUE,9/7/10,11/17/10,,3/19/10
105-SS-T30,FPQ-15569,SCMS-272170,ASN-32108,South Sudan,PMO - US,Direct Drop,EXW,Air,HRDT,HIV test,"Orgenics, Ltd","HIV 1/2, Determine Complete HIV Kit, 100 Tests","HIV 1/2, Determine Complete HIV Kit",Determine,N/A,Test kit,"Alere Medical Co., Ltd.",82148,100,30,2670,89,0.89,3.14,,,FALSE,7/2/15,7/7/15,,2/20/15
151-NG-T30,FPQ-16553,SCMS-296460,ASN-33764,Nigeria,PMO - US,Direct Drop,EXW,Air,ARV,Pediatric,CIPLA LIMITED,"Abacavir 60mg, dispersible tablets, 60 Tabs",Abacavir,Generic,60mg,Chewable/dispersible tablet,"Cipla, Patalganga, India",82159,60,800,3600,4.5,0.08,4.24,,,TRUE,8/31/15,8/31/15,,8/4/15
108-VN-T30,FPQ-6384,SCMS-87780,ASN-9408,Vietnam,PMO - US,Direct Drop,EXW,Air,ARV,Adult,HETERO LABS LIMITED,"Stavudine 30mg, capsules, 60 Caps",Stavudine,Generic,30mg,Capsule,Hetero Unit III Hyderabad IN,82172,60,15572,22579.4,1.45,0.02,48.68,,,FALSE,2/16/11,2/16/11,,10/18/10
108-VN-T30,FPQ-14516,SCMS-249050,ASN-29372,Vietnam,PMO - US,Direct Drop,EXW,Air,ARV,Adult,HETERO LABS LIMITED,"Efavirenz 600mg, tablets, 30 Tabs",Efavirenz,Generic,600mg,Tablet,Hetero Unit III Hyderabad IN,82177,30,5000,17500,3.5,0.12,17.99,,,FALSE,12/17/14,12/17/14,,8/11/14
106-HT-T30,FPQ-11285,SCMS-176250,ASN-18844,Haiti,PMO - US,Direct Drop,FCA,Air,ARV,Pediatric,LAWRENCE LABORATORIES (SUBSIDIARY OF BRISTOL MYERS SQUIBB),"Didanosine 2g [Videx], powder for oral solution 10mg/ml, reconstitute to 200 ml",Didanosine,Videx,2g,Powder for oral solution,Bristol-Myers Squibb Anagni IT,82203,200,98,1233.82,12.59,0.06,1.53,22,817.99,TRUE,4/11/13,4/11/13,,2/5/13
116-ZA-T30,FPQ-3596,SCMS-50370,ASN-5458,South Africa,PMO - US,Direct Drop,DDP,Truck,ARV,Adult,S. BUYS WHOLESALER,"Nevirapine 200mg [Viramune], tablets, 60 Tabs",Nevirapine,Viramune,200mg,Tablet,"Boehringer Ing., Koropi, GR",82256,60,2400,48739.72,20.31,0.34,95.53,,,FALSE,10/29/09,10/27/09,,9/22/09
114-UG-T30,FPQ-4065,SO-33010,DN-1417,Uganda,PMO - US,From RDC,N/A - From RDC,Air,ARV,Adult,SCMS from RDC,"Lamivudine/Zidovudine 150/300mg, tablets, 60 Tabs",Lamivudine/Zidovudine,Generic,150/300mg,Tablet - FDC,"Aurobindo Unit III, India",82271,60,400,3504,8.76,0.15,6.87,70,1764.84,TRUE,10/8/09,10/8/09,,
154-NG-T30,FPQ-3815,SO-32260,DN-1452,Nigeria,PMO - US,From RDC,N/A - From RDC,Air Charter,ARV,Adult,SCMS from RDC,"Nevirapine 200mg, tablets, 60 Tabs",Nevirapine,Generic,200mg,Tablet,"Aurobindo Unit III, India",82272,60,318,922.2,2.9,0.05,1.81,105,9341.59,TRUE,10/30/09,10/20/09,,
104-CI-T30,FPQ-4187,SO-33520,DN-1474,Côte d'Ivoire,PMO - US,From RDC,N/A - From RDC,Air,ARV,Adult,SCMS from RDC,"Nevirapine 200mg, tablets, 60 Tabs",Nevirapine,Generic,200mg,Tablet,Hetero Unit III Hyderabad IN,82273,60,2600,7540,2.9,0.05,14.78,373,4266.24,TRUE,10/23/09,10/23/09,,
113-ZW-T30,FPQ-4472,SO-27190,DN-1500,Zimbabwe,PMO - US,From RDC,N/A - From RDC,Truck,ARV,Adult,SCMS from RDC,"Lamivudine/Nevirapine/Stavudine 150/200/30mg, tablets, 60 Tabs",Lamivudine/Nevirapine/Stavudine,Generic,150/200/30mg,Tablet - FDC,"Cipla, Goa, India",82274,60,76000,506160,6.66,0.11,992.07,8701,15332.68,TRUE,11/15/09,11/9/09,,
110-ZM-T30,FPQ-4035,SO-34340,DN-1515,Zambia,PMO - US,From RDC,N/A - From RDC,Truck,ARV,Adult,SCMS from RDC,"Efavirenz 600mg, tablets, 30 Tabs",Efavirenz,Generic,600mg,Tablet,"Aurobindo Unit III, India",82275,30,47227,272972.06,5.78,0.19,535.03,4959,9973.51,TRUE,11/30/09,11/23/09,,
123-NG-T30,FPQ-4395,SO-32971,DN-1519,Nigeria,PMO - US,From RDC,N/A - From RDC,Air Charter,ARV,Adult,SCMS from RDC,"Zidovudine 300mg, tablets, 60 Tabs",Zidovudine,Generic,300mg,Tablet,"Aurobindo Unit III, India",82276,60,1697,12778.41,7.53,0.13,25.05,6725,33279.39,TRUE,12/18/09,12/18/09,,
104-CI-T30,FPQ-3964,SO-34520,DN-1536,Côte d'Ivoire,PMO - US,From RDC,N/A - From RDC,Air,ARV,Adult,SCMS from RDC,"Lamivudine/Stavudine 150/30mg, tablets, 60 Tabs",Lamivudine/Stavudine,Generic,150/30mg,Tablet - FDC,"Strides, Bangalore, India.",82277,60,1060,4028,3.8,0.06,7.89,56,1211.48,TRUE,12/10/09,12/2/09,,
104-CI-T30,FPQ-4378,SO-34470,DN-1539,Côte d'Ivoire,PMO - US,From RDC,N/A - From RDC,Air,ARV,Adult,SCMS from RDC,"Stavudine 30mg, capsules, 60 Caps",Stavudine,Generic,30mg,Capsule,"Aurobindo Unit III, India",82278,60,1260,1839.6,1.46,0.02,3.61,82,1211.48,TRUE,12/2/09,12/2/09,,
104-CI-T30,FPQ-4187,SO-33492,DN-1555,Côte d'Ivoire,PMO - US,From RDC,N/A - From RDC,Air,ARV,Adult,SCMS from RDC,"Lamivudine 150mg, tablets, 60 Tabs",Lamivudine,Generic,150mg,Tablet,"Aurobindo Unit III, India",82279,60,5907,14413.08,2.44,0.04,28.25,283,4969.95,TRUE,12/9/09,11/27/09,,
114-UG-T30,FPQ-4275,SO-33990,DN-1579,Uganda,PMO - US,From RDC,N/A - From RDC,Air,ARV,Adult,SCMS from RDC,"Zidovudine 300mg, tablets, 60 Tabs",Zidovudine,Generic,300mg,Tablet,"Aurobindo Unit III, India",82280,60,4730,35616.9,7.53,0.13,69.81,260,1898.84,TRUE,1/15/10,12/10/09,,
111-MZ-T30,FPQ-4479,SO-34170,DN-1580,Mozambique,PMO - US,From RDC,N/A - From RDC,Air,ARV,Adult,SCMS from RDC,"Zidovudine 300mg, tablets, 60 Tabs",Zidovudine,Generic,300mg,Tablet,"Aurobindo Unit III, India",82281,60,92,709.32,7.71,0.13,1.39,363,1816.73,TRUE,1/19/10,1/26/10,,
110-ZM-T30,FPQ-4029,SO-34920,DN-1586,Zambia,PMO - US,From RDC,N/A - From RDC,Truck,ARV,Adult,SCMS from RDC,"Zidovudine 300mg, tablets, 60 Tabs",Zidovudine,Generic,300mg,Tablet,"Aurobindo Unit III, India",82282,60,10000,75300,7.53,0.13,147.59,546,2412.99,TRUE,1/15/10,12/9/09,,
114-UG-T30,FPQ-4275,SO-35160,DN-1601,Uganda,PMO - US,From RDC,N/A - From RDC,Air,ARV,Adult,SCMS from RDC,"Lamivudine/Nevirapine/Zidovudine 150/200/300mg, tablets, 60 Tabs",Lamivudine/Nevirapine/Zidovudine,Generic,150/300/200mg,Tablet - FDC,Mylan (formerly Matrix) Nashik,82283,60,59,661.98,11.22,0.19,1.3,12,1311,TRUE,1/15/10,1/22/10,,
106-HT-T30,FPQ-4469,SO-35170,DN-1605,Haiti,PMO - US,From RDC,N/A - From RDC,Air,ARV,Pediatric,SCMS from RDC,"Zidovudine 10mg/ml, oral solution, Bottle, 240 ml",Zidovudine,Generic,10mg/ml,Oral solution,"Aurobindo Unit III, India",82284,240,3648,7368.96,2.02,0.01,15.89,2571,26830.44,TRUE,1/11/10,1/8/10,,
111-MZ-T30,FPQ-4473,SO-26422,DN-1608,Mozambique,PMO - US,From RDC,N/A - From RDC,Truck,ARV,Adult,SCMS from RDC,"Tenofovir Disoproxil Fumarate 300mg, tablets, 30 Tabs",Tenofovir Disoproxil Fumarate,Generic,300mg,Tablet,Mylan (formerly Matrix) Nashik,82285,30,3040,25931.2,8.53,0.28,50.83,163,1236.13,TRUE,3/31/10,3/24/10,,
106-HT-T30,FPQ-4384,SO-34700,DN-1609,Haiti,PMO - US,From RDC,N/A - From RDC,Air,ARV,Pediatric,SCMS from RDC,"Nevirapine 10mg/ml, oral suspension, Bottle, 240 ml",Nevirapine,Generic,10mg/ml,Oral suspension,"Aurobindo Unit III, India",82286,240,3635,6979.2,1.92,0.01,15.05,1345,14489.1,TRUE,1/18/10,1/27/10,,
104-CI-T30,FPQ-4187,SO-33472,DN-1618,Côte d'Ivoire,PMO - US,From RDC,N/A - From RDC,Air,ARV,Adult,SCMS from RDC,"Lamivudine/Nevirapine/Zidovudine 150/200/300mg, tablets, 60 Tabs",Lamivudine/Nevirapine/Zidovudine,Generic,150/300/200mg,Tablet - FDC,"Aurobindo Unit III, India",82289,60,30060,337273.2,11.22,0.19,661.06,3508,5254.1,TRUE,2/5/10,1/23/10,,
106-HT-T30,FPQ-4469,SO-34200,DN-1626,Haiti,PMO - US,From RDC,N/A - From RDC,Air,ARV,Adult,SCMS from RDC,"Lamivudine/Zidovudine 150/300mg, tablets, 60 Tabs",Lamivudine/Zidovudine,Generic,150/300mg,Tablet - FDC,"Aurobindo Unit III, India",82290,60,12000,105120,8.76,0.15,226.64,1077,12016.69,TRUE,3/5/10,3/3/10,,
111-MZ-T30,FPQ-4471,SO-33590,DN-1628,Mozambique,PMO - US,From RDC,N/A - From RDC,Air,ARV,Adult,SCMS from RDC,"Efavirenz 600mg, tablets, 30 Tabs",Efavirenz,Generic,600mg,Tablet,"Aurobindo Unit III, India",82291,30,10000,57800,5.78,0.19,113.29,2156,3423.25,TRUE,4/14/10,4/14/10,,
111-MZ-T30,FPQ-4471,SO-33590,DN-1628,Mozambique,PMO - US,From RDC,N/A - From RDC,Air,ARV,Adult,SCMS from RDC,"Lamivudine 150mg, tablets, 60 Tabs",Lamivudine,Generic,150mg,Tablet,"Aurobindo Unit III, India",82292,60,1939,4731.16,2.44,0.04,9.27,,,FALSE,4/14/10,4/14/10,,
110-ZM-T30,FPQ-4273,SO-33690,DN-1643,Zambia,PMO - US,From RDC,N/A - From RDC,Truck,ARV,Adult,SCMS from RDC,"Lamivudine/Nevirapine/Stavudine 150/200/30mg, tablets, 60 Tabs",Lamivudine/Nevirapine/Stavudine,Generic,150/200/30mg,Tablet - FDC,"Cipla, Goa, India",82293,60,58097,375887.6,6.47,0.11,736.74,19451,16898.2,TRUE,3/15/10,3/5/10,,
111-MZ-T30,FPQ-4471,SO-35500,DN-1651,Mozambique,PMO - US,From RDC,N/A - From RDC,Truck,ARV,Adult,SCMS from RDC,"Zidovudine 300mg, tablets, 60 Tabs",Zidovudine,Generic,300mg,Tablet,Hetero Unit III Hyderabad IN,82294,60,25020,188400.6,7.53,0.13,369.27,1387,,TRUE,4/19/10,4/14/10,,
114-UG-T30,FPQ-5014,SO-35870,DN-1654,Uganda,PMO - US,From RDC,N/A - From RDC,Air,ARV,Adult,SCMS from RDC,"Nevirapine 200mg, tablets, 60 Tabs",Nevirapine,Generic,200mg,Tablet,"Aurobindo Unit III, India",82295,60,600,1638,2.73,0.05,3.53,306,3945.33,TRUE,3/18/10,3/17/10,,
113-ZW-T30,FPQ-4688,SO-35410,DN-1660,Zimbabwe,PMO - US,From RDC,N/A - From RDC,Air,ARV,Adult,SCMS from RDC,"Efavirenz 600mg, tablets, 30 Tabs",Efavirenz,Generic,600mg,Tablet,"Aurobindo Unit III, India",82296,30,1900,9747,5.13,0.17,21.01,4000,3302.14,TRUE,3/31/10,3/12/10,,
114-UG-T30,FPQ-4325,SO-35970,DN-1677,Uganda,PMO - US,From RDC,N/A - From RDC,Air,ARV,Adult,SCMS from RDC,"Lamivudine 150mg, tablets, 60 Tabs",Lamivudine,Generic,150mg,Tablet,Mylan (formerly Matrix) Nashik,82297,60,3519,8586.36,2.44,0.04,16.83,2538,6298.34,TRUE,3/19/10,3/17/10,,
104-CI-T30,FPQ-4378,SO-34450,DN-1680,Côte d'Ivoire,PMO - US,From RDC,N/A - From RDC,Air,ARV,Pediatric,SCMS from RDC,"Didanosine 200mg, chewable/dispersible tablets, 60 Tabs",Didanosine,Generic,200mg,Chewable/dispersible tablet,"Aurobindo Unit III, India",82298,60,1907,29558.5,15.5,0.26,57.93,395,1042.58,TRUE,3/22/10,3/11/10,,
104-CI-T30,FPQ-4659,SO-35561,DN-1681,Côte d'Ivoire,PMO - US,From RDC,N/A - From RDC,Air,ARV,Pediatric,SCMS from RDC,"Didanosine 200mg, chewable/dispersible tablets, 60 Tabs",Didanosine,Generic,200mg,Chewable/dispersible tablet,"Aurobindo Unit III, India",82299,60,260,4030,15.5,0.26,8.69,54,1042.58,TRUE,5/10/10,3/11/10,,
151-NG-T30,FPQ-4537,SO-35032,DN-1684,Nigeria,PMO - US,From RDC,N/A - From RDC,Air Charter,ARV,Adult,SCMS from RDC,"Lamivudine 150mg, tablets, 60 Tabs",Lamivudine,Generic,150mg,Tablet,"Aurobindo Unit III, India",82300,60,342,834.48,2.44,0.04,1.8,17,,TRUE,4/19/10,3/31/10,,
151-NG-T30,FPQ-4537,SO-35069,DN-1687,Nigeria,PMO - US,From RDC,N/A - From RDC,Air Charter,ARV,Adult,SCMS from RDC,"Lamivudine/Nevirapine/Zidovudine 150/200/300mg, tablets, 60 Tabs",Lamivudine/Nevirapine/Zidovudine,Generic,150/300/200mg,Tablet - FDC,"Aurobindo Unit III, India",82301,60,2121,23797.62,11.22,0.19,51.31,248,,TRUE,4/19/10,3/31/10,,
151-NG-T30,FPQ-4537,SO-35077,DN-1692,Nigeria,PMO - US,From RDC,N/A - From RDC,Air Charter,ARV,Adult,SCMS from RDC,"Emtricitabine/Tenofovir Disoproxil Fumarate 200/300mg, tablets, 30 Tabs",Emtricitabine/Tenofovir Disoproxil Fumarate,Generic,200/300mg,Tablet - FDC,Mylan (formerly Matrix) Nashik,82302,30,3060,35955,11.75,0.39,77.52,247,,TRUE,4/19/10,3/31/10,,
151-NG-T30,FPQ-4537,SO-35083,DN-1693,Nigeria,PMO - US,From RDC,N/A - From RDC,Air Charter,ARV,Adult,SCMS from RDC,"Lamivudine/Tenofovir Disoproxil Fumarate 300/300mg, tablets, 30 Tabs",Lamivudine/Tenofovir Disoproxil Fumarate,Generic,300/300mg,Tablet - FDC,Mylan (formerly Matrix) Nashik,82303,30,799,7990,10,0.33,17.23,65,,TRUE,4/19/10,3/31/10,,
151-NG-T30,FPQ-4537,SO-34910,DN-1709,Nigeria,PMO - US,From RDC,N/A - From RDC,Air Charter,ARV,Adult,SCMS from RDC,"Efavirenz 600mg, tablets, 30 Tabs",Efavirenz,Generic,600mg,Tablet,"Aurobindo Unit III, India",82304,30,8000,41040,5.13,0.17,88.48,687,,TRUE,4/19/10,3/31/10,,
151-NG-T30,FPQ-4537,SO-35054,DN-1716,Nigeria,PMO - US,From RDC,N/A - From RDC,Air Charter,ARV,Adult,SCMS from RDC,"Lamivudine/Zidovudine 150/300mg, tablets, 60 Tabs",Lamivudine/Zidovudine,Generic,150/300mg,Tablet - FDC,"Aurobindo Unit III, India",82305,60,155,1357.8,8.76,0.15,2.93,14,,TRUE,4/19/10,3/31/10,,
151-NG-T30,FPQ-4537,SO-35070,DN-1727,Nigeria,PMO - US,From RDC,N/A - From RDC,Air Charter,ARV,Adult,SCMS from RDC,"Emtricitabine/Tenofovir Disoproxil Fumarate 200/300mg, tablets, 30 Tabs",Emtricitabine/Tenofovir Disoproxil Fumarate,Generic,200/300mg,Tablet - FDC,Mylan (formerly Matrix) Nashik,82306,30,3598,42276.5,11.75,0.39,91.15,290,,TRUE,4/19/10,3/31/10,,
151-NG-T30,FPQ-4537,SO-35140,DN-1729,Nigeria,PMO - US,From RDC,N/A - From RDC,Air Charter,ARV,Adult,SCMS from RDC,"Tenofovir Disoproxil Fumarate 300mg, tablets, 30 Tabs",Tenofovir Disoproxil Fumarate,Generic,300mg,Tablet,Mylan (formerly Matrix) Nashik,82307,30,500,4070,8.14,0.27,8.77,28,,TRUE,4/19/10,3/31/10,,
151-NG-T30,FPQ-4537,SO-35057,DN-1735,Nigeria,PMO - US,From RDC,N/A - From RDC,Air Charter,ARV,Adult,SCMS from RDC,"Lamivudine/Zidovudine 150/300mg, tablets, 60 Tabs",Lamivudine/Zidovudine,Generic,150/300mg,Tablet - FDC,"Aurobindo Unit III, India",82308,60,80,700.8,8.76,0.15,1.51,8,,TRUE,4/19/10,3/31/10,,
151-NG-T30,FPQ-4537,SO-34892,DN-1740,Nigeria,PMO - US,From RDC,N/A - From RDC,Air Charter,ARV,Adult,SCMS from RDC,"Nevirapine 200mg, tablets, 60 Tabs",Nevirapine,Generic,200mg,Tablet,Hetero Unit III Hyderabad IN,82309,60,18799,51321.27,2.73,0.05,110.65,1098,,TRUE,4/19/10,3/31/10,,
151-NG-T30,FPQ-4537,SO-35097,DN-1747,Nigeria,PMO - US,From RDC,N/A - From RDC,Air Charter,ARV,Adult,SCMS from RDC,"Zidovudine 300mg, tablets, 60 Tabs",Zidovudine,Generic,300mg,Tablet,Mylan (formerly Matrix) Nashik,82310,60,586,4395,7.5,0.12,9.48,30,,TRUE,4/19/10,3/30/10,,
114-UG-T30,FPQ-4325,SO-35660,DN-1752,Uganda,PMO - US,From RDC,N/A - From RDC,Truck,ARV,Adult,SCMS from RDC,"Lamivudine/Zidovudine 150/300mg, tablets, 60 Tabs",Lamivudine/Zidovudine,Generic,150/300mg,Tablet - FDC,Hetero Unit III Hyderabad IN,82311,60,17896,156768.95,8.76,0.15,307.27,1188,4097,TRUE,4/1/10,3/25/10,,
114-UG-T30,FPQ-5239,SO-36160,DN-1761,Uganda,PMO - US,From RDC,N/A - From RDC,Air,ARV,Adult,SCMS from RDC,"Lamivudine/Stavudine 150/30mg, tablets, 60 Tabs",Lamivudine/Stavudine,Generic,150/30mg,Tablet - FDC,"Cipla, Goa, India",82312,60,140,476,3.4,0.06,1.03,17,1073.46,TRUE,6/23/10,4/8/10,,
110-ZM-T30,FPQ-4273,SO-35840,DN-1776,Zambia,PMO - US,From RDC,N/A - From RDC,Truck,ARV,Pediatric,SCMS from RDC,"Didanosine 100mg, chewable/dispersible tablets, 60 Tabs",Didanosine,Generic,100mg,Chewable/dispersible tablet,"Aurobindo Unit III, India",82314,60,2500,19300,7.72,0.13,37.83,526,4964.27,TRUE,5/17/10,5/11/10,,
111-MZ-T30,FPQ-4711,SO-35750,DN-1795,Mozambique,PMO - US,From RDC,N/A - From RDC,Truck,ARV,Adult,SCMS from RDC,"Efavirenz 600mg, tablets, 30 Tabs",Efavirenz,Generic,600mg,Tablet,Mylan (formerly Matrix) Nashik,82315,30,12250,58187.5,4.75,0.16,125.45,1866,10959.63,TRUE,6/21/10,6/14/10,,
114-UG-T30,FPQ-5239,SO-36150,DN-1796,Uganda,PMO - US,From RDC,N/A - From RDC,Air,ARV,Adult,SCMS from RDC,"Lamivudine/Nevirapine/Zidovudine 150/200/300mg, tablets, 60 Tabs",Lamivudine/Nevirapine/Zidovudine,Generic,150/300/200mg,Tablet - FDC,"Aurobindo Unit III, India",82316,60,5218,58545.96,11.22,0.19,126.23,617,5194.22,TRUE,6/9/10,5/3/10,,
151-NG-T30,FPQ-4537,SO-35020,DN-1805,Nigeria,PMO - US,From RDC,N/A - From RDC,Air Charter,ARV,Adult,SCMS from RDC,"Efavirenz/Emtricitabine/Tenofovir Disoproxil Fumarate 600/200/300mg, tablets, 30 Tabs",Efavirenz/Emtricitabine/Tenofovir Disoproxil Fumarate,Generic,600/200/300mg,Tablet - FDC,Mylan (formerly Matrix) Nashik,82317,30,30000,597600,19.92,0.66,1288.43,3289,9736.1,TRUE,5/31/10,5/18/10,,
114-UG-T30,FPQ-4495,SO-34941,DN-1817,Uganda,PMO - US,From RDC,N/A - From RDC,Air,ARV,Adult,SCMS from RDC,"Lamivudine/Nevirapine/Zidovudine 150/200/300mg, tablets, 60 Tabs",Lamivudine/Nevirapine/Zidovudine,Generic,150/300/200mg,Tablet - FDC,Mylan (formerly Matrix) Nashik,82318,60,18000,201960,11.22,0.19,435.43,2281,15254.43,TRUE,5/3/10,5/3/10,,
114-UG-T30,FPQ-4496,SO-34980,DN-1797,Uganda,PMO - US,From RDC,N/A - From RDC,Air,ARV,Adult,SCMS from RDC,"Lamivudine/Nevirapine/Zidovudine 150/200/300mg, tablets, 60 Tabs",Lamivudine/Nevirapine/Zidovudine,Generic,150/300/200mg,Tablet - FDC,"Aurobindo Unit III, India",82319,60,4400,49368,11.22,0.19,106.44,527,4549.95,TRUE,5/3/10,5/3/10,,
113-ZW-T30,FPQ-4694,SO-35400,DN-1829,Zimbabwe,PMO - US,From RDC,N/A - From RDC,Truck,ARV,Adult,SCMS from RDC,"Lamivudine/Stavudine 150/30mg, tablets, 60 Tabs",Lamivudine/Stavudine,Generic,150/30mg,Tablet - FDC,"Cipla, Goa, India",82320,60,5800,19024,3.28,0.05,41.02,12791,3833.17,TRUE,5/31/10,5/31/10,,
111-MZ-T30,FPQ-4711,SO-35730,DN-1832,Mozambique,PMO - US,From RDC,N/A - From RDC,Truck,ARV,Adult,SCMS from RDC,"Lamivudine/Nevirapine/Zidovudine 150/200/300mg, tablets, 60 Tabs",Lamivudine/Nevirapine/Zidovudine,Generic,150/300/200mg,Tablet - FDC,"Aurobindo Unit III, India",82321,60,109554,1229195.9,11.22,0.19,2650.15,20316,25790.82,TRUE,6/30/10,6/14/10,,
117-ET-T30,FPQ-5668,SO-36810,DN-1844,Ethiopia,PMO - US,From RDC,N/A - From RDC,Air,ARV,Adult,SCMS from RDC,"Nevirapine 200mg, tablets, 60 Tabs",Nevirapine,Generic,200mg,Tablet,"Aurobindo Unit III, India",82322,60,11000,29260,2.66,0.04,63.08,1070,6153.8,TRUE,6/1/10,5/31/10,,
151-NG-T30,FPQ-4537,SO-36571,DN-1863,Nigeria,PMO - US,From RDC,N/A - From RDC,Air Charter,ARV,Adult,SCMS from RDC,"Lamivudine/Nevirapine/Zidovudine 150/200/300mg, tablets, 60 Tabs",Lamivudine/Nevirapine/Zidovudine,Generic,150/300/200mg,Tablet - FDC,"Aurobindo Unit III, India",82323,60,43050,483021,11.22,0.19,1041.39,5067,,TRUE,6/30/10,6/28/10,,
151-NG-T30,FPQ-4537,SO-36572,DN-1864,Nigeria,PMO - US,From RDC,N/A - From RDC,Air Charter,ARV,Adult,SCMS from RDC,"Lamivudine/Nevirapine/Zidovudine 150/200/300mg, tablets, 60 Tabs",Lamivudine/Nevirapine/Zidovudine,Generic,150/300/200mg,Tablet - FDC,"Aurobindo Unit III, India",82324,60,22571,253246.62,11.22,0.19,546,2657,,TRUE,6/30/10,6/28/10,,
110-ZM-T30,FPQ-4273,SO-33701,DN-1866,Zambia,PMO - US,From RDC,N/A - From RDC,Truck,ARV,Adult,SCMS from RDC,"Lamivudine/Zidovudine 150/300mg, tablets, 60 Tabs",Lamivudine/Zidovudine,Generic,150/300mg,Tablet - FDC,Hetero Unit III Hyderabad IN,82325,60,22560,197625.6,8.76,0.15,387.35,1928,11054.56,TRUE,6/30/10,6/29/10,,
104-CI-T30,FPQ-4659,SO-35580,DN-1867,Côte d'Ivoire,PMO - US,From RDC,N/A - From RDC,Air,ARV,Adult,SCMS from RDC,"Lamivudine/Nevirapine/Zidovudine 150/200/300mg, tablets, 60 Tabs",Lamivudine/Nevirapine/Zidovudine,Generic,150/300/200mg,Tablet - FDC,"Aurobindo Unit III, India",82326,60,62410,700240.2,11.22,0.19,1509.72,7701,27912.64,TRUE,6/28/10,6/21/10,,
104-CI-T30,FPQ-4659,SO-35580,DN-1867,Côte d'Ivoire,PMO - US,From RDC,N/A - From RDC,Air,ARV,Adult,SCMS from RDC,"Stavudine 20mg, capsules, 60 Caps",Stavudine,Generic,20mg,Capsule,"Aurobindo Unit III, India",82327,60,1620,2316.6,1.43,0.02,4.99,,,FALSE,6/28/10,6/21/10,,
106-HT-T30,FPQ-5523,SO-36800,DN-1871,Haiti,PMO - US,From RDC,N/A - From RDC,Air,ARV,Adult,SCMS from RDC,"Stavudine 30mg, capsules, 60 Caps",Stavudine,Generic,30mg,Capsule,"Strides, Bangalore, India.",82328,60,7560,10659.6,1.41,0.02,22.98,2027,19372.86,TRUE,7/12/10,6/30/10,,
104-CI-T30,FPQ-5201,SO-36340,DN-1873,Côte d'Ivoire,PMO - US,From RDC,N/A - From RDC,Air,ARV,Pediatric,SCMS from RDC,"Abacavir 20mg/ml, oral solution, Bottle, 240 ml",Abacavir,Generic,20mg/ml,Oral solution,"Aurobindo Unit III, India",82329,240,672,9139.2,13.6,0.06,19.7,2979,3365.45,TRUE,7/12/10,6/30/10,,
110-ZM-T30,FPQ-5702,SO-36850,DN-1875,Zambia,PMO - US,From RDC,N/A - From RDC,Truck,ARV,Adult,SCMS from RDC,"Efavirenz 600mg, tablets, 30 Tabs",Efavirenz,Generic,600mg,Tablet,Mylan (formerly Matrix) Nashik,82330,30,2750,12650,4.6,0.15,27.27,10313,11054.59,TRUE,11/4/10,6/29/10,,
110-ZM-T30,FPQ-5702,SO-36850,DN-1875,Zambia,PMO - US,From RDC,N/A - From RDC,Truck,ARV,Adult,SCMS from RDC,"Efavirenz 600mg, tablets, 30 Tabs",Efavirenz,Generic,600mg,Tablet,"Aurobindo Unit III, India",82331,30,19454,89488.4,4.6,0.15,192.94,,,FALSE,11/4/10,6/29/10,,
104-CI-T30,FPQ-5201,SO-36370,DN-1877,Côte d'Ivoire,PMO - US,From RDC,N/A - From RDC,Air,ARV,Pediatric,SCMS from RDC,"Nevirapine 10mg/ml, oral suspension, Bottle, 240 ml",Nevirapine,Generic,10mg/ml,Oral suspension,"Aurobindo Unit III, India",82332,240,3872,7085.76,1.83,0.01,15.28,1438,5121.68,TRUE,7/9/10,7/5/10,,
104-CI-T30,FPQ-5201,SO-36310,DN-1880,Côte d'Ivoire,PMO - US,From RDC,N/A - From RDC,Air,ARV,Pediatric,SCMS from RDC,"Nevirapine 10mg/ml, oral suspension, Bottle, 240 ml",Nevirapine,Generic,10mg/ml,Oral suspension,"Aurobindo Unit III, India",82333,240,3872,7085.76,1.83,0.01,15.28,1451,5121.68,TRUE,7/9/10,7/5/10,,
104-CI-T30,FPQ-4659,SO-35550,DN-1889,Côte d'Ivoire,PMO - US,From RDC,N/A - From RDC,Air,ARV,Adult,SCMS from RDC,"Lopinavir/Ritonavir 200/50mg [Aluvia], tablets, 120 Tabs",Lopinavir/Ritonavir,Aluvia,200/50mg,Tablet,ABBVIE Ludwigshafen Germany,82334,120,3240,117158.4,36.16,0.3,252.59,731,5121.69,TRUE,7/9/10,7/5/10,,
117-ET-T30,FPQ-5827,SO-37070,DN-1907,Ethiopia,PMO - US,From RDC,N/A - From RDC,Air,ARV,Adult,SCMS from RDC,"Zidovudine 300mg, tablets, 60 Tabs",Zidovudine,Generic,300mg,Tablet,"Aurobindo Unit III, India",82335,60,2000,14420,7.21,0.12,31.09,88,755.64,TRUE,7/15/10,7/8/10,,
151-NG-T30,FPQ-5023,SO-36490,DN-1909,Nigeria,PMO - US,From RDC,N/A - From RDC,Air,ARV,Adult,SCMS from RDC,"Lamivudine 150mg, tablets, 60 Tabs",Lamivudine,Generic,150mg,Tablet,"Aurobindo Unit III, India",82336,60,6570,16030.8,2.44,0.04,34.56,307,,TRUE,7/15/10,6/28/10,,
151-NG-T30,FPQ-5023,SO-36500,DN-1913,Nigeria,PMO - US,From RDC,N/A - From RDC,Air,ARV,Adult,SCMS from RDC,"Zidovudine 300mg, tablets, 60 Tabs",Zidovudine,Generic,300mg,Tablet,"Aurobindo Unit III, India",82337,60,20000,150000,7.5,0.12,323.4,1096,,TRUE,7/15/10,6/28/10,,
151-NG-T30,FPQ-5023,SO-36422,DN-1932,Nigeria,PMO - US,From RDC,N/A - From RDC,Air,ARV,Adult,SCMS from RDC,"Efavirenz/Emtricitabine/Tenofovir Disoproxil Fumarate 600/200/300mg, tablets, 30 Tabs",Efavirenz/Emtricitabine/Tenofovir Disoproxil Fumarate,Generic,600/200/300mg,Tablet - FDC,Mylan (formerly Matrix) Nashik,82338,30,7400,147408,19.92,0.66,317.81,668,,TRUE,7/15/10,6/28/10,,
151-NG-T30,FPQ-5023,SO-36472,DN-1936,Nigeria,PMO - US,From RDC,N/A - From RDC,Air,ARV,Adult,SCMS from RDC,"Lamivudine/Tenofovir Disoproxil Fumarate 300/300mg, tablets, 30 Tabs",Lamivudine/Tenofovir Disoproxil Fumarate,Generic,300/300mg,Tablet - FDC,Mylan (formerly Matrix) Nashik,82339,30,18522,185220,10,0.33,399.33,1668,,TRUE,7/15/10,6/28/10,,
107-RW-T30,FPQ-5394,SO-36581,DN-1950,Rwanda,PMO - US,From RDC,N/A - From RDC,Air,ARV,Adult,SCMS from RDC,"Lamivudine/Nevirapine/Zidovudine 150/200/300mg, tablets, 60 Tabs",Lamivudine/Nevirapine/Zidovudine,Generic,150/300/200mg,Tablet - FDC,"Aurobindo Unit III, India",82341,60,44131,495149.8,11.22,0.19,1067.54,5364,81670.57,TRUE,8/30/10,8/3/10,,
109-TZ-T30,FPQ-5436,SO-36630,DN-1953,Tanzania,PMO - US,From RDC,N/A - From RDC,Air,ARV,Adult,SCMS from RDC,"Tenofovir Disoproxil Fumarate 300mg, tablets, 30 Tabs",Tenofovir Disoproxil Fumarate,Generic,300mg,Tablet,Mylan (formerly Matrix) Nashik,82342,30,3000,21900,7.3,0.24,47.22,269,1647.25,TRUE,8/26/10,8/23/10,,
109-TZ-T30,FPQ-5436,SO-36620,DN-1954,Tanzania,PMO - US,From RDC,N/A - From RDC,Air,ARV,Adult,SCMS from RDC,"Abacavir 300mg, tablets, 60 Tabs",Abacavir,Generic,300mg,Tablet,Mylan (formerly Matrix) Nashik,82343,60,23340,383709.6,16.44,0.27,827.28,2344,1647.25,TRUE,8/31/10,8/23/10,,
151-NG-T30,FPQ-5023,SO-36413,DN-1967,Nigeria,PMO - US,From RDC,N/A - From RDC,Air Charter,ARV,Adult,SCMS from RDC,"Emtricitabine/Tenofovir Disoproxil Fumarate 200/300mg, tablets, 30 Tabs",Emtricitabine/Tenofovir Disoproxil Fumarate,Generic,200/300mg,Tablet - FDC,Mylan (formerly Matrix) Nashik,82345,30,6203,72885.25,11.75,0.39,157.14,560,6147.18,TRUE,8/9/10,8/17/10,,
151-NG-T30,FPQ-5688,SO-36932,DN-1976,Nigeria,PMO - US,From RDC,N/A - From RDC,Air Charter,ARV,Adult,SCMS from RDC,"Lamivudine/Nevirapine/Zidovudine 150/200/300mg, tablets, 60 Tabs",Lamivudine/Nevirapine/Zidovudine,Generic,150/300/200mg,Tablet - FDC,"Aurobindo Unit III, India",82346,60,32040,359488.8,11.22,0.19,775.06,4212,6147.18,TRUE,8/31/10,8/17/10,,
104-CI-T30,FPQ-5925,SO-37141,DN-1983,Côte d'Ivoire,PMO - US,From RDC,N/A - From RDC,Air,ARV,Adult,SCMS from RDC,"Stavudine 30mg, capsules, 60 Caps",Stavudine,Generic,30mg,Capsule,"Strides, Bangalore, India.",82347,60,5670,7994.7,1.41,0.02,17.24,317,12648.36,TRUE,8/31/10,8/23/10,,
117-ET-T30,FPQ-5668,SO-36812,DN-2007,Ethiopia,PMO - US,From RDC,N/A - From RDC,Air,ARV,Adult,SCMS from RDC,"Lamivudine 150mg, tablets, 60 Tabs",Lamivudine,Generic,150mg,Tablet,"Aurobindo Unit III, India",82349,60,2000,4660,2.33,0.04,10.05,84,530.36,TRUE,8/30/10,9/13/10,,
104-CI-T30,FPQ-5623,SO-36880,DN-2011,Côte d'Ivoire,PMO - US,From RDC,N/A - From RDC,Air,ARV,Adult,SCMS from RDC,"Tenofovir Disoproxil Fumarate 300mg, tablets, 30 Tabs",Tenofovir Disoproxil Fumarate,Generic,300mg,Tablet,Mylan (formerly Matrix) Nashik,82350,30,2200,16060,7.3,0.24,34.63,6587,8953.2,TRUE,9/30/10,9/25/10,,
105-GY-T30,FPQ-6306,SO-37390,DN-2016,Guyana,PMO - US,From RDC,N/A - From RDC,Air,ARV,Adult,SCMS from RDC,"Abacavir 300mg, tablets, 60 Tabs",Abacavir,Generic,300mg,Tablet,Mylan (formerly Matrix) Nashik,82351,60,330,5425.2,16.44,0.27,11.7,86,3307.86,TRUE,11/23/10,9/19/10,,
110-ZM-T30,FPQ-5702,SO-36841,DN-2018,Zambia,PMO - US,From RDC,N/A - From RDC,Truck,ARV,Adult,SCMS from RDC,"Emtricitabine/Tenofovir Disoproxil Fumarate 200/300mg, tablets, 30 Tabs",Emtricitabine/Tenofovir Disoproxil Fumarate,Generic,200/300mg,Tablet - FDC,Mylan (formerly Matrix) Nashik,82352,30,140554,1651509.5,11.75,0.39,3560.65,16961,16981.15,TRUE,11/4/10,10/12/10,,
106-HT-T30,FPQ-5523,SO-36780,DN-2021,Haiti,PMO - US,From RDC,N/A - From RDC,Air,ARV,Adult,SCMS from RDC,"Lamivudine/Zidovudine 150/300mg, tablets, 60 Tabs",Lamivudine/Zidovudine,Generic,150/300mg,Tablet - FDC,Hetero Unit III Hyderabad IN,82353,60,64241,549260.56,8.55,0.14,1184.21,6234,31214.27,TRUE,10/20/10,10/21/10,,
111-MZ-T30,FPQ-5126,SO-35980,DN-2027,Mozambique,PMO - US,From RDC,N/A - From RDC,Truck,ARV,Adult,SCMS from RDC,"Lamivudine/Nevirapine/Zidovudine 150/200/300mg, tablets, 60 Tabs",Lamivudine/Nevirapine/Zidovudine,Generic,150/300/200mg,Tablet - FDC,"Aurobindo Unit III, India",82354,60,208501,2339381.2,11.22,0.19,5043.71,28237,14163.13,TRUE,11/25/10,12/1/10,,
105-GY-T30,FPQ-6307,SO-37410,DN-2038,Guyana,PMO - US,From RDC,N/A - From RDC,Air,ARV,Pediatric,SCMS from RDC,"Didanosine 100mg, chewable/dispersible tablets, 60 Tabs",Didanosine,Generic,100mg,Chewable/dispersible tablet,"Aurobindo Unit III, India",82355,60,336,2593.92,7.72,0.13,5.59,89,1221.83,TRUE,11/23/10,11/13/10,,
104-CI-T30,FPQ-5925,SO-37150,DN-2035,Côte d'Ivoire,PMO - US,From RDC,N/A - From RDC,Truck,ARV,Pediatric,SCMS from RDC,"Abacavir 20mg/ml, oral solution w/syringe, Bottle, 240 ml",Abacavir,Generic,20mg/ml,Oral solution,"Aurobindo Unit III, India",82356,240,36,493.2,13.7,0.06,1.06,7889,6406.53,TRUE,11/30/10,11/26/10,,
104-CI-T30,FPQ-5925,SO-37150,DN-2035,Côte d'Ivoire,PMO - US,From RDC,N/A - From RDC,Truck,ARV,Pediatric,SCMS from RDC,"Lamivudine 10mg/ml, oral solution w/syringe, Bottle, 240 ml",Lamivudine,Generic,10mg/ml,Oral solution,"Aurobindo Unit III, India",82357,240,2415,4467.75,1.85,0.01,9.63,,,FALSE,11/30/10,11/26/10,,
104-CI-T30,FPQ-5623,SO-37750,DN-2036,Côte d'Ivoire,PMO - US,From RDC,N/A - From RDC,Air,ARV,Pediatric,SCMS from RDC,"Abacavir 20mg/ml, oral solution, Bottle, 240 ml",Abacavir,Generic,20mg/ml,Oral solution,"Aurobindo Unit III, India",82358,240,588,7996.8,13.6,0.06,17.24,215,6406.54,TRUE,11/16/10,11/26/10,,
111-MZ-T30,FPQ-6426,SO-37590,DN-2051,Mozambique,PMO - US,From RDC,N/A - From RDC,Truck,ARV,Adult,SCMS from RDC,"Lamivudine/Stavudine 150/30mg, tablets, 60 Tabs",Lamivudine/Stavudine,Generic,150/30mg,Tablet - FDC,"Cipla, Goa, India",82359,60,2996,9587.2,3.2,0.05,20.67,6022,6500.45,TRUE,12/20/10,12/23/10,,
200-DO-T30,FPQ-6616,SO-38020,DN-2065,Dominican Republic,PMO - US,From RDC,N/A - From RDC,Air,ARV,Adult,SCMS from RDC,"Lamivudine 150mg, tablets, 60 Tabs",Lamivudine,Generic,150mg,Tablet,Hetero Unit III Hyderabad IN,82360,60,649,1512.17,2.33,0.04,2.5,1787,18046.12,TRUE,1/31/11,12/8/10,,
104-CI-T30,FPQ-5925,SO-37660,DN-2071,Côte d'Ivoire,PMO - US,From RDC,N/A - From RDC,Air,ARV,Pediatric,SCMS from RDC,"Nevirapine 10mg/ml, oral suspension w/syringe, Bottle, 240 ml",Nevirapine,Generic,10mg/ml,Oral suspension,"Aurobindo Unit III, India",82361,240,628,1224.6,1.95,0.01,2.64,232,1794.58,TRUE,12/14/10,12/15/10,,
106-HT-T30,FPQ-6484,SO-37760,DN-2073,Haiti,PMO - US,From RDC,N/A - From RDC,Air,ARV,Pediatric,SCMS from RDC,"Zidovudine 10mg/ml, oral solution, Bottle, 240 ml",Zidovudine,Generic,10mg/ml,Oral solution,"Aurobindo Unit III, India",82362,240,3872,7821.44,2.02,0.01,16.86,7755,74839.9,TRUE,12/20/10,1/5/11,,
110-ZM-T30,FPQ-6665,SO-38200,DN-2081,Zambia,PMO - US,From RDC,N/A - From RDC,Air,ARV,Adult,SCMS from RDC,"Lamivudine 150mg, tablets, 60 Tabs",Lamivudine,Generic,150mg,Tablet,"Aurobindo Unit III, India",82363,60,10131,23605.23,2.33,0.04,38.95,493,2859.16,TRUE,1/20/11,2/7/11,,
114-UG-T30,FPQ-6614,SO-38140,DN-2083,Uganda,PMO - US,From RDC,N/A - From RDC,Air,ARV,Adult,SCMS from RDC,"Lamivudine/Nevirapine/Zidovudine 150/200/300mg, tablets, 60 Tabs",Lamivudine/Nevirapine/Zidovudine,Generic,150/300/200mg,Tablet - FDC,"Aurobindo Unit III, India",82364,60,4176,46854.72,11.22,0.19,77.31,567,2768.96,TRUE,2/8/11,1/17/11,,
117-ET-T30,FPQ-6980,SO-38290,DN-2088,Ethiopia,PMO - US,From RDC,N/A - From RDC,Air,ARV,Pediatric,SCMS from RDC,"Zidovudine 10mg/ml, oral solution, Bottle, 240 ml",Zidovudine,Generic,10mg/ml,Oral solution,"Aurobindo Unit III, India",82365,240,3000,6060,2.02,0.01,10,1190,6770.6,TRUE,1/21/11,1/12/11,,
151-NG-T30,FPQ-6243,SO-38320,DN-2090,Nigeria,PMO - US,From RDC,N/A - From RDC,Air Charter,ARV,Adult,SCMS from RDC,"Lamivudine/Nevirapine/Zidovudine 150/200/300mg, tablets, 60 Tabs",Lamivudine/Nevirapine/Zidovudine,Generic,150/300/200mg,Tablet - FDC,"Aurobindo Unit III, India",82366,60,141764,1590592.1,11.22,0.19,3429.32,70109,43548,TRUE,2/22/11,2/16/11,,
117-ET-T30,FPQ-7001,SO-38450,DN-2104,Ethiopia,PMO - US,From RDC,N/A - From RDC,Air,ARV,Adult,SCMS from RDC,"Tenofovir Disoproxil Fumarate 300mg, tablets, 30 Tabs",Tenofovir Disoproxil Fumarate,Generic,300mg,Tablet,Mylan (formerly Matrix) Nashik,82367,30,1467,9638.19,6.57,0.22,15.9,9,1401.76,TRUE,2/14/11,1/28/11,,
104-CI-T30,FPQ-6144,SO-37290,DN-2108,Côte d'Ivoire,PMO - US,From RDC,N/A - From RDC,Air,ARV,Adult,SCMS from RDC,"Abacavir/Lamivudine 600/300mg, scored tablets, 30 Tabs",Abacavir/Lamivudine,Generic,600/300mg,Tablet - FDC,Mylan (formerly Matrix) Nashik,82368,30,2610,58725,22.5,0.75,126.61,1195,8758.37,TRUE,1/31/11,2/22/11,,
114-UG-T30,FPQ-6614,SO-37990,DN-2077,Uganda,PMO - US,From RDC,N/A - From RDC,Air,ARV,Adult,SCMS from RDC,"Lamivudine/Zidovudine 150/300mg, tablets, 60 Tabs",Lamivudine/Zidovudine,Generic,150/300mg,Tablet - FDC,Hetero Unit III Hyderabad IN,82369,60,2316,19801.8,8.55,0.14,32.67,386,2294.85,TRUE,2/8/11,12/23/10,,
114-UG-T30,FPQ-6427,SO-37560,DN-2121,Uganda,PMO - US,From RDC,N/A - From RDC,Truck,ARV,Adult,SCMS from RDC,"Lamivudine/Nevirapine/Zidovudine 150/200/300mg, tablets, 60 Tabs",Lamivudine/Nevirapine/Zidovudine,Generic,150/300/200mg,Tablet - FDC,"Aurobindo Unit III, India",82370,60,117367,1316857.8,11.22,0.19,2839.15,17496,104604.06,TRUE,2/28/11,3/22/11,,
113-ZW-T30,FPQ-6470,SO-37830,DN-2127,Zimbabwe,PMO - US,From RDC,N/A - From RDC,Truck,ARV,Adult,SCMS from RDC,"Lamivudine/Tenofovir Disoproxil Fumarate 300/300mg, tablets, 30 Tabs",Lamivudine/Tenofovir Disoproxil Fumarate,Generic,300/300mg,Tablet - FDC,Mylan (formerly Matrix) Nashik,82371,30,97100,856422,8.82,0.29,1846.45,14340,16222.85,TRUE,3/31/11,3/17/11,,
114-UG-T30,FPQ-7166,SO-38860,DN-2134,Uganda,PMO - US,From RDC,N/A - From RDC,Air,ARV,Pediatric,SCMS from RDC,"Nevirapine 10mg/ml, oral suspension w/syringe, Bottle, 240 ml",Nevirapine,Generic,10mg/ml,Oral suspension,"Aurobindo Unit III, India",82372,240,1000,1950,1.95,0.01,3.22,369,6218.58,TRUE,3/9/11,3/15/11,,
117-ET-T30,FPQ-7001,SO-38580,DN-2148,Ethiopia,PMO - US,From RDC,N/A - From RDC,Air,ARV,Adult,SCMS from RDC,"Tenofovir Disoproxil Fumarate 300mg, tablets, 30 Tabs",Tenofovir Disoproxil Fumarate,Generic,300mg,Tablet,"Aurobindo Unit III, India",82373,30,6993,45944.01,6.57,0.22,75.81,629,4277.04,TRUE,4/30/11,3/18/11,,
104-CI-T30,FPQ-6891,SO-38540,DN-2153,Côte d'Ivoire,PMO - US,From RDC,N/A - From RDC,Air,ARV,Adult,SCMS from RDC,"Tenofovir Disoproxil Fumarate 300mg, tablets, 30 Tabs",Tenofovir Disoproxil Fumarate,Generic,300mg,Tablet,"Aurobindo Unit III, India",82374,30,859,5643.63,6.57,0.22,9.31,12232,60010.73,TRUE,4/20/11,6/10/11,,
113-ZW-T30,FPQ-6470,SO-39260,DN-2177,Zimbabwe,PMO - US,From RDC,N/A - From RDC,Truck,ARV,Adult,SCMS from RDC,"Lamivudine/Stavudine 150/30mg, tablets, 60 Tabs",Lamivudine/Stavudine,Generic,150/30mg,Tablet - FDC,"Cipla, Goa, India",82378,60,2786,9138.08,3.28,0.05,19.7,213,3403.98,TRUE,3/31/11,5/20/11,,
106-HT-T30,FPQ-6484,SO-37790,DN-2186,Haiti,PMO - US,From RDC,N/A - From RDC,Air,ARV,Pediatric,SCMS from RDC,"Zidovudine 100mg, capsules, 100 Caps",Zidovudine,Generic,100mg,Capsule,"Aurobindo Unit III, India",82379,100,1242,6011.28,4.84,0.05,12.96,260,2452.54,TRUE,4/14/11,5/4/11,,
106-HT-T30,FPQ-6484,SO-39310,DN-2188,Haiti,PMO - US,From RDC,N/A - From RDC,Air,ARV,Pediatric,SCMS from RDC,"Efavirenz 200mg, capsule, 90 Caps",Efavirenz,Generic,200mg,Capsule,"Aurobindo Unit III, India",82380,90,1260,12234.6,9.71,0.11,26.38,194,2452.54,TRUE,5/12/11,5/4/11,,
114-UG-T30,FPQ-7162,SO-38810,DN-2191,Uganda,PMO - US,From RDC,N/A - From RDC,Truck,ARV,Adult,SCMS from RDC,"Lamivudine/Nevirapine/Zidovudine 150/200/300mg, tablets, 60 Tabs",Lamivudine/Nevirapine/Zidovudine,Generic,150/300/200mg,Tablet - FDC,Mylan (formerly Matrix) Nashik,82381,60,100000,1122000,11.22,0.19,1851.3,14983,78442.21,TRUE,5/11/11,5/24/11,,
151-NG-T30,FPQ-7217,SO-39640,DN-2220,Nigeria,PMO - US,From RDC,N/A - From RDC,Air Charter,ARV,Adult,SCMS from RDC,"Efavirenz 600mg, tablets, 30 Tabs",Efavirenz,Generic,600mg,Tablet,Mylan (formerly Matrix) Nashik,82382,30,57468,248261.77,4.32,0.14,409.63,4915,13398.06,TRUE,6/15/11,7/5/11,,
113-ZW-T30,FPQ-6470,SO-37860,DN-2223,Zimbabwe,PMO - US,From RDC,N/A - From RDC,Truck,ARV,Adult,SCMS from RDC,"Efavirenz 600mg, tablets, 30 Tabs",Efavirenz,Generic,600mg,Tablet,"Aurobindo Unit III, India",82383,30,6392,27741.28,4.34,0.14,59.81,571,4428.06,TRUE,5/31/11,6/30/11,,
200-ZW-T30,FPQ-6483,SO-39520,DN-2224,Zimbabwe,PMO - US,From RDC,N/A - From RDC,Truck,ARV,Pediatric,SCMS from RDC,"Lamivudine/Nevirapine/Zidovudine 30/50/60mg, dispersible tablets, 60 Tabs",Lamivudine/Nevirapine/Zidovudine,Generic,30/50/60mg,Chewable/dispersible tablet - FDC,Mylan (formerly Matrix) Nashik,82384,60,35000,148750,4.25,0.07,320.7,2032,4428.06,TRUE,5/31/11,6/30/11,,
105-GY-T30,FPQ-7621,SO-39720,DN-2231,Guyana,PMO - US,From RDC,N/A - From RDC,Air,ARV,Pediatric,SCMS from RDC,"Zidovudine 100mg, capsules, 100 Caps",Zidovudine,Generic,100mg,Capsule,"Aurobindo Unit III, India",82385,100,1043,4964.68,4.76,0.05,8.19,332,4398.32,TRUE,10/27/11,6/15/11,,
117-ET-T30,FPQ-7798,SO-39770,DN-2234,Ethiopia,PMO - US,From RDC,N/A - From RDC,Air,ARV,Adult,SCMS from RDC,"Lamivudine/Tenofovir Disoproxil Fumarate 300/300mg, tablets, 30 Tabs",Lamivudine/Tenofovir Disoproxil Fumarate,Generic,300/300mg,Tablet - FDC,Mylan (formerly Matrix) Nashik,82386,30,27558,237825.55,8.63,0.29,392.41,,,TRUE,6/21/11,6/1/11,,
151-NG-T30,FPQ-7217,SO-39850,DN-2245,Nigeria,PMO - US,From RDC,N/A - From RDC,Air Charter,ARV,Pediatric,SCMS from RDC,"Efavirenz 200mg, capsule, 90 Caps",Efavirenz,Generic,200mg,Capsule,"Aurobindo Unit III, India",82387,90,1280,12403.2,9.69,0.11,20.47,177,13398.06,TRUE,6/15/11,7/6/11,,
110-ZM-T30,FPQ-7233,SO-39040,DN-2273,Zambia,PMO - US,From RDC,N/A - From RDC,Truck,ARV,Pediatric,SCMS from RDC,"Nevirapine 10mg/ml, oral suspension, Bottle, 240 ml",Nevirapine,Generic,10mg/ml,Oral suspension,"Aurobindo Unit III, India",82388,240,20000,36000,1.8,0.01,59.4,7469,3949.19,TRUE,8/15/11,8/5/11,,
113-ZW-T30,FPQ-6470,SO-37841,DN-2282,Zimbabwe,PMO - US,From RDC,N/A - From RDC,Truck,ARV,Adult,SCMS from RDC,"Lamivudine/Nevirapine/Stavudine 150/200/30mg, tablets, 60 Tabs",Lamivudine/Nevirapine/Stavudine,Generic,150/200/30mg,Tablet - FDC,"Cipla, Goa, India",82389,60,51722,278264.38,5.38,0.09,599.94,9134,16064.09,TRUE,8/15/11,8/11/11,,
200-ZW-T30,FPQ-6483,SO-38901,DN-2288,Zimbabwe,PMO - US,From RDC,N/A - From RDC,Air,ARV,Pediatric,SCMS from RDC,"Didanosine 125mg, delayed-release capsules, 30 Caps",Didanosine,Generic,125mg,Delayed-release capsules,"Aurobindo Unit III, India",82390,30,124,1054,8.5,0.28,2.27,8,940.23,TRUE,9/30/11,8/4/11,,
110-ZM-T30,FPQ-7233,SO-39031,DN-2289,Zambia,PMO - US,From RDC,N/A - From RDC,Air,ARV,Adult,SCMS from RDC,"Emtricitabine/Tenofovir Disoproxil Fumarate 200/300mg, tablets, 30 Tabs",Emtricitabine/Tenofovir Disoproxil Fumarate,Generic,200/300mg,Tablet - FDC,Mylan (formerly Matrix) Nashik,82391,30,10015,109363.8,10.92,0.36,180.45,846,3798.73,TRUE,8/15/11,7/18/11,,
114-UG-T30,FPQ-7162,SO-38801,DN-2297,Uganda,PMO - US,From RDC,N/A - From RDC,Truck,ARV,Adult,SCMS from RDC,"Nevirapine 200mg, tablets, 60 Tabs",Nevirapine,Generic,200mg,Tablet,"Strides, Bangalore, India.",82392,60,451,1132.01,2.51,0.04,1.87,698,3865.63,TRUE,8/5/11,8/5/11,,
114-UG-T30,FPQ-7162,SO-38820,DN-2298,Uganda,PMO - US,From RDC,N/A - From RDC,Truck,ARV,Adult,SCMS from RDC,"Lamivudine/Zidovudine 150/300mg, tablets, 60 Tabs",Lamivudine/Zidovudine,Generic,150/300mg,Tablet - FDC,"Aurobindo Unit III, India",82393,60,15107,124783.82,8.26,0.14,205.89,1409,10928.52,TRUE,7/29/11,8/2/11,,
113-ZW-T30,FPQ-6470,SO-37843,DN-2300,Zimbabwe,PMO - US,From RDC,N/A - From RDC,Truck,ARV,Adult,SCMS from RDC,"Lamivudine/Tenofovir Disoproxil Fumarate 300/300mg, tablets, 30 Tabs",Lamivudine/Tenofovir Disoproxil Fumarate,Generic,300/300mg,Tablet - FDC,Mylan (formerly Matrix) Nashik,82394,30,10114,87283.82,8.63,0.29,188.18,1019,4969.87,TRUE,9/6/11,9/5/11,,
104-CI-T30,FPQ-7659,SO-40121,DN-2304,Côte d'Ivoire,PMO - US,From RDC,N/A - From RDC,Air,ARV,Adult,SCMS from RDC,"Lamivudine/Nevirapine/Zidovudine 150/200/300mg, tablets, 60 Tabs",Lamivudine/Nevirapine/Zidovudine,Generic,150/300/200mg,Tablet - FDC,Mylan (formerly Matrix) Nashik,82395,60,160058,1795850.8,11.22,0.19,2963.15,26409,60432.88,TRUE,9/27/11,9/12/11,,
111-MZ-T30,FPQ-7053,SO-40180,DN-2317,Mozambique,PMO - US,From RDC,N/A - From RDC,Truck,ARV,Adult,SCMS from RDC,"Lamivudine/Nevirapine/Zidovudine 150/200/300mg, tablets, 60 Tabs",Lamivudine/Nevirapine/Zidovudine,Generic,150/300/200mg,Tablet - FDC,"Aurobindo Unit III, India",82397,60,119098,1336279.5,11.22,0.19,2204.86,15808,11969.68,TRUE,11/2/11,11/2/11,,
114-UG-T30,FPQ-8048,SO-40210,DN-2327,Uganda,PMO - US,From RDC,N/A - From RDC,Air,ARV,Adult,SCMS from RDC,"Tenofovir Disoproxil Fumarate 300mg, tablets, 30 Tabs",Tenofovir Disoproxil Fumarate,Generic,300mg,Tablet,Mylan (formerly Matrix) Nashik,82398,30,2447,15709.74,6.42,0.21,25.92,138,1812.94,TRUE,11/3/11,8/21/11,,
114-UG-T30,FPQ-7166,SO-38871,DN-2334,Uganda,PMO - US,From RDC,N/A - From RDC,Air,ARV,Pediatric,SCMS from RDC,"Nevirapine 10mg/ml, oral suspension w/syringe, Bottle, 240 ml",Nevirapine,Generic,10mg/ml,Oral suspension,"Aurobindo Unit III, India",82399,240,11326,22085.7,1.95,0.01,36.44,4274,24213.81,TRUE,8/31/11,9/14/11,,
104-CI-T30,FPQ-7659,SO-40122,DN-2339,Côte d'Ivoire,PMO - US,From RDC,N/A - From RDC,Air,ARV,Adult,SCMS from RDC,"Lamivudine/Nevirapine/Zidovudine 150/200/300mg, tablets, 60 Tabs",Lamivudine/Nevirapine/Zidovudine,Generic,150/300/200mg,Tablet - FDC,"Aurobindo Unit III, India",82401,60,12169,136536.19,11.22,0.19,225.28,7916,21397.38,TRUE,10/12/11,10/12/11,,
105-GY-T30,FPQ-8023,SO-40440,DN-2348,Guyana,PMO - US,From RDC,N/A - From RDC,Air,ARV,Adult,SCMS from RDC,"Zidovudine 300mg, tablets, 60 Tabs",Zidovudine,Generic,300mg,Tablet,Hetero Unit III Hyderabad IN,82402,60,726,5096.52,7.02,0.12,8.41,199,3127.35,TRUE,10/18/11,10/3/11,,
151-NG-T30,FPQ-7812,SO-39994,DN-2353,Nigeria,PMO - US,From RDC,N/A - From RDC,Air Charter,ARV,Adult,SCMS from RDC,"Lamivudine 150mg, tablets, 60 Tabs",Lamivudine,Generic,150mg,Tablet,"Aurobindo Unit III, India",82403,60,4300,10019,2.33,0.04,16.53,220,18495.9,TRUE,11/3/11,9/28/11,,
151-NG-T30,FPQ-7812,SO-39997,DN-2356,Nigeria,PMO - US,From RDC,N/A - From RDC,Air Charter,ARV,Adult,SCMS from RDC,"Emtricitabine/Tenofovir Disoproxil Fumarate 200/300mg, tablets, 30 Tabs",Emtricitabine/Tenofovir Disoproxil Fumarate,Generic,200/300mg,Tablet - FDC,Mylan (formerly Matrix) Nashik,82404,30,115089,1127872.2,9.8,0.33,1860.99,11004,18495.9,TRUE,11/3/11,9/28/11,,
151-NG-T30,FPQ-7812,SO-39998,DN-2358,Nigeria,PMO - US,From RDC,N/A - From RDC,Air Charter,ARV,Adult,SCMS from RDC,"Lamivudine/Zidovudine 150/300mg, tablets, 60 Tabs",Lamivudine/Zidovudine,Generic,150/300mg,Tablet - FDC,Mylan (formerly Matrix) Nashik,82405,60,3446,28463.96,8.26,0.14,46.97,6622,18495.9,TRUE,11/3/11,9/28/11,,
151-NG-T30,FPQ-7812,SO-39998,DN-2358,Nigeria,PMO - US,From RDC,N/A - From RDC,Air Charter,ARV,Adult,SCMS from RDC,"Lamivudine/Zidovudine 150/300mg, tablets, 60 Tabs",Lamivudine/Zidovudine,Generic,150/300mg,Tablet - FDC,"Aurobindo Unit III, India",82406,60,61567,508543.4,8.26,0.14,839.1,,,FALSE,11/3/11,9/28/11,,
901-SZ-T30,FPQ-8360,SO-40590,DN-2360,Swaziland,PMO - US,From RDC,N/A - From RDC,Air,ARV,Adult,SCMS from RDC,"Abacavir 300mg, tablets, 60 Tabs",Abacavir,Generic,300mg,Tablet,Mylan (formerly Matrix) Nashik,82407,60,4224,61797.12,14.63,0.24,101.97,1926,3134.82,TRUE,9/30/11,9/15/11,,
901-SZ-T30,FPQ-8360,SO-40590,DN-2360,Swaziland,PMO - US,From RDC,N/A - From RDC,Air,ARV,Adult,SCMS from RDC,"Lamivudine/Nevirapine/Zidovudine 150/200/300mg, tablets, 60 Tabs",Lamivudine/Nevirapine/Zidovudine,Generic,150/300/200mg,Tablet - FDC,"Aurobindo Unit III, India",82408,60,10900,122298,11.22,0.19,201.79,,,FALSE,9/30/11,9/15/11,,
106-HT-T30,FPQ-6801,SO-38215,DN-2370,Haiti,PMO - US,From RDC,N/A - From RDC,Air,ARV,Pediatric,SCMS from RDC,"Nevirapine 10mg/ml, oral suspension w/syringe, Bottle, 240 ml",Nevirapine,Generic,10mg/ml,Oral suspension,"Aurobindo Unit III, India",82409,240,1292,2519.4,1.95,0.01,4.16,483,5324.69,TRUE,10/31/11,10/10/11,,
900-SZ-T30,FPQ-8417,SO-40680,DN-2379,Swaziland,PMO - US,From RDC,N/A - From RDC,Air,ARV,Adult,SCMS from RDC,"Lamivudine/Tenofovir Disoproxil Fumarate 300/300mg, tablets, 30 Tabs",Lamivudine/Tenofovir Disoproxil Fumarate,Generic,300/300mg,Tablet - FDC,Mylan (formerly Matrix) Nashik,82410,30,30000,246900,8.23,0.27,407.38,2641,7168.8,TRUE,10/6/11,10/11/11,,
114-UG-T30,FPQ-7166,SO-38872,DN-2382,Uganda,PMO - US,From RDC,N/A - From RDC,Air,ARV,Pediatric,SCMS from RDC,"Nevirapine 10mg/ml, oral suspension w/syringe, Bottle, 240 ml",Nevirapine,Generic,10mg/ml,Oral suspension,"Aurobindo Unit III, India",82411,240,13993,27286.35,1.95,0.01,45.02,5262,27823.07,TRUE,10/30/11,11/1/11,,
109-TZ-T30,FPQ-7675,SO-39753,DN-2386,Tanzania,PMO - US,From RDC,N/A - From RDC,Air,ARV,Adult,SCMS from RDC,"Efavirenz/Emtricitabine/Tenofovir Disoproxil Fumarate 600/200/300mg, tablets, 30 Tabs",Efavirenz/Emtricitabine/Tenofovir Disoproxil Fumarate,Generic,600/200/300mg,Tablet - FDC,Mylan (formerly Matrix) Nashik,82412,30,4163,82926.96,19.92,0.66,136.83,483,2367.4,TRUE,11/29/11,11/29/11,,
111-MZ-T30,FPQ-7053,SO-38642,DN-2392,Mozambique,PMO - US,From RDC,N/A - From RDC,Truck,ARV,Pediatric,SCMS from RDC,"Nevirapine 10mg/ml, oral suspension w/syringe, Bottle, 240 ml",Nevirapine,Generic,10mg/ml,Oral suspension,"Aurobindo Unit III, India",82413,240,26337,51357.15,1.95,0.01,84.74,9931,6888.32,TRUE,12/14/11,12/14/11,,
151-NG-T30,FPQ-7812,SO-40722,DN-2394,Nigeria,PMO - US,From RDC,N/A - From RDC,Air Charter,ARV,Adult,SCMS from RDC,"Lamivudine/Tenofovir Disoproxil Fumarate 300/300mg, tablets, 30 Tabs",Lamivudine/Tenofovir Disoproxil Fumarate,Generic,300/300mg,Tablet - FDC,Mylan (formerly Matrix) Nashik,82414,30,24346,190385.72,7.82,0.26,314.14,2391,21326.73,TRUE,12/5/11,10/14/11,,
151-NG-T30,FPQ-7812,SO-40723,DN-2395,Nigeria,PMO - US,From RDC,N/A - From RDC,Air Charter,ARV,Adult,SCMS from RDC,"Lamivudine/Nevirapine/Zidovudine 150/200/300mg, tablets, 60 Tabs",Lamivudine/Nevirapine/Zidovudine,Generic,150/300/200mg,Tablet - FDC,"Aurobindo Unit III, India",82415,60,105160,1179895.2,11.22,0.19,1946.83,28277,21326.73,TRUE,12/5/11,10/13/11,,
111-MZ-T30,FPQ-7053,SO-38637,DN-2414,Mozambique,PMO - US,From RDC,N/A - From RDC,Truck,ARV,Pediatric,SCMS from RDC,"Nevirapine 10mg/ml, oral suspension w/syringe, Bottle, 240 ml",Nevirapine,Generic,10mg/ml,Oral suspension,"Aurobindo Unit III, India",82416,240,2930,5713.5,1.95,0.01,9.43,1102,2779.53,TRUE,1/25/12,1/25/12,,
104-CI-T30,FPQ-8295,SO-40780,DN-2421,Côte d'Ivoire,PMO - US,From RDC,N/A - From RDC,Truck,ARV,Adult,SCMS from RDC,"Lamivudine 150mg, tablets, 60 Tabs",Lamivudine,Generic,150mg,Tablet,"Aurobindo Unit III, India",82417,60,8100,18873,2.33,0.04,31.14,387,3296.34,TRUE,12/15/11,11/19/11,,
110-ZM-T30,FPQ-7667,SO-40241,DN-2423,Zambia,PMO - US,From RDC,N/A - From RDC,Ocean,ARV,Pediatric,SCMS from RDC,"Nevirapine 10mg/ml, oral suspension w/syringe, Bottle, 240 ml",Nevirapine,Generic,10mg/ml,Oral suspension,"Aurobindo Unit III, India",82418,240,12861,25078.95,1.95,0.01,41.38,4836,4075.1,TRUE,1/10/12,11/28/11,,
111-MZ-T30,FPQ-8157,SO-40320,DN-2425,Mozambique,PMO - US,From RDC,N/A - From RDC,Truck,ARV,Adult,SCMS from RDC,"Lamivudine/Nevirapine/Zidovudine 150/200/300mg, tablets, 60 Tabs",Lamivudine/Nevirapine/Zidovudine,Generic,150/300/200mg,Tablet - FDC,"Aurobindo Unit VII, IN",82419,60,107325,1204186.5,11.22,0.19,1986.91,12669,11291.75,TRUE,12/14/11,12/14/11,,
109-TZ-T30,FPQ-7675,SO-39750,DN-2445,Tanzania,PMO - US,From RDC,N/A - From RDC,Air,ARV,Pediatric,SCMS from RDC,"Abacavir 20mg/ml, oral solution w/syringe, Bottle, 240 ml",Abacavir,Generic,20mg/ml,Oral solution,"Aurobindo Unit III, India",82420,240,2335,29187.5,12.5,0.05,48.16,9523,,TRUE,1/30/12,12/22/11,,
109-TZ-T30,FPQ-7675,SO-39754,DN-2447,Tanzania,PMO - US,From RDC,N/A - From RDC,Air,ARV,Adult,SCMS from RDC,"Efavirenz/Emtricitabine/Tenofovir Disoproxil Fumarate 600/200/300mg, tablets, 30 Tabs",Efavirenz/Emtricitabine/Tenofovir Disoproxil Fumarate,Generic,600/200/300mg,Tablet - FDC,Mylan (formerly Matrix) Nashik,82421,30,11723,233522.16,19.92,0.66,385.31,1305,,TRUE,1/31/12,12/22/11,,
151-NG-T30,FPQ-8364,SO-40652,DN-2454,Nigeria,PMO - US,From RDC,N/A - From RDC,Air Charter,ARV,Adult,SCMS from RDC,"Lamivudine 150mg, tablets, 60 Tabs",Lamivudine,Generic,150mg,Tablet,"Aurobindo Unit III, India",82422,60,4700,10951,2.33,0.04,18.07,264,15322.73,TRUE,3/2/12,12/18/11,,
151-NG-T30,FPQ-8364,SO-40653,DN-2455,Nigeria,PMO - US,From RDC,N/A - From RDC,Air Charter,ARV,Adult,SCMS from RDC,"Emtricitabine/Tenofovir Disoproxil Fumarate 200/300mg, tablets, 30 Tabs",Emtricitabine/Tenofovir Disoproxil Fumarate,Generic,200/300mg,Tablet - FDC,"Aurobindo Unit III, India",82423,30,5950,53371.5,8.97,0.3,88.06,631,15322.73,TRUE,3/2/12,12/18/11,,
104-CI-T30,FPQ-8295,SO-40791,DN-2459,Côte d'Ivoire,PMO - US,From RDC,N/A - From RDC,Truck,ARV,Pediatric,SCMS from RDC,"Didanosine 200mg, chewable/dispersible tablets, 60 Tabs",Didanosine,Generic,200mg,Chewable/dispersible tablet,"Aurobindo Unit III, India",82424,60,3765,56475,15,0.25,93.18,303,12102.81,TRUE,2/6/12,2/6/12,,
151-NG-T30,FPQ-8364,SO-40654,DN-2462,Nigeria,PMO - US,From RDC,N/A - From RDC,Air Charter,ARV,Adult,SCMS from RDC,"Nevirapine 200mg, tablets, 60 Tabs",Nevirapine,Generic,200mg,Tablet,Hetero Unit III Hyderabad IN,82425,60,60000,154800,2.58,0.04,255.42,9746,15322.73,TRUE,3/2/12,12/18/11,,
151-NG-T30,FPQ-8364,SO-40661,DN-2465,Nigeria,PMO - US,From RDC,N/A - From RDC,Air Charter,ARV,Adult,SCMS from RDC,"Lamivudine/Nevirapine/Zidovudine 150/200/300mg, tablets, 60 Tabs",Lamivudine/Nevirapine/Zidovudine,Generic,150/300/200mg,Tablet - FDC,Mylan (formerly Matrix) Nashik,82426,60,9887,110932.14,11.22,0.19,183.04,20845,15322.73,TRUE,3/16/12,12/18/11,,
104-CI-T30,FPQ-8363,SO-40831,DN-2469,Côte d'Ivoire,PMO - US,From RDC,N/A - From RDC,Air Charter,ARV,Adult,SCMS from RDC,"Lamivudine/Zidovudine 150/300mg, tablets, 60 Tabs",Lamivudine/Zidovudine,Generic,150/300mg,Tablet - FDC,"Aurobindo Unit III, India",82427,60,14081,116309.06,8.26,0.14,191.91,6410,24940.97,TRUE,4/27/12,2/8/12,,
151-NG-T30,FPQ-8364,SO-40663,DN-2475,Nigeria,PMO - US,From RDC,N/A - From RDC,Air Charter,ARV,Adult,SCMS from RDC,"Lamivudine/Tenofovir Disoproxil Fumarate 300/300mg, tablets, 30 Tabs",Lamivudine/Tenofovir Disoproxil Fumarate,Generic,300/300mg,Tablet - FDC,Mylan (formerly Matrix) Nashik,82428,30,43441,357519.44,8.23,0.27,589.91,3263,15322.7,TRUE,3/16/12,12/18/11,,
101-CD-T30,FPQ-9015,SO-41230,DN-2478,"Congo, DRC",PMO - US,From RDC,N/A - From RDC,Air,ARV,Adult,SCMS from RDC,"Lamivudine/Zidovudine 150/300mg, tablets, 60 Tabs",Lamivudine/Zidovudine,Generic,150/300mg,Tablet - FDC,"Aurobindo Unit III, India",82429,60,1500,12390,8.26,0.14,17.37,147,1182.25,TRUE,12/27/11,1/3/12,,
109-TZ-T30,FPQ-8297,SO-40601,DN-2483,Tanzania,PMO - US,From RDC,N/A - From RDC,Truck,ARV,Adult,SCMS from RDC,"Efavirenz 600mg, tablets, 30 Tabs",Efavirenz,Generic,600mg,Tablet,"Strides, Bangalore, India.",82430,30,200693,846924.44,4.22,0.14,1397.43,17947,,TRUE,2/29/12,2/5/12,,
110-ZM-T30,FPQ-7085,SO-38740,DN-2487,Zambia,PMO - US,From RDC,N/A - From RDC,Truck,ARV,Adult,SCMS from RDC,"Nevirapine 200mg, tablets, 60 Tabs",Nevirapine,Generic,200mg,Tablet,"Aurobindo Unit VII, IN",82431,60,13836,34728.36,2.51,0.04,57.3,1332,6476.7,TRUE,1/30/12,1/20/12,,
101-CD-T30,FPQ-8840,SO-41131,DN-2493,"Congo, DRC",PMO - US,From RDC,N/A - From RDC,Air,ARV,Adult,SCMS from RDC,"Lamivudine/Zidovudine 150/300mg, tablets, 60 Tabs",Lamivudine/Zidovudine,Generic,150/300mg,Tablet - FDC,"Aurobindo Unit III, India",82432,60,97,801.22,8.26,0.14,1.12,46,456.17,TRUE,3/16/12,2/14/12,,
101-CD-T30,FPQ-8840,SO-41132,DN-2494,"Congo, DRC",PMO - US,From RDC,N/A - From RDC,Air,ARV,Adult,SCMS from RDC,"Nevirapine 200mg, tablets, 60 Tabs",Nevirapine,Generic,200mg,Tablet,"Strides, Bangalore, India.",82433,60,16,41.28,2.58,0.04,0.06,42,456.18,TRUE,3/16/12,2/14/12,,
101-CD-T30,FPQ-8840,SO-41134,DN-2496,"Congo, DRC",PMO - US,From RDC,N/A - From RDC,Air,ARV,Adult,SCMS from RDC,"Lamivudine/Nevirapine/Zidovudine 150/200/300mg, tablets, 60 Tabs",Lamivudine/Nevirapine/Zidovudine,Generic,150/300/200mg,Tablet - FDC,Mylan (formerly Matrix) Nashik,82434,60,54,594,11,0.18,0.83,,,TRUE,3/16/12,2/14/12,,
101-CD-T30,FPQ-8840,SO-41135,DN-2497,"Congo, DRC",PMO - US,From RDC,N/A - From RDC,Air,ARV,Adult,SCMS from RDC,"Lamivudine/Nevirapine/Zidovudine 150/200/300mg, tablets, 60 Tabs",Lamivudine/Nevirapine/Zidovudine,Generic,150/300/200mg,Tablet - FDC,Mylan (formerly Matrix) Nashik,82435,60,28,308,11,0.18,0.43,13,912.36,TRUE,3/16/12,2/14/12,,
101-CD-T30,FPQ-8840,SO-41138,DN-2500,"Congo, DRC",PMO - US,From RDC,N/A - From RDC,Air,ARV,Adult,SCMS from RDC,"Lamivudine/Nevirapine/Zidovudine 150/200/300mg, tablets, 60 Tabs",Lamivudine/Nevirapine/Zidovudine,Generic,150/300/200mg,Tablet - FDC,Mylan (formerly Matrix) Nashik,82436,60,1176,12936,11,0.18,18.14,308,1824.72,TRUE,2/10/12,2/14/12,,
101-CD-T30,FPQ-8840,SO-41138,DN-2500,"Congo, DRC",PMO - US,From RDC,N/A - From RDC,Air,ARV,Adult,SCMS from RDC,"Lopinavir/Ritonavir 200/50mg, tablets, 120 Tabs",Lopinavir/Ritonavir,Generic,200/50mg,Tablet,"Aurobindo Unit III, India",82437,120,147,4959.78,33.74,0.28,6.95,,,FALSE,2/10/12,2/14/12,,
101-CD-T30,FPQ-8840,SO-41138,DN-2500,"Congo, DRC",PMO - US,From RDC,N/A - From RDC,Air,ARV,Adult,SCMS from RDC,"Nevirapine 200mg, tablets, 60 Tabs",Nevirapine,Generic,200mg,Tablet,"Strides, Bangalore, India.",82438,60,341,879.78,2.58,0.04,1.23,,,FALSE,2/10/12,2/14/12,,
101-CD-T30,FPQ-8840,SO-41142,DN-2506,"Congo, DRC",PMO - US,From RDC,N/A - From RDC,Air,ARV,Adult,SCMS from RDC,"Zidovudine 300mg, tablets, 60 Tabs",Zidovudine,Generic,300mg,Tablet,Hetero Unit III Hyderabad IN,82439,60,913,6409.26,7.02,0.12,8.99,288,2460.79,TRUE,3/16/12,3/14/12,,
101-CD-T30,FPQ-8840,SO-41143,DN-2507,"Congo, DRC",PMO - US,From RDC,N/A - From RDC,Air,ARV,Adult,SCMS from RDC,"Zidovudine 300mg, tablets, 60 Tabs",Zidovudine,Generic,300mg,Tablet,Hetero Unit III Hyderabad IN,82440,60,1029,7223.58,7.02,0.12,10.13,324,3436.14,TRUE,3/16/12,4/11/12,,
101-CD-T30,FPQ-8840,SO-41145,DN-2509,"Congo, DRC",PMO - US,From RDC,N/A - From RDC,Air,ARV,Adult,SCMS from RDC,"Zidovudine 300mg, tablets, 60 Tabs",Zidovudine,Generic,300mg,Tablet,Hetero Unit III Hyderabad IN,82441,60,98,687.96,7.02,0.12,0.96,65,1418.01,TRUE,3/16/12,4/13/12,,
101-CD-T30,FPQ-8840,SO-41146,DN-2510,"Congo, DRC",PMO - US,From RDC,N/A - From RDC,Air,ARV,Adult,SCMS from RDC,"Lamivudine/Tenofovir Disoproxil Fumarate 300/300mg, tablets, 30 Tabs",Lamivudine/Tenofovir Disoproxil Fumarate,Generic,300/300mg,Tablet - FDC,Mylan (formerly Matrix) Nashik,82442,30,20,121.6,6.08,0.2,0.17,70,1524.5,TRUE,3/16/12,3/23/12,,
101-CD-T30,FPQ-8840,SO-41148,DN-2512,"Congo, DRC",PMO - US,From RDC,N/A - From RDC,Air,ARV,Adult,SCMS from RDC,"Lamivudine/Tenofovir Disoproxil Fumarate 300/300mg, tablets, 30 Tabs",Lamivudine/Tenofovir Disoproxil Fumarate,Generic,300/300mg,Tablet - FDC,Mylan (formerly Matrix) Nashik,82443,30,103,626.24,6.08,0.2,0.88,1072,5636.3,TRUE,3/16/12,3/14/12,,
110-ZM-T30,FPQ-7767,SO-40270,DN-2513,Zambia,PMO - US,From RDC,N/A - From RDC,Truck,ARV,Adult,SCMS from RDC,"Abacavir 300mg, tablets, 60 Tabs",Abacavir,Generic,300mg,Tablet,Mylan (formerly Matrix) Nashik,82444,60,27452,412878.1,15.04,0.25,681.25,3898,11292.05,TRUE,2/28/12,2/17/12,,
111-MZ-T30,FPQ-8157,SO-40310,DN-2517,Mozambique,PMO - US,From RDC,N/A - From RDC,Truck,ARV,Adult,SCMS from RDC,"Nevirapine 200mg, tablets, 60 Tabs",Nevirapine,Generic,200mg,Tablet,"Aurobindo Unit VII, IN",82445,60,2870,7031.5,2.45,0.04,11.6,277,4313.33,TRUE,2/15/12,3/8/12,,
101-CD-T30,FPQ-8840,SO-41380,DN-2522,"Congo, DRC",PMO - US,From RDC,N/A - From RDC,Air,ARV,Adult,SCMS from RDC,"Lamivudine 150mg, tablets, 60 Tabs",Lamivudine,Generic,150mg,Tablet,Hetero Unit III Hyderabad IN,82446,60,6,13.98,2.33,0.04,0.02,6,522.42,TRUE,3/22/12,3/22/12,,
101-CD-T30,FPQ-8840,SO-41382,DN-2530,"Congo, DRC",PMO - US,From RDC,N/A - From RDC,Air,ARV,Adult,SCMS from RDC,"Lamivudine 150mg, tablets, 60 Tabs",Lamivudine,Generic,150mg,Tablet,Hetero Unit III Hyderabad IN,82447,60,20,46.6,2.33,0.04,0.07,1,491.43,TRUE,3/22/12,3/22/12,,
110-ZM-T30,FPQ-8759,SO-41121,DN-2532,Zambia,PMO - US,From RDC,N/A - From RDC,Truck,ARV,Adult,SCMS from RDC,"Abacavir 300mg, tablets, 60 Tabs",Abacavir,Generic,300mg,Tablet,Mylan (formerly Matrix) Nashik,82448,60,7548,110427.24,14.63,0.24,154.82,13472,11292.05,TRUE,4/27/12,2/17/12,,
109-TZ-T30,FPQ-8303,SO-40500,DN-2540,Tanzania,PMO - US,From RDC,N/A - From RDC,Truck,ARV,Pediatric,SCMS from RDC,"Efavirenz 50mg, capsule, 30 Caps",Efavirenz,Generic,50mg,Capsule,"Aurobindo Unit III, India",82449,30,18732,41959.68,2.24,0.07,69.23,1090,1698.83,TRUE,3/15/12,3/12/12,,
104-CI-T30,FPQ-8295,SO-40790,DN-2548,Côte d'Ivoire,PMO - US,From RDC,N/A - From RDC,Truck,ARV,Adult,SCMS from RDC,"Lamivudine/Nevirapine/Zidovudine 150/200/300mg, tablets, 60 Tabs",Lamivudine/Nevirapine/Zidovudine,Generic,150/300/200mg,Tablet - FDC,"Aurobindo Unit III, India",82450,60,92352,1036189.44,11.22,0.19,1709.71,10832,3641.16,TRUE,2/29/12,3/1/12,,
109-TZ-T30,FPQ-8303,SO-41390,DN-2550,Tanzania,PMO - US,From RDC,N/A - From RDC,Truck,ARV,Pediatric,SCMS from RDC,"Abacavir 20mg/ml, oral solution w/syringe, Bottle, 240 ml",Abacavir,Generic,20mg/ml,Oral solution,"Aurobindo Unit III, India",82451,240,2176,27200,12.5,0.05,44.88,821,1698.83,TRUE,3/15/12,3/12/12,,
104-CI-T30,FPQ-8363,SO-40820,DN-2551,Côte d'Ivoire,PMO - US,From RDC,N/A - From RDC,Truck,ARV,Adult,SCMS from RDC,"Tenofovir Disoproxil Fumarate 300mg, tablets, 30 Tabs",Tenofovir Disoproxil Fumarate,Generic,300mg,Tablet,Mylan (formerly Matrix) Nashik,82452,30,2160,11880,5.5,0.18,19.6,1122,6009.47,TRUE,3/2/12,2/24/12,,
109-TZ-T30,FPQ-8297,SO-40613,DN-2558,Tanzania,PMO - US,From RDC,N/A - From RDC,Truck,ARV,Adult,SCMS from RDC,"Zidovudine 300mg, tablets, 60 Tabs",Zidovudine,Generic,300mg,Tablet,"Aurobindo Unit III, India",82453,60,150000,1053000,7.02,0.12,1737.45,10142,7651.59,TRUE,4/6/12,2/14/12,,
151-NG-T30,FPQ-8952,SO-41264,DN-2566,Nigeria,PMO - US,From RDC,N/A - From RDC,Air Charter,ARV,Adult,SCMS from RDC,"Efavirenz/Emtricitabine/Tenofovir Disoproxil Fumarate 600/200/300mg, tablets, 30 Tabs",Efavirenz/Emtricitabine/Tenofovir Disoproxil Fumarate,Generic,600/200/300mg,Tablet - FDC,Mylan (formerly Matrix) Nashik,82454,30,26798,448330.53,16.73,0.56,628.56,3203,25231.96,TRUE,6/20/12,2/16/12,,
151-NG-T30,FPQ-8952,SO-41266,DN-2568,Nigeria,PMO - US,From RDC,N/A - From RDC,Air Charter,ARV,Adult,SCMS from RDC,"Nevirapine 200mg, tablets, 60 Tabs",Nevirapine,Generic,200mg,Tablet,"Strides, Bangalore, India.",82455,60,100000,258000,2.58,0.04,361.72,18672,25231.96,TRUE,6/20/12,2/16/12,,
105-GY-T30,FPQ-8623,SO-41030,DN-2575,Guyana,PMO - US,From RDC,N/A - From RDC,Air,ARV,Adult,SCMS from RDC,"Lopinavir/Ritonavir 200/50mg [Aluvia], tablets, 120 Tabs",Lopinavir/Ritonavir,Aluvia,200/50mg,Tablet,ABBVIE Ludwigshafen Germany,82456,120,1313,44300.62,33.74,0.28,62.11,276,3940.18,TRUE,3/30/12,3/19/12,,
900-SS-T30,FPQ-8624,SO-41080,DN-2581,South Sudan,PMO - US,From RDC,N/A - From RDC,Air,ARV,Adult,SCMS from RDC,"Zidovudine 300mg, tablets, 60 Tabs",Zidovudine,Generic,300mg,Tablet,Hetero Unit III Hyderabad IN,82457,60,6200,43524,7.02,0.12,61.02,2652,22788.95,TRUE,3/21/12,3/8/12,,
900-SS-T30,FPQ-8624,SO-41080,DN-2581,South Sudan,PMO - US,From RDC,N/A - From RDC,Air,ARV,Adult,SCMS from RDC,"Lamivudine/Zidovudine 150/300mg, tablets, 60 Tabs",Lamivudine/Zidovudine,Generic,150/300mg,Tablet - FDC,"Aurobindo Unit III, India",82458,60,250,2065,8.26,0.14,2.9,,,FALSE,3/21/12,3/8/12,,
151-NG-T30,FPQ-8952,SO-41268,DN-2582,Nigeria,PMO - US,From RDC,N/A - From RDC,Air Charter,ARV,Adult,SCMS from RDC,"Emtricitabine/Tenofovir Disoproxil Fumarate 200/300mg, tablets, 30 Tabs",Emtricitabine/Tenofovir Disoproxil Fumarate,Generic,200/300mg,Tablet - FDC,"Aurobindo Unit III, India",82459,30,95243,854329.7,8.97,0.3,1197.77,14487,,TRUE,6/20/12,2/16/12,,
151-NG-T30,FPQ-8952,SO-41268,DN-2582,Nigeria,PMO - US,From RDC,N/A - From RDC,Air Charter,ARV,Adult,SCMS from RDC,"Emtricitabine/Tenofovir Disoproxil Fumarate 200/300mg, tablets, 30 Tabs",Emtricitabine/Tenofovir Disoproxil Fumarate,Generic,200/300mg,Tablet - FDC,Mylan (formerly Matrix) Nashik,82460,30,50000,448500,8.97,0.3,628.8,,,FALSE,6/20/12,2/16/12,,
107-RW-T30,FPQ-9238,SO-41440,DN-2584,Rwanda,PMO - US,From RDC,N/A - From RDC,Air,HRDT,HIV test,SCMS from RDC,"HIV 1/2, Uni-Gold HIV Kit, 20 Tests","HIV 1/2, Uni-Gold HIV Kit",Uni-Gold,N/A,Test kit,"Trinity Biotech, Plc",82461,20,1000,32000,32,1.6,44.86,334,3494.5,TRUE,3/12/12,3/5/12,,
114-UG-T30,FPQ-9321,SO-41520,DN-2597,Uganda,PMO - US,From RDC,N/A - From RDC,Truck,ARV,Adult,SCMS from RDC,"Lamivudine/Nevirapine/Zidovudine 150/200/300mg, tablets, 60 Tabs",Lamivudine/Nevirapine/Zidovudine,Generic,150/300/200mg,Tablet - FDC,Mylan (formerly Matrix) Nashik,82462,60,5525,60775,11,0.18,85.21,1414,4054.19,TRUE,4/24/12,2/27/12,,
114-UG-T30,FPQ-9321,SO-41520,DN-2597,Uganda,PMO - US,From RDC,N/A - From RDC,Truck,ARV,Adult,SCMS from RDC,"Lamivudine/Tenofovir Disoproxil Fumarate 300/300mg, tablets, 30 Tabs",Lamivudine/Tenofovir Disoproxil Fumarate,Generic,300/300mg,Tablet - FDC,Mylan (formerly Matrix) Nashik,82463,30,3900,23712,6.08,0.2,33.24,,,FALSE,4/24/12,2/27/12,,
114-UG-T30,FPQ-9321,SO-41520,DN-2597,Uganda,PMO - US,From RDC,N/A - From RDC,Truck,ARV,Adult,SCMS from RDC,"Nevirapine 200mg, tablets, 60 Tabs",Nevirapine,Generic,200mg,Tablet,"Strides, Bangalore, India.",82464,60,1700,4267,2.51,0.04,5.98,,,FALSE,4/24/12,2/27/12,,
109-TZ-T30,FPQ-8297,SO-40610,DN-2598,Tanzania,PMO - US,From RDC,N/A - From RDC,Truck,ARV,Adult,SCMS from RDC,"Lamivudine/Zidovudine 150/300mg, tablets, 60 Tabs",Lamivudine/Zidovudine,Generic,150/300mg,Tablet - FDC,"Aurobindo Unit III, India",82465,60,22340,184528.4,8.26,0.14,304.47,20975,3279.25,TRUE,5/4/12,4/11/12,,
104-CI-T30,FPQ-8787,SO-41152,DN-2606,Côte d'Ivoire,PMO - US,From RDC,N/A - From RDC,Air,ARV,Adult,SCMS from RDC,"Zidovudine 300mg, tablets, 60 Tabs",Zidovudine,Generic,300mg,Tablet,"Aurobindo Unit III, India",82466,60,13860,97297.2,7.02,0.12,136.41,662,3848.91,TRUE,4/16/12,4/6/12,,
113-ZW-T30,FPQ-8464,SO-40850,DN-2605,Zimbabwe,PMO - US,From RDC,N/A - From RDC,Truck,ARV,Adult,SCMS from RDC,"Lamivudine/Zidovudine 150/300mg, tablets, 60 Tabs",Lamivudine/Zidovudine,Generic,150/300mg,Tablet - FDC,"Aurobindo Unit VII, IN",82467,60,3345,26760,8,0.13,44.15,21063,29250.68,TRUE,4/13/12,4/10/12,,
102-BI-T30,FPQ-9229,SO-41532,DN-2637,Burundi,PMO - US,From RDC,N/A - From RDC,Air,ARV,Adult,SCMS from RDC,"Abacavir 300mg, tablets, 60 Tabs",Abacavir,Generic,300mg,Tablet,Mylan (formerly Matrix) Nashik,82468,60,350,4602.5,13.15,0.22,6.45,36,1188.75,TRUE,4/26/12,4/30/12,,
151-NG-T30,FPQ-8952,SO-41269,DN-2644,Nigeria,PMO - US,From RDC,N/A - From RDC,Air Charter,ARV,Adult,SCMS from RDC,"Efavirenz/Emtricitabine/Tenofovir Disoproxil Fumarate 600/200/300mg, tablets, 30 Tabs",Efavirenz/Emtricitabine/Tenofovir Disoproxil Fumarate,Generic,600/200/300mg,Tablet - FDC,Mylan (formerly Matrix) Nashik,82469,30,50000,813500,16.27,0.54,1140.53,6078,27441.22,TRUE,6/20/12,4/30/12,,
151-NG-T30,FPQ-8952,SO-41920,DN-2645,Nigeria,PMO - US,From RDC,N/A - From RDC,Air Charter,ARV,Adult,SCMS from RDC,"Lamivudine/Zidovudine 150/300mg, tablets, 60 Tabs",Lamivudine/Zidovudine,Generic,150/300mg,Tablet - FDC,Mylan (formerly Matrix) Nashik,82470,60,29980,233244.4,7.78,0.13,327.01,2721,27441.22,TRUE,6/20/12,4/30/12,,
114-UG-T30,FPQ-9321,SO-41510,DN-2643,Uganda,PMO - US,From RDC,N/A - From RDC,Truck,ARV,Adult,SCMS from RDC,"Lamivudine/Tenofovir Disoproxil Fumarate 300/300mg, tablets, 30 Tabs",Lamivudine/Tenofovir Disoproxil Fumarate,Generic,300/300mg,Tablet - FDC,Mylan (formerly Matrix) Nashik,82471,30,1500,8310,5.54,0.18,11.65,729,3758.4,TRUE,7/3/12,5/18/12,,
114-UG-T30,FPQ-9321,SO-41510,DN-2643,Uganda,PMO - US,From RDC,N/A - From RDC,Truck,ARV,Adult,SCMS from RDC,"Nevirapine 200mg, tablets, 60 Tabs",Nevirapine,Generic,200mg,Tablet,"Strides, Bangalore, India.",82472,60,750,1830,2.44,0.04,2.57,,,FALSE,7/3/12,5/18/12,,
114-UG-T30,FPQ-9356,SO-41610,DN-2654,Uganda,PMO - US,From RDC,N/A - From RDC,Truck,ARV,Adult,SCMS from RDC,"Lopinavir/Ritonavir 200/50mg, tablets, 120 Tabs",Lopinavir/Ritonavir,Generic,200/50mg,Tablet,"Aurobindo Unit III, India",82473,120,6899,204762.31,29.68,0.25,287.08,1859,10611,TRUE,6/29/12,5/22/12,,
113-ZW-T30,FPQ-8464,SO-40861,DN-2655,Zimbabwe,PMO - US,From RDC,N/A - From RDC,Truck,ARV,Adult,SCMS from RDC,"Nevirapine 200mg, tablets, 60 Tabs",Nevirapine,Generic,200mg,Tablet,"Aurobindo Unit III, India",82474,60,16873,41170.12,2.44,0.04,67.93,8433,15219.71,TRUE,5/31/12,5/25/12,,
110-ZM-T30,FPQ-8476,SO-40950,DN-2657,Zambia,PMO - US,From RDC,N/A - From RDC,Truck,ARV,Adult,SCMS from RDC,"Efavirenz/Emtricitabine/Tenofovir Disoproxil Fumarate 600/200/300mg, tablets, 30 Tabs",Efavirenz/Emtricitabine/Tenofovir Disoproxil Fumarate,Generic,600/200/300mg,Tablet - FDC,Mylan (formerly Matrix) Nashik,82475,30,150000,2440500,16.27,0.54,4026.82,17001,6079.27,TRUE,6/1/12,5/28/12,,
110-ZM-T30,FPQ-9081,SO-41290,DN-2660,Zambia,PMO - US,From RDC,N/A - From RDC,Truck,ARV,Adult,SCMS from RDC,"Efavirenz/Emtricitabine/Tenofovir Disoproxil Fumarate 600/200/300mg, tablets, 30 Tabs",Efavirenz/Emtricitabine/Tenofovir Disoproxil Fumarate,Generic,600/200/300mg,Tablet - FDC,Mylan (formerly Matrix) Nashik,82476,30,10000,167300,16.73,0.56,234.55,1133,6079.27,TRUE,6/15/12,5/28/12,,
104-CI-T30,FPQ-8790,SO-41200,DN-2652,Côte d'Ivoire,PMO - US,From RDC,N/A - From RDC,Air,ARV,Adult,SCMS from RDC,"Lamivudine/Zidovudine 150/300mg, tablets, 60 Tabs",Lamivudine/Zidovudine,Generic,150/300mg,Tablet - FDC,Mylan (formerly Matrix) Nashik,82477,60,69684,542141.5,7.78,0.13,760.08,6798,26205.83,TRUE,5/30/12,5/30/12,,
111-MZ-T30,FPQ-9506,SO-41760,DN-2663,Mozambique,PMO - US,From RDC,N/A - From RDC,Truck,ARV,Pediatric,SCMS from RDC,"Nevirapine 10mg/ml, oral suspension w/syringe, Bottle, 240 ml",Nevirapine,Generic,10mg/ml,Oral suspension,"Aurobindo Unit III, India",82478,240,60968,118887.6,1.95,0.01,166.68,53692,29683.06,TRUE,7/3/12,6/28/12,,
151-NG-T30,FPQ-8952,SO-41255,DN-2684,Nigeria,PMO - US,From RDC,N/A - From RDC,Air Charter,ARV,Adult,SCMS from RDC,"Lamivudine/Nevirapine/Zidovudine 150/200/300mg, tablets, 60 Tabs",Lamivudine/Nevirapine/Zidovudine,Generic,150/300/200mg,Tablet - FDC,"Aurobindo Unit III, India",82479,60,220000,2420000,11,0.18,3392.84,28776,17090,TRUE,7/4/12,6/3/12,,
151-NG-T30,FPQ-9432,SO-42332,DN-2687,Nigeria,PMO - US,From RDC,N/A - From RDC,Air Charter,ARV,Adult,SCMS from RDC,"Efavirenz 600mg, tablets, 30 Tabs",Efavirenz,Generic,600mg,Tablet,"Strides, Bangalore, India.",82480,30,70000,273700,3.91,0.13,383.73,6889,17090,TRUE,8/2/12,6/3/12,,
113-ZW-T30,FPQ-8464,SO-40883,DN-2693,Zimbabwe,PMO - US,From RDC,N/A - From RDC,Truck,ARV,Adult,SCMS from RDC,"Lamivudine/Zidovudine 150/300mg, tablets, 60 Tabs",Lamivudine/Zidovudine,Generic,150/300mg,Tablet - FDC,Mylan (formerly Matrix) Nashik,82481,60,3345,26024.1,7.78,0.13,42.94,7095,5530.11,TRUE,8/14/12,6/27/12,,
113-ZW-T30,FPQ-7560,SO-39460,DN-2696,Zimbabwe,PMO - US,From RDC,N/A - From RDC,Truck,ARV,Adult,SCMS from RDC,"Zidovudine 300mg, tablets, 60 Tabs",Zidovudine,Generic,300mg,Tablet,Mylan (formerly Matrix) Nashik,82482,60,36192,254067.84,7.02,0.12,419.21,2036,5530.12,TRUE,7/31/12,6/27/12,,
113-ZW-T30,FPQ-8464,SO-40891,DN-2694,Zimbabwe,PMO - US,From RDC,N/A - From RDC,Truck,ARV,Adult,SCMS from RDC,"Lamivudine/Zidovudine 150/300mg, tablets, 60 Tabs",Lamivudine/Zidovudine,Generic,150/300mg,Tablet - FDC,Mylan (formerly Matrix) Nashik,82483,60,3345,26024.1,7.78,0.13,42.94,7114,5530.11,TRUE,10/16/12,6/27/12,,
104-CI-T30,FPQ-8790,SO-41181,DN-2715,Côte d'Ivoire,PMO - US,From RDC,N/A - From RDC,Air,ARV,Adult,SCMS from RDC,"Lamivudine 150mg, tablets, 60 Tabs",Lamivudine,Generic,150mg,Tablet,"Strides, Bangalore, India.",82484,60,9900,23067,2.33,0.04,32.34,451,2394.27,TRUE,7/2/12,7/3/12,,
107-RW-T30,FPQ-10015,SO-42470,DN-2723,Rwanda,PMO - US,From RDC,N/A - From RDC,Air,ARV,Adult,SCMS from RDC,"Nevirapine 200mg, tablets, 60 Tabs",Nevirapine,Generic,200mg,Tablet,"Aurobindo Unit III, India",82485,60,40000,97600,2.44,0.04,136.84,3771,31029.99,TRUE,7/3/12,6/20/12,,
900-UG-T30,FPQ-10048,SO-42580,DN-2724,Uganda,PMO - US,From RDC,N/A - From RDC,Air,ARV,Adult,SCMS from RDC,"Efavirenz 600mg, tablets, 30 Tabs",Efavirenz,Generic,600mg,Tablet,"Strides, Bangalore, India.",82486,30,45840,179234.4,3.91,0.13,251.29,5486,27321.52,TRUE,7/5/12,7/16/12,,
151-NG-T30,FPQ-9432,SO-41682,DN-2729,Nigeria,PMO - US,From RDC,N/A - From RDC,Air Charter,ARV,Adult,SCMS from RDC,"Efavirenz 600mg, tablets, 30 Tabs",Efavirenz,Generic,600mg,Tablet,Hetero Unit III Hyderabad IN,82487,30,50000,190500,3.81,0.13,267.08,4944,21347.13,TRUE,8/2/12,7/9/12,,
114-UG-T30,FPQ-9875,SO-42083,DN-2743,Uganda,PMO - US,From RDC,N/A - From RDC,Air,ARV,Adult,SCMS from RDC,"Lamivudine/Tenofovir Disoproxil Fumarate 300/300mg, tablets, 30 Tabs",Lamivudine/Tenofovir Disoproxil Fumarate,Generic,300/300mg,Tablet - FDC,Mylan (formerly Matrix) Nashik,82489,30,60000,332400,5.54,0.18,466.02,4547,30482.8,TRUE,8/17/12,8/1/12,,
114-UG-T30,FPQ-9355,SO-41593,DN-2744,Uganda,PMO - US,From RDC,N/A - From RDC,Truck,ARV,Adult,SCMS from RDC,"Lamivudine/Nevirapine/Zidovudine 150/200/300mg, tablets, 60 Tabs",Lamivudine/Nevirapine/Zidovudine,Generic,150/300/200mg,Tablet - FDC,"Strides, Bangalore, India.",82490,60,157,1540.17,9.81,0.16,2.16,836,4911,TRUE,9/5/12,7/26/12,,
104-CI-T30,FPQ-8790,SO-41191,DN-2754,Côte d'Ivoire,PMO - US,From RDC,N/A - From RDC,Air,ARV,Adult,SCMS from RDC,"Lamivudine/Nevirapine/Zidovudine 150/200/300mg, tablets, 60 Tabs",Lamivudine/Nevirapine/Zidovudine,Generic,150/300/200mg,Tablet - FDC,"Aurobindo Unit III, India",82491,60,80032,785113.94,9.81,0.16,1100.73,11720,11702.27,TRUE,7/31/12,7/31/12,,
104-CI-T30,FPQ-8790,SO-41201,DN-2756,Côte d'Ivoire,PMO - US,From RDC,N/A - From RDC,Air,ARV,Adult,SCMS from RDC,"Tenofovir Disoproxil Fumarate 300mg, tablets, 30 Tabs",Tenofovir Disoproxil Fumarate,Generic,300mg,Tablet,"Aurobindo Unit III, India",82492,30,1499,7225.18,4.82,0.16,10.13,123,2252.42,TRUE,7/31/12,7/31/12,,
110-ZM-T30,FPQ-9472,SO-41720,DN-2763,Zambia,PMO - US,From RDC,N/A - From RDC,Truck,ARV,Adult,SCMS from RDC,"Abacavir 300mg, tablets, 60 Tabs",Abacavir,Generic,300mg,Tablet,"Aurobindo Unit III, India",82493,60,2548,33022.08,12.96,0.22,46.3,3090,11188.53,TRUE,7/31/12,8/1/12,,
151-NG-T30,FPQ-9432,SO-42644,DN-2764,Nigeria,PMO - US,From RDC,N/A - From RDC,Air Charter,ARV,Adult,SCMS from RDC,"Lamivudine/Zidovudine 150/300mg, tablets, 60 Tabs",Lamivudine/Zidovudine,Generic,150/300mg,Tablet - FDC,"Cipla, Goa, India",82494,60,52378,404358.16,7.72,0.13,566.91,7666,16532.5,TRUE,8/2/12,7/24/12,,
114-UG-T30,FPQ-9875,SO-42060,DN-2768,Uganda,PMO - US,From RDC,N/A - From RDC,Air,ARV,Adult,SCMS from RDC,"Lamivudine/Nevirapine/Zidovudine 150/200/300mg, tablets, 60 Tabs",Lamivudine/Nevirapine/Zidovudine,Generic,150/300/200mg,Tablet - FDC,Mylan (formerly Matrix) Nashik,82495,60,72107,707369.7,9.81,0.16,991.73,9348,81100.77,TRUE,9/17/12,8/14/12,,
151-NG-T30,FPQ-8952,SO-41260,DN-2774,Nigeria,PMO - US,From RDC,N/A - From RDC,Air Charter,ARV,Adult,SCMS from RDC,"Lamivudine 150mg, tablets, 60 Tabs",Lamivudine,Generic,150mg,Tablet,Hetero Unit III Hyderabad IN,82496,60,9980,23253.4,2.33,0.04,32.6,642,16532.5,TRUE,7/31/12,7/24/12,,
151-NG-T30,FPQ-9432,SO-42807,DN-2775,Nigeria,PMO - US,From RDC,N/A - From RDC,Air Charter,ARV,Adult,SCMS from RDC,"Lamivudine 150mg, tablets, 60 Tabs",Lamivudine,Generic,150mg,Tablet,Hetero Unit III Hyderabad IN,82497,60,10020,23346.6,2.33,0.04,32.73,645,16532.5,TRUE,8/2/12,7/24/12,,
104-CI-T30,FPQ-8790,SO-41190,DN-2776,Côte d'Ivoire,PMO - US,From RDC,N/A - From RDC,Air,ARV,Adult,SCMS from RDC,"Efavirenz/Emtricitabine/Tenofovir Disoproxil Fumarate 600/200/300mg, tablets, 30 Tabs",Efavirenz/Emtricitabine/Tenofovir Disoproxil Fumarate,Generic,600/200/300mg,Tablet - FDC,Mylan (formerly Matrix) Nashik,82498,30,14880,223795.2,15.04,0.5,313.76,1674,4754.53,TRUE,8/20/12,8/18/12,,
113-ZW-T30,FPQ-8464,SO-40900,DN-2804,Zimbabwe,PMO - US,From RDC,N/A - From RDC,Truck,ARV,Adult,SCMS from RDC,"Lamivudine/Tenofovir Disoproxil Fumarate 300/300mg, tablets, 30 Tabs",Lamivudine/Tenofovir Disoproxil Fumarate,Generic,300/300mg,Tablet - FDC,Mylan (formerly Matrix) Nashik,82499,30,44881,240562.16,5.36,0.18,396.93,7191,6014.22,TRUE,12/11/12,9/4/12,,
111-MZ-T30,FPQ-10210,SO-42950,DN-2808,Mozambique,PMO - US,From RDC,N/A - From RDC,Truck,ARV,Pediatric,SCMS from RDC,"Zidovudine 10mg/ml, oral solution w/syringe, Bottle, 240 ml",Zidovudine,Generic,10mg/ml,Oral solution,"Aurobindo Unit III, India",82500,240,7150,15015,2.1,0.01,21.05,2778,19730.62,TRUE,11/30/12,10/29/12,,
104-CI-T30,FPQ-9749,SO-42381,DN-2813,Côte d'Ivoire,PMO - US,From RDC,N/A - From RDC,Truck,ARV,Pediatric,SCMS from RDC,"Zidovudine 100mg, capsules, 100 Caps",Zidovudine,Generic,100mg,Capsule,"Aurobindo Unit III, India",82501,100,490,2303,4.7,0.05,3.23,4359,12101.96,TRUE,10/29/12,8/27/12,,
151-NG-T30,FPQ-9432,SO-42935,DN-2817,Nigeria,PMO - US,From RDC,N/A - From RDC,Air,ARV,Adult,SCMS from RDC,"Lamivudine 150mg, tablets, 60 Tabs",Lamivudine,Generic,150mg,Tablet,Hetero Unit III Hyderabad IN,82502,60,64347,142850.34,2.22,0.04,200.28,5950,18461.22,TRUE,8/31/12,8/14/12,,
900-TZ-T30,FPQ-10391,SO-43010,DN-2820,Tanzania,PMO - US,From RDC,N/A - From RDC,Air,ARV,Adult,SCMS from RDC,"Lamivudine/Zidovudine 150/300mg, tablets, 60 Tabs",Lamivudine/Zidovudine,Generic,150/300mg,Tablet - FDC,Mylan (formerly Matrix) Nashik,82503,60,52770,407384.4,7.72,0.13,571.15,16510,82283.9,TRUE,10/26/12,10/26/12,,
900-UG-T30,FPQ-10048,SO-42610,DN-2829,Uganda,PMO - US,From RDC,N/A - From RDC,Air,ARV,Adult,SCMS from RDC,"Lamivudine/Tenofovir Disoproxil Fumarate 300/300mg, tablets, 30 Tabs",Lamivudine/Tenofovir Disoproxil Fumarate,Generic,300/300mg,Tablet - FDC,"Cipla, Kurkumbh, India",82504,30,20201,111913.54,5.54,0.18,156.9,3865,19667.94,TRUE,10/29/12,10/29/12,,
110-ZM-T30,FPQ-8476,SO-40956,DN-2832,Zambia,PMO - US,From RDC,N/A - From RDC,Truck,ARV,Adult,SCMS from RDC,"Zidovudine 300mg, tablets, 60 Tabs",Zidovudine,Generic,300mg,Tablet,Mylan (formerly Matrix) Nashik,82505,60,16258,109904.08,6.76,0.11,181.34,2321,7317.48,TRUE,9/17/12,9/7/12,,
110-ZM-T30,FPQ-9773,SO-41991,DN-2833,Zambia,PMO - US,From RDC,N/A - From RDC,Truck,ARV,Adult,SCMS from RDC,"Nevirapine 200mg, tablets, 60 Tabs",Nevirapine,Generic,200mg,Tablet,Mylan (formerly Matrix) Nashik,82506,60,18867,46035.48,2.44,0.04,64.54,17125,7317.47,TRUE,9/25/12,9/7/12,,
104-CI-T30,FPQ-9749,SO-42382,DN-2837,Côte d'Ivoire,PMO - US,From RDC,N/A - From RDC,Truck,ARV,Adult,SCMS from RDC,"Lamivudine/Zidovudine 150/300mg, tablets, 60 Tabs",Lamivudine/Zidovudine,Generic,150/300mg,Tablet - FDC,Mylan (formerly Matrix) Nashik,82507,60,84900,660522,7.78,0.13,926.05,18204,36194.84,TRUE,11/13/12,9/5/12,,
110-ZM-T30,FPQ-9552,SO-41840,DN-2846,Zambia,PMO - US,From RDC,N/A - From RDC,Truck,ARV,Adult,SCMS from RDC,"Lamivudine 150mg, tablets, 60 Tabs",Lamivudine,Generic,150mg,Tablet,Hetero Unit III Hyderabad IN,82508,60,57984,135102.72,2.33,0.04,189.41,3144,7317.47,TRUE,10/31/12,9/7/12,,
900-UG-T30,FPQ-10048,SO-42590,DN-2849,Uganda,PMO - US,From RDC,N/A - From RDC,Air,ARV,Adult,SCMS from RDC,"Efavirenz 600mg, tablets, 30 Tabs",Efavirenz,Generic,600mg,Tablet,Hetero Unit III Hyderabad IN,82509,30,60000,234600,3.91,0.13,328.91,5000,24889,TRUE,10/30/12,10/30/12,,
107-RW-T30,FPQ-9888,SO-42130,DN-2856,Rwanda,PMO - US,From RDC,N/A - From RDC,Air,ARV,Adult,SCMS from RDC,"Abacavir 300mg, tablets, 60 Tabs",Abacavir,Generic,300mg,Tablet,Mylan (formerly Matrix) Nashik,82510,60,18620,244853,13.15,0.22,343.28,1928,5825.17,TRUE,10/30/12,10/30/12,,
900-SS-T30,FPQ-10517,SO-43070,DN-2858,South Sudan,PMO - US,From RDC,N/A - From RDC,Air,ARV,Adult,SCMS from RDC,"Lamivudine 150mg, tablets, 60 Tabs",Lamivudine,Generic,150mg,Tablet,Hetero Unit III Hyderabad IN,82511,60,270,599.4,2.22,0.04,0.84,513,4934.43,TRUE,11/15/12,10/23/12,,
107-RW-T30,FPQ-9888,SO-42100,DN-2859,Rwanda,PMO - US,From RDC,N/A - From RDC,Air,ARV,Adult,SCMS from RDC,"Lamivudine/Tenofovir Disoproxil Fumarate 300/300mg, tablets, 30 Tabs",Lamivudine/Tenofovir Disoproxil Fumarate,Generic,300/300mg,Tablet - FDC,Mylan (formerly Matrix) Nashik,82512,30,36390,201600.6,5.54,0.18,282.64,3863,23249.47,TRUE,10/19/12,10/18/12,,
104-CI-T30,FPQ-9749,SO-42380,DN-2861,Côte d'Ivoire,PMO - US,From RDC,N/A - From RDC,Truck,ARV,Adult,SCMS from RDC,"Efavirenz 600mg, tablets, 30 Tabs",Efavirenz,Generic,600mg,Tablet,"Strides, Bangalore, India.",82513,30,2000,7620,3.81,0.13,10.68,4026,15677.98,TRUE,10/29/12,10/1/12,,
110-ZM-T30,FPQ-9773,SO-41992,DN-2865,Zambia,PMO - US,From RDC,N/A - From RDC,Truck,ARV,Adult,SCMS from RDC,"Emtricitabine/Tenofovir Disoproxil Fumarate 200/300mg, tablets, 30 Tabs",Emtricitabine/Tenofovir Disoproxil Fumarate,Generic,200/300mg,Tablet - FDC,Mylan (formerly Matrix) Nashik,82514,30,167825,1105966.8,6.59,0.22,1550.57,26199,34356.26,TRUE,10/10/12,10/5/12,,
114-UG-T30,FPQ-10503,SO-43090,DN-2873,Uganda,PMO - US,From RDC,N/A - From RDC,Air,ARV,Adult,SCMS from RDC,"Lamivudine 150mg, tablets, 60 Tabs",Lamivudine,Generic,150mg,Tablet,Hetero Unit III Hyderabad IN,82515,60,1659,3682.98,2.22,0.04,5.16,958,7659.33,TRUE,10/25/12,10/22/12,,
104-CI-T30,FPQ-9136,SO-41370,DN-2877,Côte d'Ivoire,PMO - US,From RDC,N/A - From RDC,Truck,ARV,Adult,SCMS from RDC,"Lopinavir/Ritonavir 200/50mg, tablets, 120 Tabs",Lopinavir/Ritonavir,Generic,200/50mg,Tablet,Mylan (formerly Matrix) Nashik,82516,120,24097,643389.9,26.7,0.22,902.03,6375,18661.97,TRUE,10/15/12,10/5/12,,
107-RW-T30,FPQ-9969,SO-42430,DN-2885,Rwanda,PMO - US,From RDC,N/A - From RDC,Air,ARV,Adult,SCMS from RDC,"Efavirenz/Lamivudine/Tenofovir Disoproxil Fumarate 600/300/300mg, tablets, 30 Tabs",Efavirenz/Lamivudine/Tenofovir Disoproxil Fumarate,Generic,600/300/300mg,Tablet - FDC,Mylan (formerly Matrix) Nashik,82518,30,59989,796054,13.27,0.44,1116.07,7242,5825.18,TRUE,10/31/12,10/30/12,,
900-CM-T30,FPQ-10641,SO-43390,DN-2886,Cameroon,PMO - US,From RDC,N/A - From RDC,Air Charter,ARV,Adult,SCMS from RDC,"Lamivudine/Nevirapine/Zidovudine 150/200/300mg, tablets, 60 Tabs",Lamivudine/Nevirapine/Zidovudine,Generic,150/300/200mg,Tablet - FDC,Mylan (formerly Matrix) Nashik,82519,60,152000,1462240,9.62,0.16,2050.06,43571,67732.54,TRUE,10/24/12,10/17/12,,
900-CM-T30,FPQ-10641,SO-43380,DN-2887,Cameroon,PMO - US,From RDC,N/A - From RDC,Air Charter,ARV,Adult,SCMS from RDC,"Lamivudine/Tenofovir Disoproxil Fumarate 300/300mg, tablets, 30 Tabs",Lamivudine/Tenofovir Disoproxil Fumarate,Generic,300/300mg,Tablet - FDC,"Cipla, Kurkumbh, India",82520,30,10000,53600,5.36,0.18,75.15,4486,76176.43,TRUE,11/7/12,10/17/12,,
104-CI-T30,FPQ-9136,SO-41371,DN-2893,Côte d'Ivoire,PMO - US,From RDC,N/A - From RDC,Truck,ARV,Adult,SCMS from RDC,"Lopinavir/Ritonavir 200/50mg, tablets, 120 Tabs",Lopinavir/Ritonavir,Generic,200/50mg,Tablet,"Aurobindo Unit III, India",82522,120,503,13430.1,26.7,0.22,18.83,123,1783.64,TRUE,10/31/12,10/26/12,,
104-CI-T30,FPQ-9749,SO-42371,DN-2894,Côte d'Ivoire,PMO - US,From RDC,N/A - From RDC,Truck,ARV,Pediatric,SCMS from RDC,"Efavirenz 200mg, scored tablets, 90 Tabs",Efavirenz,Generic,200mg,Tablet,"Strides, Bangalore, India.",82523,90,4120,30076,7.3,0.08,42.17,253,4261.03,TRUE,12/15/12,10/24/12,,
104-CI-T30,FPQ-10626,SO-43280,DN-2895,Côte d'Ivoire,PMO - US,From RDC,N/A - From RDC,Truck,ARV,Adult,SCMS from RDC,"Abacavir/Lamivudine 600/300mg, scored tablets, 30 Tabs",Abacavir/Lamivudine,Generic,600/300mg,Tablet - FDC,"Aurobindo Unit III, India",82524,30,2500,56250,22.5,0.75,78.86,2147,8211.03,TRUE,12/14/12,10/24/12,,
151-NG-T30,FPQ-9968,SO-42683,DN-2902,Nigeria,PMO - US,From RDC,N/A - From RDC,Air,ARV,Adult,SCMS from RDC,"Nevirapine 200mg, tablets, 60 Tabs",Nevirapine,Generic,200mg,Tablet,"Strides, Bangalore, India.",82525,60,200000,484000,2.42,0.04,678.57,12028,15459.09,TRUE,11/6/12,11/6/12,,
114-UG-T30,FPQ-10328,SO-42811,DN-2917,Uganda,PMO - US,From RDC,N/A - From RDC,Truck,ARV,Adult,SCMS from RDC,"Efavirenz/Lamivudine/Tenofovir Disoproxil Fumarate 600/300/300mg, tablets, 30 Tabs",Efavirenz/Lamivudine/Tenofovir Disoproxil Fumarate,Generic,600/300/300mg,Tablet - FDC,Mylan (formerly Matrix) Nashik,82526,30,125014,1658935.8,13.27,0.44,2325.83,14275,131278.81,TRUE,12/31/12,11/19/12,,
114-UG-T30,FPQ-10357,SO-42900,DN-2921,Uganda,PMO - US,From RDC,N/A - From RDC,Truck,ARV,Adult,SCMS from RDC,"Lamivudine/Tenofovir Disoproxil Fumarate 300/300mg, tablets, 30 Tabs",Lamivudine/Tenofovir Disoproxil Fumarate,Generic,300/300mg,Tablet - FDC,Hetero Unit III Hyderabad IN,82527,30,26432,141675.52,5.36,0.18,198.63,5212,24772.95,TRUE,12/10/12,11/19/12,,
111-MZ-T30,FPQ-10210,SO-42830,DN-2939,Mozambique,PMO - US,From RDC,N/A - From RDC,Truck,ARV,Adult,SCMS from RDC,"Lamivudine/Nevirapine/Zidovudine 150/200/300mg, tablets, 60 Tabs",Lamivudine/Nevirapine/Zidovudine,Generic,150/300/200mg,Tablet - FDC,Hetero Unit III Hyderabad IN,82528,60,97516,945905.2,9.7,0.16,1326.16,12104,7433.02,TRUE,1/11/13,1/11/13,,
102-ZW-T30,FPQ-9927,SO-42300,DN-2940,Zimbabwe,PMO - US,From RDC,N/A - From RDC,Truck,ARV,Adult,SCMS from RDC,"Lamivudine/Tenofovir Disoproxil Fumarate 300/300mg, tablets, 30 Tabs",Lamivudine/Tenofovir Disoproxil Fumarate,Generic,300/300mg,Tablet - FDC,Hetero Unit III Hyderabad IN,82529,30,188201,1008757.4,5.36,0.18,1414.28,23127,11444.77,TRUE,12/21/12,12/11/12,,
103-ZW-T30,FPQ-9907,SO-42220,DN-2942,Zimbabwe,PMO - US,From RDC,N/A - From RDC,Truck,ARV,Pediatric,SCMS from RDC,"Lamivudine/Nevirapine/Stavudine 30/50/6mg, dispersible tablets, 60 Tabs",Lamivudine/Nevirapine/Stavudine,Generic,30/50/6mg,Chewable/dispersible tablet - FDC,"Cipla, Goa, India",82530,60,20451,47037.3,2.3,0.04,65.95,10118,9251.8,TRUE,12/14/12,12/11/12,,
151-NG-T30,FPQ-9968,SO-43435,DN-2946,Nigeria,PMO - US,From RDC,N/A - From RDC,Air,ARV,Adult,SCMS from RDC,"Nevirapine 200mg, tablets, 60 Tabs",Nevirapine,Generic,200mg,Tablet,"Strides, Bangalore, India.",82531,60,16870,40825.4,2.42,0.04,57.24,7973,51090,TRUE,12/4/12,12/4/12,,
114-UG-T30,FPQ-10556,SO-43190,DN-2951,Uganda,PMO - US,From RDC,N/A - From RDC,Air,ARV,Adult,SCMS from RDC,"Lamivudine/Nevirapine/Zidovudine 150/200/300mg, tablets, 60 Tabs",Lamivudine/Nevirapine/Zidovudine,Generic,150/300/200mg,Tablet - FDC,Hetero Unit III Hyderabad IN,82532,60,13830,133044.6,9.62,0.16,186.53,2400,18337.82,TRUE,2/1/13,2/1/13,,
151-NG-T30,FPQ-9968,SO-43434,DN-2945,Nigeria,PMO - US,From RDC,N/A - From RDC,Air,ARV,Adult,SCMS from RDC,"Lamivudine/Tenofovir Disoproxil Fumarate 300/300mg, tablets, 30 Tabs",Lamivudine/Tenofovir Disoproxil Fumarate,Generic,300/300mg,Tablet - FDC,"Cipla, Kurkumbh, India",82533,30,66637,357174.3,5.36,0.18,500.76,25523,51090,TRUE,11/30/12,12/4/12,,
104-CI-T30,FPQ-9749,SO-42373,DN-2954,Côte d'Ivoire,PMO - US,From RDC,N/A - From RDC,Truck,ARV,Adult,SCMS from RDC,"Efavirenz 600mg, tablets, 30 Tabs",Efavirenz,Generic,600mg,Tablet,"Strides, Bangalore, India.",82534,30,14368,52299.52,3.64,0.12,73.32,4409,17192.4,TRUE,12/31/12,12/6/12,,
104-CI-T30,FPQ-10626,SO-43270,DN-2974,Côte d'Ivoire,PMO - US,From RDC,N/A - From RDC,Truck,ARV,Adult,SCMS from RDC,"Lamivudine/Tenofovir Disoproxil Fumarate 300/300mg, tablets, 30 Tabs",Lamivudine/Tenofovir Disoproxil Fumarate,Generic,300/300mg,Tablet - FDC,"Cipla, Kurkumbh, India",82535,30,9767,52351.12,5.36,0.18,73.4,852,3026.61,TRUE,1/10/13,12/27/12,,
113-ZW-T30,FPQ-10632,SO-43221,DN-2975,Zimbabwe,PMO - US,From RDC,N/A - From RDC,Truck,ARV,Adult,SCMS from RDC,"Lamivudine/Nevirapine/Zidovudine 150/200/300mg, tablets, 60 Tabs",Lamivudine/Nevirapine/Zidovudine,Generic,150/300/200mg,Tablet - FDC,"Cipla, Goa, India",82536,60,15120,135626.4,8.97,0.15,190.15,5754,10075.8,TRUE,12/21/12,12/13/12,,
114-UG-T30,FPQ-10556,SO-43160,DN-2952,Uganda,PMO - US,From RDC,N/A - From RDC,Air,ARV,Adult,SCMS from RDC,"Lamivudine/Tenofovir Disoproxil Fumarate 300/300mg, tablets, 30 Tabs",Lamivudine/Tenofovir Disoproxil Fumarate,Generic,300/300mg,Tablet - FDC,"Cipla, Kurkumbh, India",82537,30,5580,26839.8,4.81,0.16,37.63,1187,9609.69,TRUE,2/2/13,2/2/13,,
101-CD-T30,FPQ-11054,SO-43680,DN-2981,"Congo, DRC",PMO - US,From RDC,N/A - From RDC,Air,ARV,Adult,SCMS from RDC,"Lamivudine/Zidovudine 150/300mg, tablets, 60 Tabs",Lamivudine/Zidovudine,Generic,150/300mg,Tablet - FDC,Mylan (formerly Matrix) Nashik,82538,60,647,4703.69,7.27,0.12,5.82,5897,40434.04,TRUE,9/11/13,9/11/13,,
101-CD-T30,FPQ-11054,SO-43680,DN-2981,"Congo, DRC",PMO - US,From RDC,N/A - From RDC,Air,ARV,Adult,SCMS from RDC,"Efavirenz/Lamivudine/Tenofovir Disoproxil Fumarate 600/300/300mg, tablets, 30 Tabs",Efavirenz/Lamivudine/Tenofovir Disoproxil Fumarate,Generic,600/300/300mg,Tablet - FDC,Mylan (formerly Matrix) Nashik,82539,30,2952,35748.72,12.11,0.4,44.22,,,FALSE,9/11/13,9/11/13,,
102-ZW-T30,FPQ-9927,SO-42290,DN-2988,Zimbabwe,PMO - US,From RDC,N/A - From RDC,Truck,ARV,Adult,SCMS from RDC,"Lamivudine/Zidovudine 150/300mg, tablets, 60 Tabs",Lamivudine/Zidovudine,Generic,150/300mg,Tablet - FDC,"Cipla, Goa, India",82540,60,7867,57193.09,7.27,0.12,80.18,704,25568,TRUE,2/11/13,2/11/13,,
151-NG-T30,FPQ-10477,SO-43042,DN-2994,Nigeria,PMO - US,From RDC,N/A - From RDC,Air Charter,ARV,Adult,SCMS from RDC,"Emtricitabine/Tenofovir Disoproxil Fumarate 200/300mg, tablets, 30 Tabs",Emtricitabine/Tenofovir Disoproxil Fumarate,Generic,200/300mg,Tablet - FDC,Mylan (formerly Matrix) Nashik,82541,30,100000,638000,6.38,0.21,894.48,8850,29780.5,TRUE,2/11/13,2/11/13,,
114-UG-T30,FPQ-10780,SO-43491,DN-3000,Uganda,PMO - US,From RDC,N/A - From RDC,Air,ARV,Adult,SCMS from RDC,"Efavirenz/Emtricitabine/Tenofovir Disoproxil Fumarate 600/200/300mg, tablets, 30 Tabs",Efavirenz/Emtricitabine/Tenofovir Disoproxil Fumarate,Generic,600/200/300mg,Tablet - FDC,Mylan (formerly Matrix) Nashik,82542,30,7126,97554.94,13.69,0.46,136.77,2261,13252.2,TRUE,2/11/13,3/7/13,,
104-CI-T30,FPQ-10626,SO-43300,DN-3021,Côte d'Ivoire,PMO - US,From RDC,N/A - From RDC,Truck,ARV,Adult,SCMS from RDC,"Lamivudine/Tenofovir Disoproxil Fumarate 300/300mg, tablets, 30 Tabs",Lamivudine/Tenofovir Disoproxil Fumarate,Generic,300/300mg,Tablet - FDC,Hetero Unit III Hyderabad IN,82544,30,10000,47000,4.7,0.16,65.89,1387,10680.14,TRUE,3/28/13,2/28/13,,
104-CI-T30,FPQ-10633,SO-43331,DN-3022,Côte d'Ivoire,PMO - US,From RDC,N/A - From RDC,Truck,ARV,Adult,SCMS from RDC,"Lamivudine/Tenofovir Disoproxil Fumarate 300/300mg, tablets, 30 Tabs",Lamivudine/Tenofovir Disoproxil Fumarate,Generic,300/300mg,Tablet - FDC,Hetero Unit III Hyderabad IN,82545,30,6500,30550,4.7,0.16,42.83,677,3880.14,TRUE,3/28/13,2/28/13,,
114-UG-T30,FPQ-10946,SO-43640,DN-3025,Uganda,PMO - US,From RDC,N/A - From RDC,Air,ARV,Adult,SCMS from RDC,"Nevirapine 200mg, tablets, 60 Tabs",Nevirapine,Generic,200mg,Tablet,"Aurobindo Unit III, India",82546,60,32298,72993.48,2.26,0.04,90.29,6528,21806.84,TRUE,4/4/13,3/7/13,,
900-SS-T30,FPQ-11272,SO-44110,DN-3026,South Sudan,PMO - US,From RDC,N/A - From RDC,Air,ARV,Pediatric,SCMS from RDC,"Nevirapine 10mg/ml, oral suspension w/syringe, Bottle, 240 ml",Nevirapine,Generic,10mg/ml,Oral suspension,"Aurobindo Unit III, India",82547,240,2976,5803.2,1.95,0.01,7.18,1108,10754,TRUE,3/31/13,3/22/13,,
151-NG-T30,FPQ-10477,SO-44550,DN-3028,Nigeria,PMO - US,From RDC,N/A - From RDC,Air Charter,ARV,Adult,SCMS from RDC,"Nevirapine 200mg, tablets, 60 Tabs",Nevirapine,Generic,200mg,Tablet,Hetero Unit III Hyderabad IN,82548,60,33571,75870.46,2.26,0.04,106.37,12785,37242.5,TRUE,3/15/13,2/21/13,,
113-ZW-T30,FPQ-10632,SO-43210,DN-3030,Zimbabwe,PMO - US,From RDC,N/A - From RDC,Truck,ARV,Adult,SCMS from RDC,"Lamivudine/Nevirapine/Zidovudine 150/200/300mg, tablets, 60 Tabs",Lamivudine/Nevirapine/Zidovudine,Generic,150/300/200mg,Tablet - FDC,"Aurobindo Unit III, India",82549,60,15120,129729.6,8.58,0.14,181.88,23677,9405.81,TRUE,3/14/13,3/14/13,,
113-ZW-T30,FPQ-10895,SO-43540,DN-3031,Zimbabwe,PMO - US,From RDC,N/A - From RDC,Truck,ARV,Adult,SCMS from RDC,"Efavirenz/Lamivudine/Tenofovir Disoproxil Fumarate 600/300/300mg, tablets, 30 Tabs",Efavirenz/Lamivudine/Tenofovir Disoproxil Fumarate,Generic,600/300/300mg,Tablet - FDC,Mylan (formerly Matrix) Nashik,82550,30,20160,244137.6,12.11,0.4,302,2268,9405.81,TRUE,3/15/13,3/14/13,,
103-ZW-T30,FPQ-9907,SO-42260,DN-3032,Zimbabwe,PMO - US,From RDC,N/A - From RDC,Truck,ARV,Pediatric,SCMS from RDC,"Lamivudine/Stavudine 30/6mg, dispersible tablets, 60 Tabs",Lamivudine/Stavudine,Generic,30/6mg,Chewable/dispersible tablet - FDC,"Cipla, Goa, India",82551,60,7372,14006.8,1.9,0.03,19.64,5453,9405.81,TRUE,3/31/13,3/14/13,,
103-ZW-T30,FPQ-9907,SO-42260,DN-3032,Zimbabwe,PMO - US,From RDC,N/A - From RDC,Truck,ARV,Pediatric,SCMS from RDC,"Lamivudine/Nevirapine/Stavudine 30/50/6mg, dispersible tablets, 60 Tabs",Lamivudine/Nevirapine/Stavudine,Generic,30/50/6mg,Chewable/dispersible tablet - FDC,"Cipla, Goa, India",82552,60,28220,64906,2.3,0.04,91,,,FALSE,3/31/13,3/14/13,,
114-UG-T30,FPQ-11143,SO-43970,DN-3041,Uganda,PMO - US,From RDC,N/A - From RDC,Truck,ARV,Pediatric,SCMS from RDC,"Lamivudine/Zidovudine 30/60mg, tablets, 60 Tabs",Lamivudine/Zidovudine,Generic,30/60mg,Tablet - FDC,Mylan (formerly Matrix) Nashik,82553,60,1731,3912.06,2.26,0.04,4.84,76,936.81,TRUE,3/29/13,3/6/13,,
106-HT-T30,FPQ-11281,SO-44400,DN-3015,Haiti,PMO - US,From RDC,N/A - From RDC,Air,ARV,Adult,SCMS from RDC,"Efavirenz 600mg, tablets, 30 Tabs",Efavirenz,Generic,600mg,Tablet,"Strides, Bangalore, India.",82554,30,39936,132986.88,3.33,0.11,164.5,16035,161712.88,TRUE,4/9/13,3/14/13,,
106-HT-T30,FPQ-11281,SO-44400,DN-3015,Haiti,PMO - US,From RDC,N/A - From RDC,Air,ARV,Adult,SCMS from RDC,"Tenofovir Disoproxil Fumarate 300mg, tablets, 30 Tabs",Tenofovir Disoproxil Fumarate,Generic,300mg,Tablet,Mylan (formerly Matrix) Nashik,82555,30,192,775.68,4.04,0.13,0.96,,,FALSE,4/9/13,3/14/13,,
151-NG-T30,FPQ-10477,SO-44560,DN-3029,Nigeria,PMO - US,From RDC,N/A - From RDC,Air Charter,ARV,Adult,SCMS from RDC,"Lamivudine/Zidovudine 150/300mg, tablets, 60 Tabs",Lamivudine/Zidovudine,Generic,150/300mg,Tablet - FDC,Mylan (formerly Matrix) Nashik,82556,60,31971,232429.17,7.27,0.12,325.87,11111,37242.5,TRUE,3/15/13,2/21/13,,
151-NG-T30,FPQ-10477,SO-44560,DN-3029,Nigeria,PMO - US,From RDC,N/A - From RDC,Air Charter,ARV,Adult,SCMS from RDC,"Lamivudine/Zidovudine 150/300mg, tablets, 60 Tabs",Lamivudine/Zidovudine,Generic,150/300mg,Tablet - FDC,"Cipla, Goa, India",82557,60,42805,311192.34,7.27,0.12,436.29,,,FALSE,3/15/13,2/21/13,,
151-NG-T30,FPQ-10477,SO-43048,DN-3039,Nigeria,PMO - US,From RDC,N/A - From RDC,Air Charter,ARV,Adult,SCMS from RDC,"Efavirenz/Emtricitabine/Tenofovir Disoproxil Fumarate 600/200/300mg, tablets, 30 Tabs",Efavirenz/Emtricitabine/Tenofovir Disoproxil Fumarate,Generic,600/200/300mg,Tablet - FDC,Mylan (formerly Matrix) Nashik,82558,30,105014,1437641.6,13.69,0.46,2015.57,13392,37242.5,TRUE,3/15/13,2/21/13,,
113-ZW-T30,FPQ-10895,SO-43571,DN-3056,Zimbabwe,PMO - US,From RDC,N/A - From RDC,Truck,ARV,Adult,SCMS from RDC,"Efavirenz/Lamivudine/Tenofovir Disoproxil Fumarate 600/300/300mg, tablets, 30 Tabs",Efavirenz/Lamivudine/Tenofovir Disoproxil Fumarate,Generic,600/300/300mg,Tablet - FDC,Mylan (formerly Matrix) Nashik,82559,30,20160,244137.6,12.11,0.4,302,2266,9405.81,TRUE,7/31/13,3/14/13,,
105-GY-T30,FPQ-11546,SO-44530,DN-3059,Guyana,PMO - US,From RDC,N/A - From RDC,Truck,ARV,Pediatric,SCMS from RDC,"Efavirenz 200mg, scored tablets, 90 Tabs",Efavirenz,Generic,200mg,Tablet,"Strides, Bangalore, India.",82560,90,49,357.7,7.3,0.08,0.44,110,3178,TRUE,4/18/13,3/15/13,,
103-SS-T30,FPQ-11489,SO-44620,DN-3080,South Sudan,PMO - US,From RDC,N/A - From RDC,Air,ARV,Pediatric,SCMS from RDC,"Lamivudine/Nevirapine/Zidovudine 30/50/60mg, dispersible tablets, 60 Tabs",Lamivudine/Nevirapine/Zidovudine,Generic,30/50/60mg,Chewable/dispersible tablet - FDC,Mylan (formerly Matrix) Nashik,82562,60,549,2278.35,4.15,0.07,2.82,37,1198.68,TRUE,4/17/13,4/23/13,,
102-ZW-T30,FPQ-11477,SO-44271,DN-3094,Zimbabwe,PMO - US,From RDC,N/A - From RDC,Truck,ARV,Adult,SCMS from RDC,"Efavirenz/Lamivudine/Tenofovir Disoproxil Fumarate 600/300/300mg, tablets, 30 Tabs",Efavirenz/Lamivudine/Tenofovir Disoproxil Fumarate,Generic,600/300/300mg,Tablet - FDC,Mylan (formerly Matrix) Nashik,82564,30,40320,488275.2,12.11,0.4,604,4536,29733.53,TRUE,7/31/13,4/13/13,,
101-CD-T30,FPQ-11054,SO-43690,DN-3098,"Congo, DRC",PMO - US,From RDC,N/A - From RDC,Air,ARV,Adult,SCMS from RDC,"Zidovudine 300mg, tablets, 60 Tabs",Zidovudine,Generic,300mg,Tablet,"Aurobindo Unit III, India",82565,60,6362,43007.12,6.76,0.11,53.2,315,2030.96,TRUE,11/27/13,11/27/13,,
105-GY-T30,FPQ-11546,SO-44500,DN-3099,Guyana,PMO - US,From RDC,N/A - From RDC,Air,ARV,Adult,SCMS from RDC,"Zidovudine 300mg, tablets, 60 Tabs",Zidovudine,Generic,300mg,Tablet,"Aurobindo Unit III, India",82566,60,1927,13026.52,6.76,0.11,16.11,466,5724.4,TRUE,4/18/13,4/19/13,,
900-SS-T30,FPQ-11272,SO-44101,DN-3100,South Sudan,PMO - US,From RDC,N/A - From RDC,Air,ARV,Adult,SCMS from RDC,"Zidovudine 300mg, tablets, 60 Tabs",Zidovudine,Generic,300mg,Tablet,"Aurobindo Unit III, India",82567,60,4560,30825.6,6.76,0.11,38.13,230,1740.47,TRUE,4/30/13,4/26/13,,
111-MZ-T30,FPQ-11882,SO-44810,DN-3108,Mozambique,PMO - US,From RDC,N/A - From RDC,Air,ARV,Adult,SCMS from RDC,"Efavirenz 600mg, tablets, 30 Tabs",Efavirenz,Generic,600mg,Tablet,"Strides, Bangalore, India.",82568,30,17037,56733.21,3.33,0.11,70.18,1750,9758.5,TRUE,7/4/13,7/4/13,,
102-BI-T30,FPQ-11661,SO-44670,DN-3118,Burundi,PMO - US,From RDC,N/A - From RDC,Air,ARV,Adult,SCMS from RDC,"Lamivudine/Nevirapine/Zidovudine 150/200/300mg, tablets, 60 Tabs",Lamivudine/Nevirapine/Zidovudine,Generic,150/300/200mg,Tablet - FDC,Hetero Unit III Hyderabad IN,82569,60,2208,18944.64,8.58,0.14,23.43,652,3763.2,TRUE,5/31/13,5/23/13,,
114-UG-T30,FPQ-11133,SO-43890,DN-3122,Uganda,PMO - US,From RDC,N/A - From RDC,Truck,ARV,Adult,SCMS from RDC,"Zidovudine 300mg, tablets, 60 Tabs",Zidovudine,Generic,300mg,Tablet,"Aurobindo Unit III, India",82570,60,1530,10006.2,6.54,0.11,12.38,11337,23809.39,TRUE,6/7/13,6/7/13,,
103-SS-T30,FPQ-11489,SO-44630,DN-3125,South Sudan,PMO - US,From RDC,N/A - From RDC,Air,ARV,Adult,SCMS from RDC,"Lamivudine/Tenofovir Disoproxil Fumarate 300/300mg, tablets, 30 Tabs",Lamivudine/Tenofovir Disoproxil Fumarate,Generic,300/300mg,Tablet - FDC,"Aurobindo Unit VII, IN",82571,30,1447,6800.9,4.7,0.16,8.41,1309,12356,TRUE,4/30/13,4/24/13,,
114-UG-T30,FPQ-10945,SO-43620,DN-3128,Uganda,PMO - US,From RDC,N/A - From RDC,Air,ARV,Adult,SCMS from RDC,"Efavirenz/Lamivudine/Tenofovir Disoproxil Fumarate 600/300/300mg, tablets, 30 Tabs",Efavirenz/Lamivudine/Tenofovir Disoproxil Fumarate,Generic,600/300/300mg,Tablet - FDC,Hetero Unit III Hyderabad IN,82572,30,229285,2412078.2,10.52,0.35,2983.74,29934,34003.7,TRUE,5/9/13,5/7/13,,
111-MZ-T30,FPQ-11033,SO-43790,DN-3102,Mozambique,PMO - US,From RDC,N/A - From RDC,Truck,ARV,Adult,SCMS from RDC,"Lamivudine/Nevirapine/Zidovudine 150/200/300mg, tablets, 60 Tabs",Lamivudine/Nevirapine/Zidovudine,Generic,150/300/200mg,Tablet - FDC,"Aurobindo Unit III, India",82573,60,120000,1029600,8.58,0.14,1273.62,36920,29935.05,TRUE,8/1/13,8/1/13,,
151-NG-T30,FPQ-11022,SO-43842,DN-3148,Nigeria,PMO - US,From RDC,N/A - From RDC,Air Charter,ARV,Adult,SCMS from RDC,"Nevirapine 200mg, tablets, 60 Tabs",Nevirapine,Generic,200mg,Tablet,"Strides, Bangalore, India.",82574,60,57227,129333.02,2.26,0.04,159.98,4844,21591.1,TRUE,5/21/13,5/6/13,,
114-UG-T30,FPQ-11133,SO-43873,DN-3153,Uganda,PMO - US,From RDC,N/A - From RDC,Truck,ARV,Pediatric,SCMS from RDC,"Lamivudine/Nevirapine/Stavudine 30/50/6mg, dispersible tablets, 60 Tabs",Lamivudine/Nevirapine/Stavudine,Generic,30/50/6mg,Chewable/dispersible tablet - FDC,"Cipla, Goa, India",82575,60,475,1092.5,2.3,0.04,1.35,1982,8163.74,TRUE,6/28/13,6/7/13,,
151-NG-T30,FPQ-11022,SO-45201,DN-3176,Nigeria,PMO - US,From RDC,N/A - From RDC,Air Charter,ARV,Adult,SCMS from RDC,"Nevirapine 200mg, tablets, 60 Tabs",Nevirapine,Generic,200mg,Tablet,"Cipla, Goa, India",82577,60,95000,214700,2.26,0.04,265.58,12686,41332.14,TRUE,5/21/13,5/10/13,,
111-MZ-T30,FPQ-11033,SO-43770,DN-3182,Mozambique,PMO - US,From RDC,N/A - From RDC,Truck,ARV,Adult,SCMS from RDC,"Lamivudine/Nevirapine/Zidovudine 150/200/300mg, tablets, 60 Tabs",Lamivudine/Nevirapine/Zidovudine,Generic,150/300/200mg,Tablet - FDC,"Cipla, Goa, India",82578,60,170900,1466322,8.58,0.14,1813.84,,,TRUE,7/26/13,7/26/13,,
110-ZM-T30,FPQ-11553,SO-44474,DN-3166,Zambia,PMO - US,From RDC,N/A - From RDC,Truck,ARV,Adult,SCMS from RDC,"Nevirapine 200mg, tablets, 60 Tabs",Nevirapine,Generic,200mg,Tablet,"Cipla, Goa, India",82582,60,3480,7864.8,2.26,0.04,9.73,424,11941.65,TRUE,6/25/13,6/7/13,,
109-TZ-T30,FPQ-11393,SO-44384,DN-3196,Tanzania,PMO - US,From RDC,N/A - From RDC,Truck,ARV,Adult,SCMS from RDC,"Efavirenz/Emtricitabine/Tenofovir Disoproxil Fumarate 600/200/300mg, tablets, 30 Tabs",Efavirenz/Emtricitabine/Tenofovir Disoproxil Fumarate,Generic,600/200/300mg,Tablet - FDC,"Cipla, Goa, India",82583,30,31000,401760,12.96,0.43,496.98,3674,22904.03,TRUE,5/31/13,6/18/13,,
151-NG-T30,FPQ-11022,SO-44260,DN-3198,Nigeria,PMO - US,From RDC,N/A - From RDC,Air Charter,ARV,Adult,SCMS from RDC,"Efavirenz/Lamivudine/Tenofovir Disoproxil Fumarate 600/300/300mg, tablets, 30 Tabs",Efavirenz/Lamivudine/Tenofovir Disoproxil Fumarate,Generic,600/300/300mg,Tablet - FDC,Hetero Unit III Hyderabad IN,82584,30,180000,1893600,10.52,0.35,2342.38,26361,20761,TRUE,5/28/13,5/28/13,,
151-NG-T30,FPQ-11022,SO-45205,DN-3205,Nigeria,PMO - US,From RDC,N/A - From RDC,Air Charter,ARV,Adult,SCMS from RDC,"Efavirenz 600mg, tablets, 30 Tabs",Efavirenz,Generic,600mg,Tablet,"Aurobindo Unit III, India",82585,30,13481,44891.73,3.33,0.11,55.53,1296,20761,TRUE,6/4/13,5/29/13,,
901-CM-T30,FPQ-12520,SO-45830,DN-3228,Cameroon,PMO - US,From RDC,N/A - From RDC,Air Charter,ARV,Adult,SCMS from RDC,"Nevirapine 200mg, tablets, 60 Tabs",Nevirapine,Generic,200mg,Tablet,"Strides, Bangalore, India.",82588,60,19683,44483.58,2.26,0.04,55.03,1733,20893.21,TRUE,7/22/13,7/14/13,,
901-CM-T30,FPQ-12520,SO-45820,DN-3227,Cameroon,PMO - US,From RDC,N/A - From RDC,Air Charter,ARV,Adult,SCMS from RDC,"Lamivudine/Zidovudine 150/300mg, tablets, 60 Tabs",Lamivudine/Zidovudine,Generic,150/300mg,Tablet - FDC,"Aurobindo Unit III, India",82589,60,6246,43722,7,0.12,54.08,18808,123945,TRUE,7/22/13,7/31/13,,
102-BI-T30,FPQ-12065,SO-45160,DN-3235,Burundi,PMO - US,From RDC,N/A - From RDC,Air,ARV,Adult,SCMS from RDC,"Efavirenz 600mg, tablets, 30 Tabs",Efavirenz,Generic,600mg,Tablet,"Aurobindo Unit III, India",82590,30,4032,13426.56,3.33,0.11,16.61,336,4385.44,TRUE,8/6/13,8/23/13,,
109-TZ-T30,FPQ-12278,SO-45720,DN-3236,Tanzania,PMO - US,From RDC,N/A - From RDC,Truck,ARV,Adult,SCMS from RDC,"Lamivudine/Nevirapine/Zidovudine 150/200/300mg, tablets, 60 Tabs",Lamivudine/Nevirapine/Zidovudine,Generic,150/300/200mg,Tablet - FDC,"Strides, Bangalore, India.",82591,60,58920,505533.6,8.58,0.14,625.35,6560,8057.2,TRUE,8/29/13,9/10/13,,
102-BI-T30,FPQ-12065,SO-45151,DN-3260,Burundi,PMO - US,From RDC,N/A - From RDC,Air,ARV,Adult,SCMS from RDC,"Nevirapine 200mg, tablets, 60 Tabs",Nevirapine,Generic,200mg,Tablet,Hetero Unit III Hyderabad IN,82593,60,225,508.5,2.26,0.04,0.63,,,TRUE,8/6/13,5/21/13,,
114-UG-T30,FPQ-12253,SO-45510,DN-3264,Uganda,PMO - US,From RDC,N/A - From RDC,Air,ARV,Pediatric,SCMS from RDC,"Lamivudine/Stavudine 30/6mg, dispersible tablets, 60 Tabs",Lamivudine/Stavudine,Generic,30/6mg,Chewable/dispersible tablet - FDC,"Cipla, Goa, India",82594,60,372,706.8,1.9,0.03,0.87,33,951.75,TRUE,8/30/13,8/10/13,,
101-CD-T30,FPQ-12033,SO-45020,DN-3268,"Congo, DRC",PMO - US,From RDC,N/A - From RDC,Air,ARV,Adult,SCMS from RDC,"Lamivudine/Zidovudine 150/300mg, tablets, 60 Tabs",Lamivudine/Zidovudine,Generic,150/300mg,Tablet - FDC,Hetero Unit III Hyderabad IN,82595,60,10590,74130,7,0.12,91.7,5426,20499.33,TRUE,8/27/13,2/8/14,,
101-CD-T30,FPQ-12033,SO-45020,DN-3268,"Congo, DRC",PMO - US,From RDC,N/A - From RDC,Air,ARV,Adult,SCMS from RDC,"Efavirenz/Lamivudine/Tenofovir Disoproxil Fumarate 600/300/300mg, tablets, 30 Tabs",Efavirenz/Lamivudine/Tenofovir Disoproxil Fumarate,Generic,600/300/300mg,Tablet - FDC,Hetero Unit III Hyderabad IN,82596,30,7404,77890.08,10.52,0.35,96.35,,,FALSE,8/27/13,2/8/14,,
109-TZ-T30,FPQ-11393,SO-44385,DN-3278,Tanzania,PMO - US,From RDC,N/A - From RDC,Truck,ARV,Pediatric,SCMS from RDC,"Efavirenz 200mg, scored tablets, 90 Tabs",Efavirenz,Generic,200mg,Tablet,"Strides, Bangalore, India.",82597,90,6823,49807.9,7.3,0.08,61.61,428,2376,TRUE,7/30/13,8/15/13,,
111-MZ-T30,FPQ-11033,SO-43780,DN-3281,Mozambique,PMO - US,From RDC,N/A - From RDC,Truck,ARV,Adult,SCMS from RDC,"Efavirenz 600mg, tablets, 30 Tabs",Efavirenz,Generic,600mg,Tablet,"Hetero, Jadcherla, unit 5, IN",82599,30,40250,134032.5,3.33,0.11,165.8,4223,4044.33,TRUE,9/27/13,9/27/13,,
113-ZW-T30,FPQ-12429,SO-45850,DN-3291,Zimbabwe,PMO - US,From RDC,N/A - From RDC,Truck,ARV,Adult,SCMS from RDC,"Lopinavir/Ritonavir 200/50mg, tablets, 120 Tabs",Lopinavir/Ritonavir,Generic,200/50mg,Tablet,Mylan (formerly Matrix) Nashik,82600,120,8599,187286.22,21.78,0.18,231.67,2293,4529.67,TRUE,9/18/13,9/20/13,,
109-TZ-T30,FPQ-12015,SO-44993,DN-3300,Tanzania,PMO - US,From RDC,N/A - From RDC,Truck,ARV,Adult,SCMS from RDC,"Efavirenz/Emtricitabine/Tenofovir Disoproxil Fumarate 600/200/300mg, tablets, 30 Tabs",Efavirenz/Emtricitabine/Tenofovir Disoproxil Fumarate,Generic,600/200/300mg,Tablet - FDC,"Aurobindo Unit VII, IN",82601,30,12567,154574.1,12.3,0.41,191.21,1482,5474,TRUE,10/25/13,10/1/13,,
104-CI-T30,FPQ-11253,SO-44201,DN-3329,Côte d'Ivoire,PMO - US,From RDC,N/A - From RDC,Truck,ARV,Adult,SCMS from RDC,"Lamivudine/Zidovudine 150/300mg, tablets, 60 Tabs",Lamivudine/Zidovudine,Generic,150/300mg,Tablet - FDC,Mylan (formerly Matrix) Nashik,82602,60,21158,153818.66,7.27,0.12,190.27,3653,15614.89,TRUE,9/30/13,9/20/13,,
105-GY-T30,FPQ-12047,SO-45050,DN-3331,Guyana,PMO - US,From RDC,N/A - From RDC,Air,ARV,Pediatric,SCMS from RDC,"Efavirenz 200mg, scored tablets, 90 Tabs",Efavirenz,Generic,200mg,Tablet,"Strides, Bangalore, India.",82603,90,71,660.3,9.3,0.1,0.82,395,1303,TRUE,9/30/13,10/4/13,,
102-BI-T30,FPQ-12602,SO-46010,DN-3335,Burundi,PMO - US,From RDC,N/A - From RDC,Air,ARV,Adult,SCMS from RDC,"Lamivudine/Zidovudine 150/300mg, tablets, 60 Tabs",Lamivudine/Zidovudine,Generic,150/300mg,Tablet - FDC,"Cipla, Goa, India",82604,60,6141,42987,7,0.12,53.17,741,3810.39,TRUE,11/3/13,11/5/13,,
102-BI-T30,FPQ-12602,SO-46010,DN-3335,Burundi,PMO - US,From RDC,N/A - From RDC,Air,ARV,Adult,SCMS from RDC,"Lamivudine/Nevirapine/Zidovudine 150/200/300mg, tablets, 60 Tabs",Lamivudine/Nevirapine/Zidovudine,Generic,150/300/200mg,Tablet - FDC,Hetero Unit III Hyderabad IN,82605,60,1344,11101.44,8.26,0.14,13.73,,,FALSE,11/3/13,11/5/13,,
113-ZW-T30,FPQ-10895,SO-43560,DN-3342,Zimbabwe,PMO - US,From RDC,N/A - From RDC,Truck,ARV,Adult,SCMS from RDC,"Efavirenz/Lamivudine/Tenofovir Disoproxil Fumarate 600/300/300mg, tablets, 30 Tabs",Efavirenz/Lamivudine/Tenofovir Disoproxil Fumarate,Generic,600/300/300mg,Tablet - FDC,Mylan (formerly Matrix) Nashik,82606,30,20160,224784,11.15,0.37,278.06,22074,21108.57,TRUE,9/30/13,10/9/13,,
109-TZ-T30,FPQ-12015,SO-44980,DN-3347,Tanzania,PMO - US,From RDC,N/A - From RDC,Truck,ARV,Pediatric,SCMS from RDC,"Lamivudine/Nevirapine/Stavudine 30/50/6mg, dispersible tablets, 60 Tabs",Lamivudine/Nevirapine/Stavudine,Generic,30/50/6mg,Chewable/dispersible tablet - FDC,"Cipla, Goa, India",82611,60,6097,14023.1,2.3,0.04,17.35,12213,7607.2,TRUE,10/31/13,11/4/13,,
151-NG-T30,FPQ-11864,SO-44932,DN-3366,Nigeria,PMO - US,From RDC,N/A - From RDC,Air Charter,ARV,Adult,SCMS from RDC,"Lamivudine/Nevirapine/Zidovudine 150/200/300mg, tablets, 60 Tabs",Lamivudine/Nevirapine/Zidovudine,Generic,150/300/200mg,Tablet - FDC,"Cipla, Goa, India",82612,60,75000,643500,8.58,0.14,796.01,22700,20225.07,TRUE,10/31/13,10/14/13,,
101-CD-T30,FPQ-12033,SO-45021,DN-3373,"Congo, DRC",PMO - US,From RDC,N/A - From RDC,Air,ARV,Adult,SCMS from RDC,"Zidovudine 300mg, tablets, 60 Tabs",Zidovudine,Generic,300mg,Tablet,"Aurobindo Unit III, India",82613,60,10916,71390.64,6.54,0.11,88.31,652,8242.72,TRUE,10/31/13,1/27/14,,
107-RW-T30,FPQ-12190,SO-45390,DN-3421,Rwanda,PMO - US,From RDC,N/A - From RDC,Truck,ARV,Adult,SCMS from RDC,"Nevirapine 200mg, tablets, 60 Tabs",Nevirapine,Generic,200mg,Tablet,Hetero Unit III Hyderabad IN,82617,60,79999,180797.73,2.26,0.04,223.65,9404,14088.22,TRUE,1/31/14,12/23/13,,
105-GY-T30,FPQ-12619,SO-46090,DN-3425,Guyana,PMO - US,From RDC,N/A - From RDC,Air,ARV,Adult,SCMS from RDC,"Zidovudine 300mg, tablets, 60 Tabs",Zidovudine,Generic,300mg,Tablet,"Aurobindo Unit III, India",82618,60,1016,5669.28,5.58,0.09,7.01,615,8420.68,TRUE,12/31/13,12/2/13,,
105-GY-T30,FPQ-12619,SO-46090,DN-3425,Guyana,PMO - US,From RDC,N/A - From RDC,Air,ARV,Pediatric,SCMS from RDC,"Nevirapine 10mg/ml, oral suspension w/syringe, Bottle, 240 ml",Nevirapine,Generic,10mg/ml,Oral suspension,"Aurobindo Unit III, India",82619,240,394,732.84,1.86,0.01,0.91,,,FALSE,12/31/13,12/2/13,,
101-CD-T30,FPQ-12033,SO-45022,DN-3426,"Congo, DRC",PMO - US,From RDC,N/A - From RDC,Air,ARV,Pediatric,SCMS from RDC,"Nevirapine 10mg/ml, oral suspension w/syringe, Bottle, 240 ml",Nevirapine,Generic,10mg/ml,Oral suspension,"Aurobindo Unit III, India",82620,240,6032,11762.4,1.95,0.01,14.55,2572,16754.32,TRUE,11/15/13,1/26/14,,
111-MZ-T30,FPQ-11884,SO-44867,DN-3427,Mozambique,PMO - US,From RDC,N/A - From RDC,Truck,ARV,Adult,SCMS from RDC,"Efavirenz/Lamivudine/Tenofovir Disoproxil Fumarate 600/300/300mg, tablets, 30 Tabs",Efavirenz/Lamivudine/Tenofovir Disoproxil Fumarate,Generic,600/300/300mg,Tablet - FDC,Mylan (formerly Matrix) Nashik,82621,30,44840,499966,11.15,0.37,618.46,5065,5419.21,TRUE,1/15/14,1/15/14,,
104-CI-T30,FPQ-11253,SO-44212,DN-3430,Côte d'Ivoire,PMO - US,From RDC,N/A - From RDC,Truck,ARV,Adult,SCMS from RDC,"Lopinavir/Ritonavir 200/50mg, tablets, 120 Tabs",Lopinavir/Ritonavir,Generic,200/50mg,Tablet,Mylan (formerly Matrix) Nashik,82622,120,1784,37464,21,0.18,46.34,475,3332.73,TRUE,11/29/13,12/10/13,,
104-CI-T30,FPQ-12712,SO-46321,DN-3433,Côte d'Ivoire,PMO - US,From RDC,N/A - From RDC,Truck,ARV,Pediatric,SCMS from RDC,"Lamivudine 10mg/ml, oral solution w/syringe, Bottle, 240 ml",Lamivudine,Generic,10mg/ml,Oral solution,"Aurobindo Unit III, India",82623,240,11000,15950,1.45,0.01,19.73,3930,9378.14,TRUE,12/10/13,12/10/13,,
151-NG-T30,FPQ-12248,SO-47224,DN-3444,Nigeria,PMO - US,From RDC,N/A - From RDC,Air Charter,ARV,Pediatric,SCMS from RDC,"Lamivudine/Nevirapine/Zidovudine 30/50/60mg, dispersible tablets, 60 Tabs",Lamivudine/Nevirapine/Zidovudine,Generic,30/50/60mg,Chewable/dispersible tablet - FDC,Mylan (formerly Matrix) Nashik,82625,60,70000,272300,3.89,0.06,336.84,3922,26340,TRUE,12/31/13,11/26/13,,
103-ZW-T30,FPQ-12086,SO-45130,DN-3457,Zimbabwe,PMO - US,From RDC,N/A - From RDC,Truck,ARV,Pediatric,SCMS from RDC,"Lamivudine/Nevirapine/Zidovudine 30/50/60mg, dispersible tablets, 60 Tabs",Lamivudine/Nevirapine/Zidovudine,Generic,30/50/60mg,Chewable/dispersible tablet - FDC,"Strides, Bangalore, India.",82626,60,92045,358055.06,3.89,0.06,442.91,5103,11604.57,TRUE,1/31/14,1/13/14,,
109-TZ-T30,FPQ-12587,SO-45998,DN-3505,Tanzania,PMO - US,From RDC,N/A - From RDC,Truck,ARV,Adult,SCMS from RDC,"Lopinavir/Ritonavir 200/50mg [Aluvia], tablets, 120 Tabs",Lopinavir/Ritonavir,Aluvia,200/50mg,Tablet,ABBVIE Ludwigshafen Germany,82627,120,909,17743.68,19.52,0.16,21.95,8820,3541.59,TRUE,1/31/14,2/19/14,,
106-HT-T30,FPQ-12674,SO-46240,DN-3467,Haiti,PMO - US,From RDC,N/A - From RDC,Air,ARV,Pediatric,SCMS from RDC,"Lamivudine/Stavudine 30/6mg, dispersible tablets, 60 Tabs",Lamivudine/Stavudine,Generic,30/6mg,Chewable/dispersible tablet - FDC,"Cipla, Goa, India",82629,60,58,110.2,1.9,0.03,0.14,,,TRUE,1/31/14,2/7/14,,
107-RW-T30,FPQ-12766,SO-46491,DN-3481,Rwanda,PMO - US,From RDC,N/A - From RDC,Truck,ARV,Adult,SCMS from RDC,"Lamivudine/Zidovudine 150/300mg, tablets, 60 Tabs",Lamivudine/Zidovudine,Generic,150/300mg,Tablet - FDC,"Cipla, Goa, India",82631,60,16000,112000,7,0.12,138.54,1412,20049.08,TRUE,1/31/14,1/10/14,,
111-MZ-T30,FPQ-12416,SO-45896,DN-3483,Mozambique,PMO - US,From RDC,N/A - From RDC,Truck,ARV,Adult,SCMS from RDC,"Lamivudine/Nevirapine/Zidovudine 150/200/300mg, tablets, 60 Tabs",Lamivudine/Nevirapine/Zidovudine,Generic,150/300/200mg,Tablet - FDC,Mylan (formerly Matrix) Nashik,82633,60,39600,327096,8.26,0.14,404.62,17181,15814.01,TRUE,1/31/14,2/10/14,,
111-MZ-T30,FPQ-11884,SO-44860,DN-3484,Mozambique,PMO - US,From RDC,N/A - From RDC,Truck,ARV,Adult,SCMS from RDC,"Efavirenz/Lamivudine/Tenofovir Disoproxil Fumarate 600/300/300mg, tablets, 30 Tabs",Efavirenz/Lamivudine/Tenofovir Disoproxil Fumarate,Generic,600/300/300mg,Tablet - FDC,"Aurobindo Unit VII, IN",82634,30,80071,892791.6,11.15,0.37,1104.38,18838,7928.11,TRUE,1/31/14,2/20/14,,
113-ZW-T30,FPQ-11545,SO-44362,DN-3487,Zimbabwe,PMO - US,From RDC,N/A - From RDC,Truck,ARV,Adult,SCMS from RDC,"Lamivudine/Tenofovir Disoproxil Fumarate 300/300mg, tablets, 30 Tabs",Lamivudine/Tenofovir Disoproxil Fumarate,Generic,300/300mg,Tablet - FDC,"Cipla, Kurkumbh, India",82635,30,8609,41409.29,4.81,0.16,51.22,873,15000,TRUE,1/31/14,2/10/14,,
103-ZW-T30,FPQ-12086,SO-45120,DN-3488,Zimbabwe,PMO - US,From RDC,N/A - From RDC,Truck,ARV,Pediatric,SCMS from RDC,"Lamivudine/Nevirapine/Zidovudine 30/50/60mg, dispersible tablets, 60 Tabs",Lamivudine/Nevirapine/Zidovudine,Generic,30/50/60mg,Chewable/dispersible tablet - FDC,Mylan (formerly Matrix) Nashik,82636,60,115211,432041.25,3.75,0.06,534.44,6428,15847.19,TRUE,1/31/14,2/10/14,,
110-ZM-T30,FPQ-13456,SO-47470,DN-3491,Zambia,PMO - US,From RDC,N/A - From RDC,Truck,ARV,Adult,SCMS from RDC,"Zidovudine 300mg, tablets, 60 Tabs",Zidovudine,Generic,300mg,Tablet,"Aurobindo Unit III, India",82637,60,6350,35433,5.58,0.09,36.43,320,1300,TRUE,2/13/14,1/24/14,,
102-ZW-T30,FPQ-12085,SO-45110,DN-3496,Zimbabwe,PMO - US,From RDC,N/A - From RDC,Truck,ARV,Adult,SCMS from RDC,"Efavirenz/Lamivudine/Tenofovir Disoproxil Fumarate 600/300/300mg, tablets, 30 Tabs",Efavirenz/Lamivudine/Tenofovir Disoproxil Fumarate,Generic,600/300/300mg,Tablet - FDC,"Aurobindo Unit VII, IN",82639,30,90000,946800,10.52,0.35,1171.19,24375,15847.18,TRUE,1/31/14,2/10/14,,
107-RW-T30,FPQ-12766,SO-46483,DN-3497,Rwanda,PMO - US,From RDC,N/A - From RDC,Truck,ARV,Adult,SCMS from RDC,"Lamivudine/Tenofovir Disoproxil Fumarate 300/300mg, tablets, 30 Tabs",Lamivudine/Tenofovir Disoproxil Fumarate,Generic,300/300mg,Tablet - FDC,"Aurobindo Unit VII, IN",82640,30,29993,140967.1,4.7,0.16,174.38,4883,7708.3,TRUE,1/31/14,2/3/14,,
109-TZ-T30,FPQ-12587,SO-46000,DN-3501,Tanzania,PMO - US,From RDC,N/A - From RDC,Truck,ARV,Pediatric,SCMS from RDC,"Abacavir/Lamivudine 60/30mg, tablets, 60 Tabs",Abacavir/Lamivudine,Generic,60/30mg,Tablet - FDC,"Aurobindo Unit III, India",82641,60,23964,95856,4,0.07,118.57,,,TRUE,1/31/14,2/19/14,,
104-CI-T30,FPQ-11254,SO-44140,DN-3509,Côte d'Ivoire,PMO - US,From RDC,N/A - From RDC,Truck,ARV,Pediatric,SCMS from RDC,"Abacavir/Lamivudine 60/30mg, tablets, 60 Tabs",Abacavir/Lamivudine,Generic,60/30mg,Tablet - FDC,"Aurobindo Unit III, India",82645,60,2200,8800,4,0.07,10.89,105,2151.95,TRUE,1/31/14,2/12/14,,
101-CD-T30,FPQ-12088,SO-45032,DN-3513,"Congo, DRC",PMO - US,From RDC,N/A - From RDC,Air,ARV,Pediatric,SCMS from RDC,"Abacavir/Lamivudine 60/30mg, tablets, 60 Tabs",Abacavir/Lamivudine,Generic,60/30mg,Tablet - FDC,"Aurobindo Unit III, India",82646,60,5,20,4,0.07,0.02,,,TRUE,3/26/14,3/26/14,,
111-MZ-T30,FPQ-12573,SO-46172,DN-3525,Mozambique,PMO - US,From RDC,N/A - From RDC,Truck,ARV,Adult,SCMS from RDC,"Lamivudine/Nevirapine/Stavudine 150/200/30mg, tablets, 60 Tabs",Lamivudine/Nevirapine/Stavudine,Generic,150/200/30mg,Tablet - FDC,"Strides, Bangalore, India.",82648,60,35533,153502.56,4.32,0.07,189.88,7654,7928.11,TRUE,1/31/14,2/20/14,,
111-MZ-T30,FPQ-12421,SO-45901,DN-3526,Mozambique,PMO - US,From RDC,N/A - From RDC,Truck,ARV,Adult,SCMS from RDC,"Efavirenz/Lamivudine/Tenofovir Disoproxil Fumarate 600/300/300mg, tablets, 30 Tabs",Efavirenz/Lamivudine/Tenofovir Disoproxil Fumarate,Generic,600/300/300mg,Tablet - FDC,Hetero Unit III Hyderabad IN,82649,30,66946,727703,10.87,0.36,900.17,36903,7928.11,TRUE,3/10/14,2/20/14,,
109-TZ-T30,FPQ-12354,SO-45742,DN-3532,Tanzania,PMO - US,From RDC,N/A - From RDC,Truck,ARV,Adult,SCMS from RDC,"Efavirenz/Lamivudine/Tenofovir Disoproxil Fumarate 600/300/300mg, tablets, 30 Tabs",Efavirenz/Lamivudine/Tenofovir Disoproxil Fumarate,Generic,600/300/300mg,Tablet - FDC,Mylan (formerly Matrix) Nashik,82650,30,46066,500737.4,10.87,0.36,619.41,5175,3541.59,TRUE,1/31/14,2/19/14,,
104-CI-T30,FPQ-12800,SO-46422,DN-3546,Côte d'Ivoire,PMO - US,From RDC,N/A - From RDC,Air,ARV,Adult,SCMS from RDC,"Lamivudine 150mg, tablets, 60 Tabs",Lamivudine,Generic,150mg,Tablet,"Aurobindo Unit III, India",82651,60,1700,3791,2.23,0.04,4.69,2699,4063.81,TRUE,2/28/14,2/18/14,,
111-MZ-T30,FPQ-12416,SO-45890,DN-3553,Mozambique,PMO - US,From RDC,N/A - From RDC,Truck,ARV,Adult,SCMS from RDC,"Abacavir 300mg, tablets, 60 Tabs",Abacavir,Generic,300mg,Tablet,Mylan (formerly Matrix) Nashik,82653,60,10000,113600,11.36,0.19,140.52,3118,4768.06,TRUE,6/3/14,6/3/14,,
101-CD-T30,FPQ-13554,SO-47630,DN-3561,"Congo, DRC",PMO - US,From RDC,N/A - From RDC,Air,ARV,Adult,SCMS from RDC,"Abacavir 300mg, tablets, 60 Tabs",Abacavir,Generic,300mg,Tablet,"Aurobindo Unit III, India",82654,60,489,5555.04,11.36,0.19,5.71,2045,16083.32,TRUE,5/30/14,5/19/14,,
104-CI-T30,FPQ-12800,SO-46400,DN-3568,Côte d'Ivoire,PMO - US,From RDC,N/A - From RDC,Truck,ARV,Adult,SCMS from RDC,"Lamivudine/Nevirapine/Zidovudine 150/200/300mg, tablets, 60 Tabs",Lamivudine/Nevirapine/Zidovudine,Generic,150/300/200mg,Tablet - FDC,Mylan (formerly Matrix) Nashik,82655,60,40035,330689.1,8.26,0.14,409.06,16851,23776.41,TRUE,3/28/14,4/11/14,,
109-TZ-T30,FPQ-12587,SO-46002,DN-3582,Tanzania,PMO - US,From RDC,N/A - From RDC,Truck,ARV,Adult,SCMS from RDC,"Emtricitabine/Tenofovir Disoproxil Fumarate 200/300mg, tablets, 30 Tabs",Emtricitabine/Tenofovir Disoproxil Fumarate,Generic,200/300mg,Tablet - FDC,"Aurobindo Unit III, India",82656,30,20921,122806.27,5.87,0.2,151.91,6692,6010.2,TRUE,4/30/14,5/2/14,,
114-UG-T30,FPQ-13108,SO-46870,DN-3589,Uganda,PMO - US,From RDC,N/A - From RDC,Truck,ARV,Adult,SCMS from RDC,"Lamivudine/Zidovudine 150/300mg, tablets, 60 Tabs",Lamivudine/Zidovudine,Generic,150/300mg,Tablet - FDC,"Cipla, Goa, India",82657,60,7693,51773.89,6.73,0.11,53.22,6909,4947.38,TRUE,4/20/14,4/18/14,,
101-CD-T30,FPQ-13554,SO-47640,DN-3603,"Congo, DRC",PMO - US,From RDC,N/A - From RDC,Air,ARV,Adult,SCMS from RDC,"Nevirapine 200mg, tablets, 60 Tabs",Nevirapine,Generic,200mg,Tablet,"Aurobindo Unit III, India",82661,60,2167,4897.42,2.26,0.04,5.03,211,3531.86,TRUE,3/26/14,5/13/14,,
114-UG-T30,FPQ-13107,SO-46860,DN-3605,Uganda,PMO - US,From RDC,N/A - From RDC,Truck,ARV,Adult,SCMS from RDC,"Nevirapine 200mg, tablets, 60 Tabs",Nevirapine,Generic,200mg,Tablet,"Aurobindo Unit III, India",82662,60,21764,49186.64,2.26,0.04,50.56,2091,,TRUE,3/31/14,4/18/14,,
111-MZ-T30,FPQ-13123,SO-47082,DN-3612,Mozambique,PMO - US,From RDC,N/A - From RDC,Truck,ARV,Pediatric,SCMS from RDC,"Nevirapine 10mg/ml, oral suspension w/syringe, Bottle, 240 ml",Nevirapine,Generic,10mg/ml,Oral suspension,"Aurobindo Unit III, India",82663,240,26200,48732,1.86,0.01,50.1,5343,12803.35,TRUE,5/23/14,5/23/14,,
110-ZM-T30,FPQ-13221,SO-47190,DN-3616,Zambia,PMO - US,From RDC,N/A - From RDC,Truck,ARV,Adult,SCMS from RDC,"Lamivudine 150mg, tablets, 60 Tabs",Lamivudine,Generic,150mg,Tablet,"Micro labs, Verna, Goa, India",82664,60,10391,23171.93,2.23,0.04,23.82,633,886.11,TRUE,5/19/14,5/19/14,,
104-CI-T30,FPQ-13142,SO-47131,DN-3632,Côte d'Ivoire,PMO - US,From RDC,N/A - From RDC,Truck,ARV,Adult,SCMS from RDC,"Lamivudine/Tenofovir Disoproxil Fumarate 300/300mg, tablets, 30 Tabs",Lamivudine/Tenofovir Disoproxil Fumarate,Generic,300/300mg,Tablet - FDC,Hetero Unit III Hyderabad IN,82665,30,10000,46400,4.64,0.15,47.7,8889,33073.6,TRUE,4/30/14,4/25/14,,
104-CI-T30,FPQ-13142,SO-47151,DN-3633,Côte d'Ivoire,PMO - US,From RDC,N/A - From RDC,Truck,ARV,Adult,SCMS from RDC,"Abacavir 300mg, tablets, 60 Tabs",Abacavir,Generic,300mg,Tablet,"Aurobindo Unit III, India",82666,60,6750,75802.5,11.23,0.19,77.92,4919,17647.73,TRUE,4/30/14,4/22/14,,
105-GY-T30,FPQ-13567,SO-47720,DN-3636,Guyana,PMO - US,From RDC,N/A - From RDC,Air,ARV,Adult,SCMS from RDC,"Abacavir 300mg, tablets, 60 Tabs",Abacavir,Generic,300mg,Tablet,"Aurobindo Unit III, India",82667,60,49,550.27,11.23,0.19,0.57,5,660.43,TRUE,4/30/14,4/23/14,,
107-RW-T30,FPQ-12766,SO-46485,DN-3642,Rwanda,PMO - US,From RDC,N/A - From RDC,Truck,ARV,Adult,SCMS from RDC,"Lamivudine/Tenofovir Disoproxil Fumarate 300/300mg, tablets, 30 Tabs",Lamivudine/Tenofovir Disoproxil Fumarate,Generic,300/300mg,Tablet - FDC,"Cipla, Kurkumbh, India",82668,30,2381,11047.84,4.64,0.15,13.67,3703,8469.67,TRUE,5/5/14,6/6/14,,
111-MZ-T30,FPQ-13165,SO-47591,DN-3651,Mozambique,PMO - US,From RDC,N/A - From RDC,Truck,ARV,Adult,SCMS from RDC,"Lamivudine 150mg, tablets, 60 Tabs",Lamivudine,Generic,150mg,Tablet,"Micro labs, Verna, Goa, India",82669,60,440,765.6,1.74,0.03,0.79,27,800,TRUE,7/4/14,6/3/14,,
110-ZM-T30,FPQ-13574,SO-47791,DN-3657,Zambia,PMO - US,From RDC,N/A - From RDC,Air,ARV,Pediatric,SCMS from RDC,"Nevirapine 10mg/ml, oral suspension w/syringe, Bottle, 240 ml",Nevirapine,Generic,10mg/ml,Oral suspension,"Aurobindo Unit III, India",82670,240,1222,2175.16,1.78,0.01,2.24,825,6380.09,TRUE,4/8/14,4/18/14,,
109-TZ-T30,FPQ-12354,SO-45740,DN-3659,Tanzania,PMO - US,From RDC,N/A - From RDC,Truck,ARV,Adult,SCMS from RDC,"Efavirenz/Lamivudine/Tenofovir Disoproxil Fumarate 600/300/300mg, tablets, 30 Tabs",Efavirenz/Lamivudine/Tenofovir Disoproxil Fumarate,Generic,600/300/300mg,Tablet - FDC,Mylan (formerly Matrix) Nashik,82671,30,116931,1260516.1,10.78,0.36,1559.26,13280,7083.18,TRUE,5/5/14,6/18/14,,
104-CI-T30,FPQ-12800,SO-46420,DN-3680,Côte d'Ivoire,PMO - US,From RDC,N/A - From RDC,Truck,ARV,Pediatric,SCMS from RDC,"Lamivudine/Nevirapine/Zidovudine 30/50/60mg, dispersible tablets, 60 Tabs",Lamivudine/Nevirapine/Zidovudine,Generic,30/50/60mg,Chewable/dispersible tablet - FDC,"Strides, Bangalore, India.",82672,60,6799,25496.25,3.75,0.06,31.54,292,1672.7,TRUE,5/15/14,5/12/14,,
113-ZW-T30,FPQ-12950,SO-46652,DN-3703,Zimbabwe,PMO - US,From RDC,N/A - From RDC,Truck,ARV,Adult,SCMS from RDC,"Efavirenz/Lamivudine/Tenofovir Disoproxil Fumarate 600/300/300mg, tablets, 30 Tabs",Efavirenz/Lamivudine/Tenofovir Disoproxil Fumarate,Generic,600/300/300mg,Tablet - FDC,Hetero Unit III Hyderabad IN,82674,30,87667,945050.25,10.78,0.36,1169.03,11717,74740.8,TRUE,5/30/14,6/2/14,,
109-TZ-T30,FPQ-12587,SO-45990,DN-3704,Tanzania,PMO - US,From RDC,N/A - From RDC,Truck,ARV,Adult,SCMS from RDC,"Emtricitabine/Tenofovir Disoproxil Fumarate 200/300mg, tablets, 30 Tabs",Emtricitabine/Tenofovir Disoproxil Fumarate,Generic,200/300mg,Tablet - FDC,Mylan (formerly Matrix) Nashik,82675,30,10267,58932.58,5.74,0.19,72.9,816,3623.2,TRUE,6/30/14,6/21/14,,
104-CI-T30,FPQ-10633,SO-43370,DN-3706,Côte d'Ivoire,PMO - US,From RDC,N/A - From RDC,Truck,ARV,Adult,SCMS from RDC,"Efavirenz 600mg, tablets, 30 Tabs",Efavirenz,Generic,600mg,Tablet,"Hetero, Jadcherla, unit 5, IN",82676,30,25000,83250,3.33,0.11,116.72,3591,21593.88,TRUE,6/30/14,6/4/14,,
104-CI-T30,FPQ-10633,SO-43363,DN-3707,Côte d'Ivoire,PMO - US,From RDC,N/A - From RDC,Truck,ARV,Adult,SCMS from RDC,"Efavirenz 600mg, tablets, 30 Tabs",Efavirenz,Generic,600mg,Tablet,"Strides, Bangalore, India.",82677,30,30196,96929.16,3.21,0.11,135.89,3591,5153.54,TRUE,8/29/14,6/4/14,,
104-CI-T30,FPQ-12144,SO-45640,DN-3711,Côte d'Ivoire,PMO - US,From RDC,N/A - From RDC,Truck,ARV,Pediatric,SCMS from RDC,"Efavirenz 200mg, scored tablets, 90 Tabs",Efavirenz,Generic,200mg,Tablet,"Strides, Bangalore, India.",82678,90,5840,54312,9.3,0.1,67.18,347,3132.77,TRUE,6/4/14,6/16/14,,
114-UG-T30,FPQ-13108,SO-46875,DN-3732,Uganda,PMO - US,From RDC,N/A - From RDC,Truck,ARV,Adult,SCMS from RDC,"Lamivudine/Nevirapine/Zidovudine 150/200/300mg, tablets, 60 Tabs",Lamivudine/Nevirapine/Zidovudine,Generic,150/300/200mg,Tablet - FDC,"Aurobindo Unit III, India",82680,60,100000,811000,8.11,0.14,833.71,18737,9857.35,TRUE,6/30/14,6/30/14,,
111-MZ-T30,FPQ-12573,SO-46173,DN-3742,Mozambique,PMO - US,From RDC,N/A - From RDC,Truck,ARV,Adult,SCMS from RDC,"Lamivudine/Nevirapine/Stavudine 150/200/30mg, tablets, 60 Tabs",Lamivudine/Nevirapine/Stavudine,Generic,150/200/30mg,Tablet - FDC,Hetero Unit III Hyderabad IN,82683,60,5572,24071.04,4.32,0.07,29.78,571,578.25,TRUE,8/15/14,8/15/14,,
109-TZ-T30,FPQ-13042,SO-46701,DN-3762,Tanzania,PMO - US,From RDC,N/A - From RDC,Air,ARV,Adult,SCMS from RDC,"Lopinavir/Ritonavir 200/50mg [Aluvia], tablets, 120 Tabs",Lopinavir/Ritonavir,Aluvia,200/50mg,Tablet,ABBVIE Ludwigshafen Germany,82685,120,32294,610356.6,18.9,0.16,755.01,20132,97918.87,TRUE,7/31/14,9/25/14,,
110-ZM-T30,FPQ-13692,SO-47992,DN-3889,Zambia,PMO - US,From RDC,N/A - From RDC,Truck,ARV,Pediatric,SCMS from RDC,"Abacavir/Lamivudine 60/30mg, tablets, 60 Tabs",Abacavir/Lamivudine,Generic,60/30mg,Tablet - FDC,Mylan (formerly Matrix) Nashik,82687,60,60000,237000,3.95,0.07,243.64,2484,3613.05,TRUE,9/30/14,10/2/14,,
103-ZW-T30,FPQ-13990,SO-48471,DN-3890,Zimbabwe,PMO - US,From RDC,N/A - From RDC,Truck,ARV,Pediatric,SCMS from RDC,"Abacavir/Lamivudine 60/30mg, tablets, 60 Tabs",Abacavir/Lamivudine,Generic,60/30mg,Tablet - FDC,Mylan (formerly Matrix) Nashik,82688,60,23000,90850,3.95,0.07,93.39,952,1521.08,TRUE,8/30/14,9/15/14,,
110-ZM-T30,FPQ-13221,SO-47204,DN-3833,Zambia,PMO - US,From RDC,N/A - From RDC,Truck,ARV,Adult,SCMS from RDC,"Lamivudine/Tenofovir Disoproxil Fumarate 300/300mg, tablets, 30 Tabs",Lamivudine/Tenofovir Disoproxil Fumarate,Generic,300/300mg,Tablet - FDC,"Cipla, Kurkumbh, India",82691,30,21529,101186.3,4.7,0.16,104.02,9530,16468.54,TRUE,8/29/14,9/4/14,,
101-CD-T30,FPQ-14252,SO-48852,DN-3885,"Congo, DRC",PMO - US,From RDC,N/A - From RDC,Air,ARV,Adult,SCMS from RDC,"Lamivudine/Nevirapine/Zidovudine 150/200/300mg, tablets, 60 Tabs",Lamivudine/Nevirapine/Zidovudine,Generic,150/300/200mg,Tablet - FDC,Mylan (formerly Matrix) Nashik,82693,60,7480,60662.8,8.11,0.14,62.36,1278,12197.44,TRUE,9/22/14,9/30/14,,
151-NG-T30,FPQ-13293,SO-47272,DN-3794,Nigeria,PMO - US,From RDC,N/A - From RDC,Air Charter,ARV,Adult,SCMS from RDC,"Lamivudine/Nevirapine/Zidovudine 150/200/300mg, tablets, 60 Tabs",Lamivudine/Nevirapine/Zidovudine,Generic,150/300/200mg,Tablet - FDC,"Aurobindo Unit III, India",82694,60,200000,1622000,8.11,0.14,1667.42,51698,28812.57,TRUE,6/30/14,6/20/14,,
151-NG-T30,FPQ-13293,SO-47272,DN-3794,Nigeria,PMO - US,From RDC,N/A - From RDC,Air Charter,ARV,Adult,SCMS from RDC,"Lamivudine/Nevirapine/Zidovudine 150/200/300mg, tablets, 60 Tabs",Lamivudine/Nevirapine/Zidovudine,Generic,150/300/200mg,Tablet - FDC,"Strides, Bangalore, India.",82695,60,145235,1177855.9,8.11,0.14,1210.84,,,FALSE,6/30/14,6/20/14,,
151-NG-T30,FPQ-13293,SO-47273,DN-3801,Nigeria,PMO - US,From RDC,N/A - From RDC,Air Charter,ARV,Adult,SCMS from RDC,"Lamivudine/Nevirapine/Zidovudine 150/200/300mg, tablets, 60 Tabs",Lamivudine/Nevirapine/Zidovudine,Generic,150/300/200mg,Tablet - FDC,Mylan (formerly Matrix) Nashik,82696,60,97000,786670,8.11,0.14,808.7,12823,28812.57,TRUE,7/31/14,6/20/14,,
100-ZM-T30,FPQ-13679,SO-48031,DN-3806,Zambia,PMO - US,From RDC,N/A - From RDC,Truck,ARV,Adult,SCMS from RDC,"Efavirenz/Lamivudine/Tenofovir Disoproxil Fumarate 600/300/300mg, tablets, 30 Tabs",Efavirenz/Lamivudine/Tenofovir Disoproxil Fumarate,Generic,600/300/300mg,Tablet - FDC,Hetero Unit III Hyderabad IN,82697,30,63696,686642.9,10.78,0.36,705.87,8487,8054.68,TRUE,7/31/14,7/25/14,,
151-NG-T30,FPQ-14156,SO-48901,DN-3807,Nigeria,PMO - US,From RDC,N/A - From RDC,Air Charter,ARV,Adult,SCMS from RDC,"Lamivudine/Tenofovir Disoproxil Fumarate 300/300mg, tablets, 30 Tabs",Lamivudine/Tenofovir Disoproxil Fumarate,Generic,300/300mg,Tablet - FDC,"Cipla, Kurkumbh, India",82698,30,5000,23200,4.64,0.15,23.85,1447,28812.57,TRUE,10/31/14,6/20/14,,
109-TZ-T30,FPQ-12587,SO-46001,DN-3811,Tanzania,PMO - US,From RDC,N/A - From RDC,Truck,ARV,Adult,SCMS from RDC,"Emtricitabine/Tenofovir Disoproxil Fumarate 200/300mg, tablets, 30 Tabs",Emtricitabine/Tenofovir Disoproxil Fumarate,Generic,200/300mg,Tablet - FDC,"Aurobindo Unit III, India",82699,30,22002,126291.48,5.74,0.19,156.22,2003,10010.15,TRUE,9/18/14,9/25/14,,
100-ZM-T30,FPQ-13679,SO-48030,DN-3820,Zambia,PMO - US,From RDC,N/A - From RDC,Truck,ARV,Adult,SCMS from RDC,"Efavirenz/Lamivudine/Tenofovir Disoproxil Fumarate 600/300/300mg, tablets, 30 Tabs",Efavirenz/Lamivudine/Tenofovir Disoproxil Fumarate,Generic,600/300/300mg,Tablet - FDC,"Aurobindo Unit VII, IN",82700,30,112334,1210960.5,10.78,0.36,1244.87,14867,13627.76,TRUE,7/31/14,7/25/14,,
110-ZM-T30,FPQ-14105,SO-48651,DN-3821,Zambia,PMO - US,From RDC,N/A - From RDC,Truck,ARV,Adult,SCMS from RDC,"Lamivudine/Zidovudine 150/300mg, tablets, 60 Tabs",Lamivudine/Zidovudine,Generic,150/300mg,Tablet - FDC,"Cipla, Goa, India",82701,60,36852,240275.05,6.52,0.11,247,3324,4266.62,TRUE,9/4/14,9/3/14,,
113-ZW-T30,FPQ-13508,SO-47540,DN-3825,Zimbabwe,PMO - US,From RDC,N/A - From RDC,Truck,ARV,Adult,SCMS from RDC,"Nevirapine 200mg, tablets, 60 Tabs",Nevirapine,Generic,200mg,Tablet,"Micro labs, Verna, Goa, India",82702,60,100000,218000,2.18,0.04,224.1,64918,43218.07,TRUE,9/30/14,6/29/14,,
113-ZW-T30,FPQ-13508,SO-47540,DN-3825,Zimbabwe,PMO - US,From RDC,N/A - From RDC,Truck,ARV,Adult,SCMS from RDC,"Lamivudine/Tenofovir Disoproxil Fumarate 300/300mg, tablets, 30 Tabs",Lamivudine/Tenofovir Disoproxil Fumarate,Generic,300/300mg,Tablet - FDC,Ranbaxy per Shasun Pharma,82703,30,76950,356278.5,4.63,0.15,366.25,,,FALSE,9/30/14,6/29/14,,
113-ZW-T30,FPQ-13508,SO-47540,DN-3825,Zimbabwe,PMO - US,From RDC,N/A - From RDC,Truck,ARV,Adult,SCMS from RDC,"Lamivudine/Tenofovir Disoproxil Fumarate 300/300mg, tablets, 30 Tabs",Lamivudine/Tenofovir Disoproxil Fumarate,Generic,300/300mg,Tablet - FDC,"Cipla, Kurkumbh, India",82704,30,43715,202400.45,4.63,0.15,208.07,,,FALSE,9/30/14,6/29/14,,
111-MZ-T30,FPQ-13124,SO-47050,DN-3827,Mozambique,PMO - US,From RDC,N/A - From RDC,Truck,ARV,Adult,SCMS from RDC,"Lamivudine/Nevirapine/Zidovudine 150/200/300mg, tablets, 60 Tabs",Lamivudine/Nevirapine/Zidovudine,Generic,150/300/200mg,Tablet - FDC,Hetero Unit III Hyderabad IN,82705,60,210000,1703100,8.11,0.14,1750.79,81836,47171.27,TRUE,8/29/14,8/25/14,,
103-SS-T30,FPQ-14409,SO-49120,DN-3842,South Sudan,PMO - US,From RDC,N/A - From RDC,Air,ARV,Adult,SCMS from RDC,"Lamivudine/Zidovudine 150/300mg, tablets, 60 Tabs",Lamivudine/Zidovudine,Generic,150/300mg,Tablet - FDC,Hetero Unit III Hyderabad IN,82706,60,396,2581.92,6.52,0.11,2.65,410,4708,TRUE,9/1/14,9/1/14,,
101-CD-T30,FPQ-14252,SO-48850,DN-3843,"Congo, DRC",PMO - US,From RDC,N/A - From RDC,Air,ARV,Adult,SCMS from RDC,"Abacavir 300mg, tablets, 60 Tabs",Abacavir,Generic,300mg,Tablet,"Aurobindo Unit III, India",82707,60,715,8029.45,11.23,0.19,8.25,1630,18387.8,TRUE,8/13/14,9/24/14,,
101-CD-T30,FPQ-14252,SO-48850,DN-3843,"Congo, DRC",PMO - US,From RDC,N/A - From RDC,Air,ARV,Adult,SCMS from RDC,"Lamivudine 150mg, tablets, 60 Tabs",Lamivudine,Generic,150mg,Tablet,"Aurobindo Unit III, India",82708,60,980,1705.2,1.74,0.03,1.75,,,FALSE,8/13/14,9/24/14,,
101-CD-T30,FPQ-14252,SO-48850,DN-3843,"Congo, DRC",PMO - US,From RDC,N/A - From RDC,Air,ARV,Adult,SCMS from RDC,"Lopinavir/Ritonavir 200/50mg, tablets, 120 Tabs",Lopinavir/Ritonavir,Generic,200/50mg,Tablet,Mylan (formerly Matrix) Nashik,82709,120,1727,34039.17,19.71,0.16,34.99,,,FALSE,8/13/14,9/24/14,,
105-GY-T30,FPQ-14042,SO-48520,DN-3844,Guyana,PMO - US,From RDC,N/A - From RDC,Air,ARV,Adult,SCMS from RDC,"Abacavir 300mg, tablets, 60 Tabs",Abacavir,Generic,300mg,Tablet,"Aurobindo Unit III, India",82710,60,53,595.19,11.23,0.19,0.61,516,7663.16,TRUE,9/30/14,7/30/14,,
105-GY-T30,FPQ-14042,SO-48520,DN-3844,Guyana,PMO - US,From RDC,N/A - From RDC,Air,ARV,Pediatric,SCMS from RDC,"Lamivudine 10mg/ml, oral solution w/syringe, Bottle, 240 ml",Lamivudine,Generic,10mg/ml,Oral solution,"Aurobindo Unit III, India",82711,240,90,128.7,1.43,0.01,0.13,,,FALSE,9/30/14,7/30/14,,
105-GY-T30,FPQ-14042,SO-48520,DN-3844,Guyana,PMO - US,From RDC,N/A - From RDC,Air,ARV,Adult,SCMS from RDC,"Zidovudine 300mg, tablets, 60 Tabs",Zidovudine,Generic,300mg,Tablet,"Aurobindo Unit III, India",82712,60,791,4303.04,5.44,0.09,4.42,,,FALSE,9/30/14,7/30/14,,
111-MZ-T30,FPQ-13123,SO-47080,DN-3828,Mozambique,PMO - US,From RDC,N/A - From RDC,Truck,ARV,Adult,SCMS from RDC,"Efavirenz 600mg, tablets, 30 Tabs",Efavirenz,Generic,600mg,Tablet,"Strides, Bangalore, India.",82713,30,12710,40799.1,3.21,0.11,41.94,9511,10217.02,TRUE,8/29/14,11/5/14,,
104-CI-T30,FPQ-14370,SO-49100,DN-3851,Côte d'Ivoire,PMO - US,From RDC,N/A - From RDC,Truck,ARV,Adult,SCMS from RDC,"Abacavir/Lamivudine 600/300mg, tablets, 30 Tabs",Abacavir/Lamivudine,Generic,600/300mg,Tablet - FDC,"Cipla, Patalganga, India",82714,30,2756,37261.12,13.52,0.45,38.3,248,1933.72,TRUE,10/31/14,8/18/14,,
111-MZ-T30,FPQ-14226,SO-48882,DN-3855,Mozambique,PMO - US,From RDC,N/A - From RDC,Truck,ARV,Adult,SCMS from RDC,"Lamivudine/Stavudine 150/30mg, tablets, 60 Tabs",Lamivudine/Stavudine,Generic,150/30mg,Tablet - FDC,"Strides, Bangalore, India.",82721,60,3068,7976.8,2.6,0.04,8.2,150,118.16,TRUE,12/31/14,10/27/14,,
111-MZ-T30,FPQ-13575,SO-47703,DN-3865,Mozambique,PMO - US,From RDC,N/A - From RDC,Truck,ARV,Adult,SCMS from RDC,"Nevirapine 200mg, tablets, 60 Tabs",Nevirapine,Generic,200mg,Tablet,Hetero Unit III Hyderabad IN,82723,60,2030,4425.4,2.18,0.04,4.55,6342,3290.58,TRUE,8/31/14,10/30/14,,
117-ET-T30,FPQ-14544,SO-49230,DN-3870,Ethiopia,PMO - US,From RDC,N/A - From RDC,Air,ARV,Pediatric,SCMS from RDC,"Abacavir/Lamivudine 60/30mg, tablets, 60 Tabs",Abacavir/Lamivudine,Generic,60/30mg,Tablet - FDC,"Aurobindo Unit III, India",82724,60,3071,12560.39,4.09,0.07,12.91,115,630,TRUE,7/29/14,7/10/14,,
103-SS-T30,FPQ-14556,SO-49260,DN-3871,South Sudan,PMO - US,From RDC,N/A - From RDC,Air,ARV,Pediatric,SCMS from RDC,"Lamivudine/Nevirapine/Zidovudine 30/50/60mg, [DON] dispersible tablets, 60 Tabs",Lamivudine/Nevirapine/Zidovudine,Generic,30/50/60mg,Chewable/dispersible tablet - FDC,"Cipla, Goa, India",82725,60,6459,0,0,0,0,565,11705.87,TRUE,1/30/15,12/16/14,,
111-MZ-T30,FPQ-13394,SO-47460,DN-3872,Mozambique,PMO - US,From RDC,N/A - From RDC,Truck,ARV,Adult,SCMS from RDC,"Lamivudine/Nevirapine/Zidovudine 150/200/300mg, tablets, 60 Tabs",Lamivudine/Nevirapine/Zidovudine,Generic,150/300/200mg,Tablet - FDC,Mylan (formerly Matrix) Nashik,82726,60,40070,324967.7,8.11,0.14,334.07,28111,18448.52,TRUE,9/30/14,10/27/14,,
151-NG-T30,FPQ-13704,SO-48322,DN-3914,Nigeria,PMO - US,From RDC,N/A - From RDC,Air Charter,ARV,Pediatric,SCMS from RDC,"Efavirenz 200mg, capsule, 90 Caps",Efavirenz,Generic,200mg,Capsule,"Aurobindo Unit III, India",82727,90,10230,56265,5.5,0.06,57.84,1505,10060,TRUE,9/30/14,9/3/14,,
901-NA-T30,FPQ-14670,SO-49560,DN-3907,Namibia,PMO - US,From RDC,N/A - From RDC,Truck,ARV,Adult,SCMS from RDC,"Lamivudine/Nevirapine/Zidovudine 150/200/300mg, tablets, 60 Tabs",Lamivudine/Nevirapine/Zidovudine,Generic,150/300/200mg,Tablet - FDC,"Cipla, Goa, India",82729,60,40000,324400,8.11,0.14,333.48,9632,15571.48,TRUE,9/30/14,9/15/14,,
103-SS-T30,FPQ-13173,SO-47101,DN-3928,South Sudan,PMO - US,From RDC,N/A - From RDC,Air,ARV,Pediatric,SCMS from RDC,"Lamivudine/Zidovudine 30/60mg, dispersible tablets, 60 Tabs",Lamivudine/Zidovudine,Generic,30/60mg,Chewable/dispersible tablet - FDC,"Cipla, Goa, India",82730,60,132,262.68,1.99,0.03,0.27,23,1651,TRUE,9/30/14,10/15/14,,
109-TZ-T30,FPQ-13042,SO-46690,DN-3929,Tanzania,PMO - US,From RDC,N/A - From RDC,Truck,ARV,Pediatric,SCMS from RDC,"Lamivudine/Zidovudine 30/60mg, dispersible tablets, 60 Tabs",Lamivudine/Zidovudine,Generic,30/60mg,Chewable/dispersible tablet - FDC,"Cipla, Goa, India",82731,60,17980,38657,2.15,0.04,47.82,2152,837.59,TRUE,10/30/14,10/17/14,,
111-MZ-T30,FPQ-13575,SO-47700,DN-3939,Mozambique,PMO - US,From RDC,N/A - From RDC,Truck,ARV,Adult,SCMS from RDC,"Lamivudine/Nevirapine/Zidovudine 150/200/300mg, tablets, 60 Tabs",Lamivudine/Nevirapine/Zidovudine,Generic,150/300/200mg,Tablet - FDC,"Cipla, Goa, India",82732,60,106754,881788.06,8.26,0.14,906.48,28021,19662.09,TRUE,10/31/14,10/30/14,,
111-MZ-T30,FPQ-14226,SO-48884,DN-3944,Mozambique,PMO - US,From RDC,N/A - From RDC,Truck,ARV,Pediatric,SCMS from RDC,"Nevirapine 10mg/ml, oral suspension w/syringe, Bottle, 240 ml",Nevirapine,Generic,10mg/ml,Oral suspension,"Aurobindo Unit III, India",82733,240,27264,41168.64,1.51,0.01,42.32,10191,8520.87,TRUE,12/31/14,10/28/14,,
110-ZM-T30,FPQ-13692,SO-47990,DN-3951,Zambia,PMO - US,From RDC,N/A - From RDC,Truck,ARV,Pediatric,SCMS from RDC,"Abacavir/Lamivudine 60/30mg, tablets, 60 Tabs",Abacavir/Lamivudine,Generic,60/30mg,Tablet - FDC,"Aurobindo Unit III, India",82735,60,46973,187892,4,0.07,193.15,3237,4208.35,TRUE,10/31/14,10/2/14,,
102-BI-T30,FPQ-14112,SO-48630,DN-3952,Burundi,PMO - US,From RDC,N/A - From RDC,Air,ARV,Adult,SCMS from RDC,"Lamivudine/Zidovudine 150/300mg, tablets, 60 Tabs",Lamivudine/Zidovudine,Generic,150/300mg,Tablet - FDC,"Aurobindo Unit III, India",82736,60,1428,9424.8,6.6,0.11,9.69,331,4218.74,TRUE,10/31/14,10/15/14,,
104-CI-T30,FPQ-13628,SO-49880,DN-3966,Côte d'Ivoire,PMO - US,From RDC,N/A - From RDC,Truck,ARV,Adult,SCMS from RDC,"Tenofovir Disoproxil Fumarate 300mg, tablets, 30 Tabs",Tenofovir Disoproxil Fumarate,Generic,300mg,Tablet,Hetero Unit III Hyderabad IN,82739,30,5905,21376.1,3.62,0.12,21.97,599,2440.19,TRUE,10/31/14,10/17/14,,
103-ZW-T30,FPQ-13967,SO-49890,DN-3972,Zimbabwe,PMO - US,From RDC,N/A - From RDC,Truck,ARV,Pediatric,SCMS from RDC,"Lamivudine/Nevirapine/Zidovudine 30/50/60mg, dispersible tablets, 60 Tabs",Lamivudine/Nevirapine/Zidovudine,Generic,30/50/60mg,Chewable/dispersible tablet - FDC,Mylan (formerly Matrix) Nashik,82740,60,10602,38167.2,3.6,0.06,39.24,3919,4083.5,TRUE,11/14/14,10/30/14,,
103-ZW-T30,FPQ-13990,SO-48480,DN-3971,Zimbabwe,PMO - US,From RDC,N/A - From RDC,Truck,ARV,Pediatric,SCMS from RDC,"Abacavir/Lamivudine 60/30mg, tablets, 60 Tabs",Abacavir/Lamivudine,Generic,60/30mg,Tablet - FDC,"Aurobindo Unit III, India",82742,60,50847,200845.66,3.95,0.07,206.47,2372,2599.36,TRUE,10/30/14,11/3/14,,
101-CD-T30,FPQ-14576,SO-49310,DN-3954,"Congo, DRC",PMO - US,From RDC,N/A - From RDC,Air,ARV,Pediatric,SCMS from RDC,"Nevirapine 10mg/ml, oral suspension w/syringe, Bottle, 240 ml",Nevirapine,Generic,10mg/ml,Oral suspension,"Aurobindo Unit III, India",82743,240,1135,1713.85,1.51,0.01,1.76,1165,13290.31,TRUE,4/14/15,4/14/15,,
101-CD-T30,FPQ-14576,SO-49310,DN-3954,"Congo, DRC",PMO - US,From RDC,N/A - From RDC,Air,ARV,Pediatric,SCMS from RDC,"Lamivudine/Nevirapine/Zidovudine 30/50/60mg, dispersible tablets, 60 Tabs",Lamivudine/Nevirapine/Zidovudine,Generic,30/50/60mg,Chewable/dispersible tablet - FDC,"Cipla, Goa, India",82744,60,965,3474,3.6,0.06,3.57,,,FALSE,4/14/15,4/14/15,,
113-ZW-T30,FPQ-14458,SO-49171,DN-3974,Zimbabwe,PMO - US,From RDC,N/A - From RDC,Truck,ARV,Adult,SCMS from RDC,"Efavirenz/Lamivudine/Tenofovir Disoproxil Fumarate 600/300/300mg, tablets, 30 Tabs",Efavirenz/Lamivudine/Tenofovir Disoproxil Fumarate,Generic,600/300/300mg,Tablet - FDC,Mylan (formerly Matrix) Nashik,82745,30,100167,1026711.75,10.25,0.34,1055.46,21570,24309.72,TRUE,1/31/15,10/30/14,,
113-ZW-T30,FPQ-14458,SO-49171,DN-3974,Zimbabwe,PMO - US,From RDC,N/A - From RDC,Truck,ARV,Adult,SCMS from RDC,"Efavirenz/Lamivudine/Tenofovir Disoproxil Fumarate 600/300/300mg, tablets, 30 Tabs",Efavirenz/Lamivudine/Tenofovir Disoproxil Fumarate,Generic,600/300/300mg,Tablet - FDC,Cipla Ltd A-42 MIDC Mahar. IN,82746,30,75013,768883.25,10.25,0.34,790.41,,,FALSE,1/31/15,10/30/14,,
101-CD-T30,FPQ-14576,SO-49290,DN-3975,"Congo, DRC",PMO - US,From RDC,N/A - From RDC,Air,ARV,Adult,SCMS from RDC,"Lopinavir/Ritonavir 200/50mg, tablets, 120 Tabs",Lopinavir/Ritonavir,Generic,200/50mg,Tablet,Mylan (formerly Matrix) Nashik,82748,120,1156,22726.96,19.66,0.16,23.36,2187,24532.28,TRUE,1/30/15,2/18/15,,
151-NG-T30,FPQ-13293,SO-47270,DN-3993,Nigeria,PMO - US,From RDC,N/A - From RDC,Air Charter,ARV,Adult,SCMS from RDC,"Lamivudine/Nevirapine/Zidovudine 150/200/300mg, tablets, 60 Tabs",Lamivudine/Nevirapine/Zidovudine,Generic,150/300/200mg,Tablet - FDC,Mylan (formerly Matrix) Nashik,82749,60,191230,1550875.2,8.11,0.14,1594.3,27094,70210,TRUE,10/31/14,10/30/14,,
151-NG-T30,FPQ-13704,SO-48310,DN-3997,Nigeria,PMO - US,From RDC,N/A - From RDC,Air Charter,ARV,Adult,SCMS from RDC,"Abacavir/Lamivudine 600/300mg, tablets, 30 Tabs",Abacavir/Lamivudine,Generic,600/300mg,Tablet - FDC,Mylan (formerly Matrix) Nashik,82750,30,19356,261112.44,13.49,0.45,268.42,1960,7009,TRUE,10/31/14,10/30/14,,
151-NG-T30,FPQ-14766,SO-49701,DN-3998,Nigeria,PMO - US,From RDC,N/A - From RDC,Air Charter,ARV,Adult,SCMS from RDC,"Lopinavir/Ritonavir 200/50mg [Aluvia], tablets, 120 Tabs",Lopinavir/Ritonavir,Aluvia,200/50mg,Tablet,ABBVIE Ludwigshafen Germany,82751,120,28000,529200,18.9,0.16,544.02,6702,20526,TRUE,3/31/15,10/30/14,,
151-NG-T30,FPQ-14156,SO-48891,DN-3999,Nigeria,PMO - US,From RDC,N/A - From RDC,Air Charter,ARV,Adult,SCMS from RDC,"Lamivudine/Nevirapine/Zidovudine 150/200/300mg, tablets, 60 Tabs",Lamivudine/Nevirapine/Zidovudine,Generic,150/300/200mg,Tablet - FDC,Mylan (formerly Matrix) Nashik,82752,60,45307,367439.78,8.11,0.14,377.73,20329,49570,TRUE,11/30/14,10/30/14,,
114-UG-T30,FPQ-14396,SO-48970,DN-4008,Uganda,PMO - US,From RDC,N/A - From RDC,Truck,ARV,Adult,SCMS from RDC,"Lamivudine/Tenofovir Disoproxil Fumarate 300/300mg, tablets, 30 Tabs",Lamivudine/Tenofovir Disoproxil Fumarate,Generic,300/300mg,Tablet - FDC,Hetero Unit III Hyderabad IN,82753,30,42531,196918.53,4.63,0.15,202.43,7043,6852.08,TRUE,11/28/14,12/3/14,,
107-RW-T30,FPQ-14111,SO-48801,DN-4009,Rwanda,PMO - US,From RDC,N/A - From RDC,Truck,ARV,Adult,SCMS from RDC,"Lamivudine/Nevirapine/Zidovudine 150/200/300mg, tablets, 60 Tabs",Lamivudine/Nevirapine/Zidovudine,Generic,150/300/200mg,Tablet - FDC,Mylan (formerly Matrix) Nashik,82754,60,14011,113629.21,8.11,0.14,116.81,1755,4328.9,TRUE,1/30/15,1/14/15,,
107-RW-T30,FPQ-14111,SO-48790,DN-4012,Rwanda,PMO - US,From RDC,N/A - From RDC,Truck,ARV,Adult,SCMS from RDC,"Lamivudine/Tenofovir Disoproxil Fumarate 300/300mg, tablets, 30 Tabs",Lamivudine/Tenofovir Disoproxil Fumarate,Generic,300/300mg,Tablet - FDC,Hetero Unit III Hyderabad IN,82755,30,73467,340886.88,4.64,0.15,350.43,17317,26620.36,TRUE,2/16/15,1/14/15,,
104-CI-T30,FPQ-13628,SO-47912,DN-4024,Côte d'Ivoire,PMO - US,From RDC,N/A - From RDC,Truck,ARV,Pediatric,SCMS from RDC,"Zidovudine 10mg/ml, oral solution w/syringe, Bottle, 240 ml",Zidovudine,Generic,10mg/ml,Oral solution,"Aurobindo Unit III, India",82756,240,4000,7960,1.99,0.01,8.18,10413,39599.1,TRUE,1/30/15,2/11/15,,
111-MZ-T30,FPQ-14226,SO-48880,DN-4032,Mozambique,PMO - US,From RDC,N/A - From RDC,Truck,ARV,Adult,SCMS from RDC,"Lamivudine/Stavudine 150/30mg, tablets, 60 Tabs",Lamivudine/Stavudine,Generic,150/30mg,Tablet - FDC,Hetero Unit III Hyderabad IN,82757,60,7442,19349.2,2.6,0.04,19.89,12408,15645.33,TRUE,3/2/15,3/2/15,,
107-RW-T30,FPQ-14811,SO-49951,DN-4040,Rwanda,PMO - US,From RDC,N/A - From RDC,Truck,ARV,Pediatric,SCMS from RDC,"Efavirenz 200mg, scored tablets, 90 Tabs",Efavirenz,Generic,200mg,Tablet,"Strides, Bangalore, India.",82758,90,1016,9448.8,9.3,0.1,9.71,367,3783.24,TRUE,1/14/15,12/24/14,,
111-MZ-T30,FPQ-13124,SO-47054,DN-4050,Mozambique,PMO - US,From RDC,N/A - From RDC,Truck,ARV,Adult,SCMS from RDC,"Lamivudine/Zidovudine 150/300mg, tablets, 60 Tabs",Lamivudine/Zidovudine,Generic,150/300mg,Tablet - FDC,Hetero Unit III Hyderabad IN,82760,60,139000,935470,6.73,0.11,961.66,12307,8191.96,TRUE,3/23/15,3/23/15,,
107-RW-T30,FPQ-14893,SO-49990,DN-4055,Rwanda,PMO - US,From RDC,N/A - From RDC,Air,ARV,Adult,SCMS from RDC,"Tenofovir Disoproxil Fumarate 300mg, tablets, 30 Tabs",Tenofovir Disoproxil Fumarate,Generic,300mg,Tablet,Hetero Unit III Hyderabad IN,82761,30,189,691.74,3.66,0.12,0.71,15,925.6,TRUE,1/31/15,12/24/14,,
105-GY-T30,FPQ-15217,SO-50030,DN-4056,Guyana,PMO - US,From RDC,N/A - From RDC,Air,ARV,Adult,SCMS from RDC,"Abacavir 300mg, tablets, 60 Tabs",Abacavir,Generic,300mg,Tablet,Mylan (formerly Matrix) Nashik,82762,60,62,687.58,11.09,0.18,0.81,6,865.15,TRUE,1/30/15,1/6/15,,
105-GY-T30,FPQ-15217,SO-50040,DN-4057,Guyana,PMO - US,From RDC,N/A - From RDC,Air,ARV,Adult,SCMS from RDC,"Lopinavir/Ritonavir 200/50mg [Aluvia], tablets, 120 Tabs",Lopinavir/Ritonavir,Aluvia,200/50mg,Tablet,ABBVIE Ludwigshafen Germany,82763,120,1184,22377.6,18.9,0.16,26.34,251,3247.35,TRUE,3/31/15,1/6/15,,
104-CI-T30,FPQ-14370,SO-49052,DN-4064,Côte d'Ivoire,PMO - US,From RDC,N/A - From RDC,Truck,ARV,Adult,SCMS from RDC,"Efavirenz 600mg, tablets, 30 Tabs",Efavirenz,Generic,600mg,Tablet,"Cipla, Goa, India",82765,30,10000,31200,3.12,0.1,32.07,24636,46181.17,TRUE,2/16/15,1/19/15,,
104-CI-T30,FPQ-14370,SO-49052,DN-4064,Côte d'Ivoire,PMO - US,From RDC,N/A - From RDC,Truck,ARV,Adult,SCMS from RDC,"Efavirenz 600mg, tablets, 30 Tabs",Efavirenz,Generic,600mg,Tablet,"Micro labs, Verna, Goa, India",82766,30,20004,62412.48,3.12,0.1,64.16,,,FALSE,2/16/15,1/19/15,,
107-RW-T30,FPQ-14811,SO-49950,DN-4085,Rwanda,PMO - US,From RDC,N/A - From RDC,Truck,ARV,Pediatric,SCMS from RDC,"Efavirenz 200mg, scored tablets, 90 Tabs",Efavirenz,Generic,200mg,Tablet,"Strides, Bangalore, India.",82772,90,868,8072.4,9.3,0.1,8.3,173,2124.48,TRUE,1/30/15,2/9/15,,
114-UG-T30,FPQ-14396,SO-48994,DN-4101,Uganda,PMO - US,From RDC,N/A - From RDC,Truck,ARV,Adult,SCMS from RDC,"Lamivudine/Tenofovir Disoproxil Fumarate 300/300mg, tablets, 30 Tabs",Lamivudine/Tenofovir Disoproxil Fumarate,Generic,300/300mg,Tablet - FDC,"Cipla, Kurkumbh, India",82773,30,19086,88368.18,4.63,0.15,90.84,2389,10011.25,TRUE,2/27/15,2/25/15,,
111-MZ-T30,FPQ-13575,SO-47706,DN-4108,Mozambique,PMO - US,From RDC,N/A - From RDC,Truck,ARV,Adult,SCMS from RDC,"Lamivudine/Zidovudine 150/300mg, tablets, 60 Tabs",Lamivudine/Zidovudine,Generic,150/300mg,Tablet - FDC,Hetero Unit III Hyderabad IN,82774,60,17246,116065.58,6.73,0.11,119.32,1519,1932.67,TRUE,2/27/15,3/30/15,,
103-ZW-T30,FPQ-13967,SO-48440,DN-4157,Zimbabwe,PMO - US,From RDC,N/A - From RDC,Truck,ARV,Pediatric,SCMS from RDC,"Lamivudine/Nevirapine/Zidovudine 30/50/60mg, dispersible tablets, 60 Tabs",Lamivudine/Nevirapine/Zidovudine,Generic,30/50/60mg,Chewable/dispersible tablet - FDC,"Cipla, Goa, India",82779,60,57804,208094.4,3.6,0.06,213.92,15222,18513.23,TRUE,3/7/15,3/17/15,,
102-BI-T30,FPQ-15406,SO-50270,DN-4144,Burundi,PMO - US,From RDC,N/A - From RDC,Air,ARV,Adult,SCMS from RDC,"Lamivudine/Tenofovir Disoproxil Fumarate 300/300mg, tablets, 30 Tabs",Lamivudine/Tenofovir Disoproxil Fumarate,Generic,300/300mg,Tablet - FDC,"Cipla, Kurkumbh, India",82781,30,912,4213.44,4.62,0.15,4.96,1744,10363.49,TRUE,2/27/15,2/28/15,,
107-RW-T30,FPQ-14111,SO-48810,DN-4149,Rwanda,PMO - US,From RDC,N/A - From RDC,Truck,ARV,Adult,SCMS from RDC,"Lamivudine/Tenofovir Disoproxil Fumarate 300/300mg, tablets, 30 Tabs",Lamivudine/Tenofovir Disoproxil Fumarate,Generic,300/300mg,Tablet - FDC,Ranbaxy per Shasun Pharma,82782,30,21868,100374.12,4.59,0.15,103.18,4326,9426.33,TRUE,3/31/15,3/24/15,,
107-RW-T30,FPQ-14811,SO-49940,DN-4162,Rwanda,PMO - US,From RDC,N/A - From RDC,Truck,ARV,Adult,SCMS from RDC,"Efavirenz/Lamivudine/Tenofovir Disoproxil Fumarate 600/300/300mg, tablets, 30 Tabs",Efavirenz/Lamivudine/Tenofovir Disoproxil Fumarate,Generic,600/300/300mg,Tablet - FDC,"Aurobindo Unit VII, IN",82783,30,5148,49420.8,9.6,0.32,50.8,12079,16971.93,TRUE,3/31/15,3/24/15,,
107-RW-T30,FPQ-14811,SO-49940,DN-4162,Rwanda,PMO - US,From RDC,N/A - From RDC,Truck,ARV,Adult,SCMS from RDC,"Efavirenz/Lamivudine/Tenofovir Disoproxil Fumarate 600/300/300mg, tablets, 30 Tabs",Efavirenz/Lamivudine/Tenofovir Disoproxil Fumarate,Generic,600/300/300mg,Tablet - FDC,Mylan (formerly Matrix) Nashik,82784,30,81557,782947.2,9.6,0.32,804.87,,,FALSE,3/31/15,3/24/15,,
151-NG-T30,FPQ-14766,SO-49685,DN-4172,Nigeria,PMO - US,From RDC,N/A - From RDC,Air Charter,ARV,Adult,SCMS from RDC,"Lamivudine/Nevirapine/Zidovudine 150/200/300mg, tablets, 60 Tabs",Lamivudine/Nevirapine/Zidovudine,Generic,150/300/200mg,Tablet - FDC,"Cipla, Goa, India",82785,60,350505,2705898.5,7.72,0.13,2781.66,72975,129843.24,TRUE,2/28/15,3/10/15,,
151-NG-T30,FPQ-14766,SO-49685,DN-4172,Nigeria,PMO - US,From RDC,N/A - From RDC,Air Charter,ARV,Adult,SCMS from RDC,"Lamivudine/Nevirapine/Zidovudine 150/200/300mg, tablets, 60 Tabs",Lamivudine/Nevirapine/Zidovudine,Generic,150/300/200mg,Tablet - FDC,Hetero Unit III Hyderabad IN,82786,60,59014,455588.1,7.72,0.13,468.34,,,FALSE,2/28/15,3/10/15,,
104-CI-T30,FPQ-14370,SO-49030,DN-4175,Côte d'Ivoire,PMO - US,From RDC,N/A - From RDC,Truck,ARV,Pediatric,SCMS from RDC,"Lamivudine/Nevirapine/Zidovudine 30/50/60mg, dispersible tablets, 60 Tabs",Lamivudine/Nevirapine/Zidovudine,Generic,30/50/60mg,Chewable/dispersible tablet - FDC,Mylan (formerly Matrix) Nashik,82787,60,16500,59400,3.6,0.06,61.06,904,5012.88,TRUE,3/27/15,3/26/15,,
900-TG-T30,FPQ-15916,SO-51080,DN-4184,Togo,PMO - US,From RDC,N/A - From RDC,Air,ARV,Adult,SCMS from RDC,"Lopinavir/Ritonavir 200/50mg, tablets, 120 Tabs",Lopinavir/Ritonavir,Generic,200/50mg,Tablet,"Aurobindo Unit III, India",82788,120,6364,123207.04,19.36,0.16,145.01,1591,8834.07,TRUE,3/31/15,3/23/15,,
104-CI-T30,FPQ-14370,SO-49072,DN-4212,Côte d'Ivoire,PMO - US,From RDC,N/A - From RDC,Truck,ARV,Adult,SCMS from RDC,"Abacavir/Lamivudine 600/300mg, tablets, 30 Tabs",Abacavir/Lamivudine,Generic,600/300mg,Tablet - FDC,Mylan (formerly Matrix) Nashik,82790,30,1134,14912.1,13.15,0.44,15.33,121,1076.5,TRUE,5/29/15,4/29/15,,
107-RW-T30,FPQ-15622,SO-50710,DN-4213,Rwanda,PMO - US,From RDC,N/A - From RDC,Truck,ARV,Adult,SCMS from RDC,"Abacavir/Lamivudine 600/300mg, tablets, 30 Tabs",Abacavir/Lamivudine,Generic,600/300mg,Tablet - FDC,Mylan (formerly Matrix) Nashik,82791,30,50867,668901.06,13.15,0.44,787.3,4749,,TRUE,4/30/15,5/19/15,,
114-UG-T30,FPQ-15294,SO-50080,DN-4216,Uganda,PMO - US,From RDC,N/A - From RDC,Truck,ARV,Pediatric,SCMS from RDC,"Lamivudine/Zidovudine 30/60mg, dispersible tablets, 60 Tabs",Lamivudine/Zidovudine,Generic,30/60mg,Chewable/dispersible tablet - FDC,"Mylan,  H-12 & H-13, India",82792,60,6000,11520,1.92,0.03,13.56,11732,,TRUE,4/30/15,4/22/15,,
103-ZW-T30,FPQ-13967,SO-50960,DN-4224,Zimbabwe,PMO - US,From RDC,N/A - From RDC,Truck,ARV,Pediatric,SCMS from RDC,"Abacavir/Lamivudine 60/30mg, tablets, 60 Tabs",Abacavir/Lamivudine,Generic,60/30mg,Tablet - FDC,Mylan (formerly Matrix) Nashik,82794,60,6634,26204.3,3.95,0.07,26.94,6368,225.79,TRUE,4/30/15,4/10/15,,
151-NG-T30,FPQ-14766,SO-49687,DN-4227,Nigeria,PMO - US,From RDC,N/A - From RDC,Air Charter,ARV,Adult,SCMS from RDC,"Zidovudine 300mg, tablets, 60 Tabs",Zidovudine,Generic,300mg,Tablet,"Cipla, Goa, India",82795,60,21347,113779.51,5.33,0.09,116.97,1554,3583,TRUE,4/30/15,4/15/15,,
110-ZM-T30,FPQ-14784,SO-49601,DN-4250,Zambia,PMO - US,From RDC,N/A - From RDC,Truck,ARV,Pediatric,SCMS from RDC,"Abacavir/Lamivudine 60/30mg, tablets, 60 Tabs",Abacavir/Lamivudine,Generic,60/30mg,Tablet - FDC,Mylan (formerly Matrix) Nashik,82799,60,33308,131566.6,3.95,0.07,135.25,2803,4040.64,TRUE,5/29/15,5/15/15,,
110-ZM-T30,FPQ-14784,SO-49570,DN-4251,Zambia,PMO - US,From RDC,N/A - From RDC,Truck,ARV,Adult,SCMS from RDC,"Lamivudine 150mg, tablets, 60 Tabs",Lamivudine,Generic,150mg,Tablet,Hetero Unit III Hyderabad IN,82800,60,68000,118320,1.74,0.03,121.63,6221,9341.81,TRUE,6/15/15,5/15/15,,
104-CI-T30,FPQ-15259,SO-50110,DN-4254,Côte d'Ivoire,PMO - US,From RDC,N/A - From RDC,Truck,ARV,Adult,SCMS from RDC,"Lamivudine/Nevirapine/Zidovudine 150/200/300mg, tablets, 60 Tabs",Lamivudine/Nevirapine/Zidovudine,Generic,150/300/200mg,Tablet - FDC,"Strides, Bangalore, India.",82801,60,145000,1119400,7.72,0.13,1317.53,16614,24788.37,TRUE,5/29/15,6/8/15,,
110-ZM-T30,FPQ-14575,SO-49284,DN-4256,Zambia,PMO - US,From RDC,N/A - From RDC,Truck,ARV,Adult,SCMS from RDC,"Nevirapine 200mg, tablets, 60 Tabs",Nevirapine,Generic,200mg,Tablet,"Cipla, Goa, India",82802,60,3926,8558.68,2.18,0.04,8.8,477,535.52,TRUE,5/29/15,5/15/15,,
151-NG-T30,FPQ-14156,SO-48900,DN-4258,Nigeria,PMO - US,From RDC,N/A - From RDC,Air Charter,ARV,Adult,SCMS from RDC,"Lamivudine/Tenofovir Disoproxil Fumarate 300/300mg, tablets, 30 Tabs",Lamivudine/Tenofovir Disoproxil Fumarate,Generic,300/300mg,Tablet - FDC,Hetero Unit III Hyderabad IN,82803,30,43272,198618.48,4.59,0.15,204.18,4285,34216.25,TRUE,5/29/15,5/13/15,,
104-CI-T30,FPQ-14370,SO-49090,DN-4177,Côte d'Ivoire,PMO - US,From RDC,N/A - From RDC,Truck,ARV,Adult,SCMS from RDC,"Lamivudine/Nevirapine/Zidovudine 150/200/300mg, tablets, 60 Tabs",Lamivudine/Nevirapine/Zidovudine,Generic,150/300/200mg,Tablet - FDC,Hetero Unit III Hyderabad IN,82804,60,90000,694800,7.72,0.13,714.25,17769,36897.57,TRUE,5/29/15,5/29/15,,
101-CD-T30,FPQ-16158,SO-51280,DN-4284,"Congo, DRC",PMO - US,From RDC,N/A - From RDC,Air,ARV,Adult,SCMS from RDC,"Lamivudine/Zidovudine 150/300mg, tablets, 60 Tabs",Lamivudine/Zidovudine,Generic,150/300mg,Tablet - FDC,Hetero Unit III Hyderabad IN,82805,60,11700,76284,6.52,0.11,89.79,,,TRUE,8/17/15,8/7/15,,
101-CD-T30,FPQ-16158,SO-51270,DN-4285,"Congo, DRC",PMO - US,From RDC,N/A - From RDC,Air,ARV,Adult,SCMS from RDC,"Lopinavir/Ritonavir 200/50mg, tablets, 120 Tabs",Lopinavir/Ritonavir,Generic,200/50mg,Tablet,"Aurobindo Unit III, India",82806,120,2710,52465.6,19.36,0.16,61.75,731,9041.74,TRUE,7/8/15,7/30/15,,
105-GY-T30,FPQ-15680,SO-51040,DN-4294,Guyana,PMO - US,From RDC,N/A - From RDC,Air,ARV,Adult,SCMS from RDC,"Lopinavir/Ritonavir 200/50mg, tablets, 120 Tabs",Lopinavir/Ritonavir,Generic,200/50mg,Tablet,Hetero Unit III Hyderabad IN,82808,120,1746,33802.56,19.36,0.16,39.79,473,5769.34,TRUE,6/30/15,6/26/15,,
114-UG-T30,FPQ-15294,SO-50052,DN-4309,Uganda,PMO - US,From RDC,N/A - From RDC,Truck,ARV,Adult,SCMS from RDC,"Nevirapine 200mg, tablets, 60 Tabs",Nevirapine,Generic,200mg,Tablet,Hetero Unit III Hyderabad IN,82809,60,9566,20853.88,2.18,0.04,24.55,,,TRUE,7/31/15,7/23/15,,
114-UG-T30,FPQ-15294,SO-50052,DN-4309,Uganda,PMO - US,From RDC,N/A - From RDC,Truck,ARV,Adult,SCMS from RDC,"Lopinavir/Ritonavir 200/50mg [Aluvia], tablets, 120 Tabs",Lopinavir/Ritonavir,Aluvia,200/50mg,Tablet,ABBVIE Ludwigshafen Germany,82810,120,27048,504174.72,18.64,0.16,593.41,,,FALSE,7/31/15,7/23/15,,
114-UG-T30,FPQ-15639,SO-50660,DN-4310,Uganda,PMO - US,From RDC,N/A - From RDC,Truck,ARV,Adult,SCMS from RDC,"Lamivudine/Zidovudine 150/300mg, tablets, 60 Tabs",Lamivudine/Zidovudine,Generic,150/300mg,Tablet - FDC,Hetero Unit III Hyderabad IN,82811,60,88327,575892.06,6.52,0.11,677.82,,,TRUE,7/31/15,7/23/15,,
104-CI-T30,FPQ-15259,SO-50111,DN-4314,Côte d'Ivoire,PMO - US,From RDC,N/A - From RDC,Truck,ARV,Adult,SCMS from RDC,"Lopinavir/Ritonavir 200/50mg, tablets, 120 Tabs",Lopinavir/Ritonavir,Generic,200/50mg,Tablet,Hetero Unit III Hyderabad IN,82812,120,10000,196600,19.66,0.16,231.4,7041,28406.4,TRUE,7/31/15,8/6/15,,
110-ZM-T30,FPQ-14784,SO-49620,DN-4315,Zambia,PMO - US,From RDC,N/A - From RDC,Truck,ARV,Adult,SCMS from RDC,"Efavirenz/Lamivudine/Tenofovir Disoproxil Fumarate 600/300/300mg, tablets, 30 Tabs",Efavirenz/Lamivudine/Tenofovir Disoproxil Fumarate,Generic,600/300/300mg,Tablet - FDC,"Aurobindo Unit VII, IN",82813,30,148665,1485163.4,9.99,0.33,1526.75,37686,,TRUE,8/15/15,8/25/15,,
114-UG-T30,FPQ-15294,SO-50055,DN-4325,Uganda,PMO - US,From RDC,N/A - From RDC,Truck,ARV,Adult,SCMS from RDC,"Abacavir/Lamivudine 600/300mg, tablets, 30 Tabs",Abacavir/Lamivudine,Generic,600/300mg,Tablet - FDC,Mylan (formerly Matrix) Nashik,82815,30,6324,82907.64,13.11,0.44,97.58,,,TRUE,8/14/15,8/8/15,,
151-NG-T30,FPQ-16541,SO-51800,DN-4344,Nigeria,PMO - US,From RDC,N/A - From RDC,Air,ARV,Adult,SCMS from RDC,"Zidovudine 300mg, tablets, 60 Tabs",Zidovudine,Generic,300mg,Tablet,"Aurobindo Unit III, India",82819,60,5721,30492.93,5.33,0.09,35.89,,,TRUE,12/31/15,8/28/15,,
107-RW-T30,FPQ-16571,SO-51740,DN-4345,Rwanda,PMO - US,From RDC,N/A - From RDC,Air,ARV,Pediatric,SCMS from RDC,"Lamivudine/Nevirapine/Zidovudine 30/50/60mg, dispersible tablets, 60 Tabs",Lamivudine/Nevirapine/Zidovudine,Generic,30/50/60mg,Chewable/dispersible tablet - FDC,"Mylan,  H-12 & H-13, India",82820,60,2592,9201.6,3.55,0.06,10.83,,,TRUE,9/8/15,8/26/15,,
154-NG-T30,FPQ-3815,SO-32270,DN-1311,Nigeria,PMO - US,From RDC,N/A - From RDC,Air Charter,ARV,Adult,SCMS from RDC,"Lamivudine 150mg, tablets, 60 Tabs",Lamivudine,Generic,150mg,Tablet,"Aurobindo Unit III, India",82837,60,50,122,2.44,0.04,0.24,112,7445.8,TRUE,7/30/09,8/4/09,,
154-NG-T30,FPQ-3815,SO-32270,DN-1311,Nigeria,PMO - US,From RDC,N/A - From RDC,Air Charter,ARV,Pediatric,SCMS from RDC,"Nevirapine 10mg/ml, oral suspension, Bottle, 240 ml",Nevirapine,Generic,10mg/ml,Oral suspension,"Aurobindo Unit III, India",82838,240,36,69.12,1.92,0.01,0.14,,,FALSE,7/30/09,8/4/09,,
154-NG-T30,FPQ-3815,SO-32273,DN-1333,Nigeria,PMO - US,From RDC,N/A - From RDC,Air,ARV,Adult,SCMS from RDC,"Lamivudine/Nevirapine/Stavudine 150/200/30mg, tablets, 60 Tabs",Lamivudine/Nevirapine/Stavudine,Generic,150/200/30mg,Tablet - FDC,"Strides, Bangalore, India.",82839,60,50,350,7,0.12,0.69,35,1567.51,TRUE,9/17/09,9/14/09,,
104-CI-T30,FPQ-4187,SO-33550,DN-1475,Côte d'Ivoire,PMO - US,From RDC,N/A - From RDC,Air,ARV,Pediatric,SCMS from RDC,"Zidovudine 10mg/ml, oral solution, Bottle, 240 ml",Zidovudine,Generic,10mg/ml,Oral solution,"Aurobindo Unit III, India",82840,240,2000,4200,2.1,0.01,8.23,749,2336.27,TRUE,10/22/09,10/16/09,,
104-CI-T30,FPQ-4187,SO-33520,DN-1474,Côte d'Ivoire,PMO - US,From RDC,N/A - From RDC,Air,ARV,Pediatric,SCMS from RDC,"Abacavir 20mg/ml, oral solution, Bottle, 240 ml",Abacavir,Generic,20mg/ml,Oral solution,"Aurobindo Unit III, India",82841,240,616,9018.24,14.64,0.06,17.68,,,FALSE,10/23/09,10/23/09,,
106-HT-T30,FPQ-4277,SO-33730,DN-1479,Haiti,PMO - US,From RDC,N/A - From RDC,Air,ARV,Pediatric,SCMS from RDC,"Abacavir 20mg/ml, oral solution, Bottle, 240 ml",Abacavir,Generic,20mg/ml,Oral solution,"Aurobindo Unit III, India",82842,240,96,1405.44,14.64,0.06,2.75,54,1576.32,TRUE,11/18/09,10/18/09,,
104-CI-T30,FPQ-4187,SO-33540,DN-1509,Côte d'Ivoire,PMO - US,From RDC,N/A - From RDC,Air,ARV,Pediatric,SCMS from RDC,"Zidovudine 10mg/ml, oral solution, Bottle, 240 ml",Zidovudine,Generic,10mg/ml,Oral solution,"Aurobindo Unit III, India",82843,240,1758,3691.8,2.1,0.01,7.24,604,7100.04,TRUE,11/27/09,11/13/09,,
104-CI-T30,FPQ-4187,SO-33530,DN-1508,Côte d'Ivoire,PMO - US,From RDC,N/A - From RDC,Air,ARV,Adult,SCMS from RDC,"Nevirapine 200mg, tablets, 60 Tabs",Nevirapine,Generic,200mg,Tablet,"Aurobindo Unit III, India",82844,60,6050,17545,2.9,0.05,34.39,442,5028.04,TRUE,11/26/09,11/5/09,,
114-UG-T30,FPQ-4275,SO-33860,DN-1522,Uganda,PMO - US,From RDC,N/A - From RDC,Air,ARV,Adult,SCMS from RDC,"Lamivudine/Nevirapine/Zidovudine 150/200/300mg, tablets, 60 Tabs",Lamivudine/Nevirapine/Zidovudine,Generic,150/300/200mg,Tablet - FDC,"Aurobindo Unit III, India",82845,60,15584,174852.48,11.22,0.19,342.71,6843,15170.33,TRUE,12/3/09,11/30/09,,
114-UG-T30,FPQ-4454,SO-34270,DN-1541,Uganda,PMO - US,From RDC,N/A - From RDC,Air,ARV,Adult,SCMS from RDC,"Efavirenz 600mg, tablets, 30 Tabs",Efavirenz,Generic,600mg,Tablet,"Aurobindo Unit III, India",82846,30,4700,27166,5.78,0.19,53.25,680,3335.33,TRUE,12/7/09,11/30/09,,
104-CI-T30,FPQ-4187,SO-34730,DN-1542,Côte d'Ivoire,PMO - US,From RDC,N/A - From RDC,Air,ARV,Adult,SCMS from RDC,"Nevirapine 200mg, tablets, 60 Tabs",Nevirapine,Generic,200mg,Tablet,"Aurobindo Unit III, India",82847,60,1437,4167.3,2.9,0.05,8.17,138,1211.48,TRUE,11/26/09,12/2/09,,
123-NG-T30,FPQ-4014,SO-32970,DN-1560,Nigeria,PMO - US,From RDC,N/A - From RDC,Air Charter,ARV,Adult,SCMS from RDC,"Lamivudine/Zidovudine 150/300mg, tablets, 60 Tabs",Lamivudine/Zidovudine,Generic,150/300mg,Tablet - FDC,Mylan (formerly Matrix) Nashik,82848,60,42751,374498.75,8.76,0.15,734.02,3409,11637.64,TRUE,12/18/09,12/18/09,,
106-HT-T30,FPQ-4384,SO-34670,DN-1559,Haiti,PMO - US,From RDC,N/A - From RDC,Air,ARV,Adult,SCMS from RDC,"Abacavir 300mg, tablets, 60 Tabs",Abacavir,Generic,300mg,Tablet,Mylan (formerly Matrix) Nashik,82849,60,225,4819.5,21.42,0.36,10.39,306,4030.02,TRUE,12/9/09,12/1/09,,
110-ZM-T30,FPQ-4029,SO-34620,DN-1566,Zambia,PMO - US,From RDC,N/A - From RDC,Truck,ARV,Adult,SCMS from RDC,"Lamivudine 150mg, tablets, 60 Tabs",Lamivudine,Generic,150mg,Tablet,"Aurobindo Unit III, India",82850,60,21,51.24,2.44,0.04,0.1,1,792.62,TRUE,1/15/10,11/26/09,,
104-CI-T30,FPQ-4187,SO-33510,DN-1585,Côte d'Ivoire,PMO - US,From RDC,N/A - From RDC,Air,ARV,Adult,SCMS from RDC,"Zidovudine 300mg, tablets, 60 Tabs",Zidovudine,Generic,300mg,Tablet,"Aurobindo Unit III, India",82851,60,9780,73643.4,7.53,0.13,144.34,550,2794.67,TRUE,12/30/09,1/5/10,,
104-CI-T30,FPQ-4378,SO-34440,DN-1621,Côte d'Ivoire,PMO - US,From RDC,N/A - From RDC,Air,ARV,Pediatric,SCMS from RDC,"Abacavir 20mg/ml, oral solution, Bottle, 240 ml",Abacavir,Generic,20mg/ml,Oral solution,"Aurobindo Unit III, India",82854,240,400,5856,14.64,0.06,11.48,146,5254.09,TRUE,2/8/10,1/23/10,,
104-CI-T30,FPQ-4378,SO-34400,DN-1623,Côte d'Ivoire,PMO - US,From RDC,N/A - From RDC,Air,ARV,Adult,SCMS from RDC,"Lamivudine/Zidovudine 150/300mg, tablets, 60 Tabs",Lamivudine/Zidovudine,Generic,150/300mg,Tablet - FDC,"Aurobindo Unit III, India",82855,60,30000,262800,8.76,0.15,515.09,2715,7403.18,TRUE,2/9/10,2/2/10,,
102-SD-T30,FPQ-3812,SO-34550,DN-1624,Sudan,PMO - US,From RDC,N/A - From RDC,Air,HRDT,HIV test,SCMS from RDC,"HIV 1/2, Uni-Gold HIV Kit, 20 Tests","HIV 1/2, Uni-Gold HIV Kit",Uni-Gold,N/A,Test kit,"Trinity Biotech, Plc",82856,20,1250,40000,32,1.6,78.4,,,TRUE,11/30/09,11/22/09,,
104-CI-T30,FPQ-3964,SO-33171,DN-1629,Côte d'Ivoire,PMO - US,From RDC,N/A - From RDC,Air,ARV,Pediatric,SCMS from RDC,"Didanosine 200mg, chewable/dispersible tablets, 60 Tabs",Didanosine,Generic,200mg,Chewable/dispersible tablet,"Aurobindo Unit III, India",82857,60,23,356.5,15.5,0.26,0.7,379,1945.66,TRUE,2/11/10,2/2/10,,
104-CI-T30,FPQ-4378,SO-35790,DN-1646,Côte d'Ivoire,PMO - US,From RDC,N/A - From RDC,Air,ARV,Adult,SCMS from RDC,"Nevirapine 200mg, tablets, 60 Tabs",Nevirapine,Generic,200mg,Tablet,"Aurobindo Unit III, India",82858,60,1681,4589.13,2.73,0.05,8.99,164,2976.56,TRUE,4/6/10,2/24/10,,
113-ZW-T30,FPQ-4694,SO-35390,DN-1659,Zimbabwe,PMO - US,From RDC,N/A - From RDC,Truck,ARV,Adult,SCMS from RDC,"Zidovudine 300mg, tablets, 60 Tabs",Zidovudine,Generic,300mg,Tablet,Hetero Unit III Hyderabad IN,82859,60,5880,44276.4,7.53,0.13,95.46,679,3302.14,TRUE,3/31/10,3/12/10,,
113-ZW-T30,FPQ-4694,SO-35390,DN-1659,Zimbabwe,PMO - US,From RDC,N/A - From RDC,Truck,ARV,Adult,SCMS from RDC,"Lamivudine/Zidovudine 150/300mg, tablets, 60 Tabs",Lamivudine/Zidovudine,Generic,150/300mg,Tablet - FDC,"Aurobindo Unit III, India",82860,60,560,4905.6,8.76,0.15,10.58,,,FALSE,3/31/10,3/12/10,,
106-HT-T30,FPQ-4384,SO-35920,DN-1667,Haiti,PMO - US,From RDC,N/A - From RDC,Air,ARV,Pediatric,SCMS from RDC,"Abacavir 20mg/ml, oral solution, Bottle, 240 ml",Abacavir,Generic,20mg/ml,Oral solution,"Aurobindo Unit III, India",82861,240,224,3046.4,13.6,0.06,6.57,746,6036.96,TRUE,3/10/10,3/3/10,,
104-CI-T30,FPQ-4378,SO-34451,DN-1670,Côte d'Ivoire,PMO - US,From RDC,N/A - From RDC,Air,ARV,Pediatric,SCMS from RDC,"Didanosine 200mg, chewable/dispersible tablets, 60 Tabs",Didanosine,Generic,200mg,Chewable/dispersible tablet,"Aurobindo Unit III, India",82862,60,1485,23017.5,15.5,0.26,45.11,914,4519.97,TRUE,3/16/10,3/10/10,,
104-CI-T30,FPQ-4378,SO-34412,DN-1671,Côte d'Ivoire,PMO - US,From RDC,N/A - From RDC,Air,ARV,Adult,SCMS from RDC,"Lamivudine 150mg, tablets, 60 Tabs",Lamivudine,Generic,150mg,Tablet,"Aurobindo Unit III, India",82863,60,8010,19544.4,2.44,0.04,38.31,5350,4519.97,TRUE,3/9/10,3/10/10,,
117-ET-T30,FPQ-4828,SO-35460,DN-1674,Ethiopia,PMO - US,From RDC,N/A - From RDC,Air,ARV,Adult,SCMS from RDC,"Lamivudine/Zidovudine 150/300mg, tablets, 60 Tabs",Lamivudine/Zidovudine,Generic,150/300mg,Tablet - FDC,"Aurobindo Unit III, India",82864,60,20000,175200,8.76,0.15,377.73,1804,6321.99,TRUE,3/3/10,3/5/10,,
114-UG-T30,FPQ-5014,SO-35880,DN-1678,Uganda,PMO - US,From RDC,N/A - From RDC,Air,ARV,Adult,SCMS from RDC,"Lamivudine/Stavudine 150/30mg, tablets, 60 Tabs",Lamivudine/Stavudine,Generic,150/30mg,Tablet - FDC,"Strides, Bangalore, India.",82865,60,120,408,3.4,0.06,0.88,6,484.56,TRUE,4/1/10,3/15/10,,
151-NG-T30,FPQ-4537,SO-34911,DN-1710,Nigeria,PMO - US,From RDC,N/A - From RDC,Air Charter,ARV,Adult,SCMS from RDC,"Efavirenz 600mg, tablets, 30 Tabs",Efavirenz,Generic,600mg,Tablet,"Aurobindo Unit III, India",82866,30,139303,714624.4,5.13,0.17,1540.73,11982,,TRUE,4/19/10,3/31/10,,
151-NG-T30,FPQ-4537,SO-35043,DN-1714,Nigeria,PMO - US,From RDC,N/A - From RDC,Air Charter,ARV,Adult,SCMS from RDC,"Lamivudine/Nevirapine/Stavudine 150/200/30mg, tablets, 60 Tabs",Lamivudine/Nevirapine/Stavudine,Generic,150/200/30mg,Tablet - FDC,"Strides, Bangalore, India.",82867,60,124,757.64,6.11,0.1,1.63,9,,TRUE,4/19/10,3/31/10,,
151-NG-T30,FPQ-4537,SO-35058,DN-1718,Nigeria,PMO - US,From RDC,N/A - From RDC,Air Charter,ARV,Adult,SCMS from RDC,"Lamivudine/Zidovudine 150/300mg, tablets, 60 Tabs",Lamivudine/Zidovudine,Generic,150/300mg,Tablet - FDC,"Aurobindo Unit III, India",82868,60,710,6219.6,8.76,0.15,13.41,62,,TRUE,4/19/10,3/31/10,,
114-UG-T30,FPQ-4497,SO-34870,DN-1733,Uganda,PMO - US,From RDC,N/A - From RDC,Air,ARV,Adult,SCMS from RDC,"Efavirenz 600mg, tablets, 30 Tabs",Efavirenz,Generic,600mg,Tablet,"Aurobindo Unit III, India",82869,30,1000,5130,5.13,0.17,11.06,95,3549.77,TRUE,3/31/10,3/19/10,,
151-NG-T30,FPQ-4537,SO-35121,DN-1742,Nigeria,PMO - US,From RDC,N/A - From RDC,Air Charter,ARV,Adult,SCMS from RDC,"Lamivudine/Stavudine 150/30mg, tablets, 60 Tabs",Lamivudine/Stavudine,Generic,150/30mg,Tablet - FDC,"Strides, Bangalore, India.",82870,60,466,1584.4,3.4,0.06,3.42,24,,TRUE,3/31/10,3/31/10,,
151-NG-T30,FPQ-4537,SO-35095,DN-1745,Nigeria,PMO - US,From RDC,N/A - From RDC,Air Charter,ARV,Adult,SCMS from RDC,"Zidovudine 300mg, tablets, 60 Tabs",Zidovudine,Generic,300mg,Tablet,Mylan (formerly Matrix) Nashik,82871,60,50,375,7.5,0.12,0.81,3,,TRUE,4/19/10,3/30/10,,
151-NG-T30,FPQ-4537,SO-35092,DN-1695,Nigeria,PMO - US,From RDC,N/A - From RDC,Air Charter,ARV,Adult,SCMS from RDC,"Zidovudine 300mg, tablets, 60 Tabs",Zidovudine,Generic,300mg,Tablet,Mylan (formerly Matrix) Nashik,82872,60,1500,11250,7.5,0.12,24.26,120,,TRUE,4/19/10,3/31/10,,
104-CI-T30,FPQ-4378,SO-34415,DN-1763,Côte d'Ivoire,PMO - US,From RDC,N/A - From RDC,Air,ARV,Adult,SCMS from RDC,"Lamivudine/Zidovudine 150/300mg, tablets, 60 Tabs",Lamivudine/Zidovudine,Generic,150/300mg,Tablet - FDC,"Aurobindo Unit III, India",82873,60,20000,175200,8.76,0.15,343.39,1807,21347.2,TRUE,4/12/10,4/8/10,,
114-UG-T30,FPQ-4325,SO-35620,DN-1753,Uganda,PMO - US,From RDC,N/A - From RDC,Truck,ARV,Adult,SCMS from RDC,"Lamivudine/Nevirapine/Zidovudine 150/200/300mg, tablets, 60 Tabs",Lamivudine/Nevirapine/Zidovudine,Generic,150/300/200mg,Tablet - FDC,"Aurobindo Unit III, India",82874,60,45116,506201.53,11.22,0.19,992.15,5285,11065,TRUE,4/1/10,3/25/10,,
104-CI-T30,FPQ-4378,SO-34370,DN-1759,Côte d'Ivoire,PMO - US,From RDC,N/A - From RDC,Air,ARV,Pediatric,SCMS from RDC,"Zidovudine 100mg, capsules, 100 Caps",Zidovudine,Generic,100mg,Capsule,"Aurobindo Unit III, India",82875,100,2604,12603.36,4.84,0.05,24.7,675,1702.91,TRUE,4/6/10,4/1/10,,
114-UG-T30,FPQ-5238,SO-36100,DN-1760,Uganda,PMO - US,From RDC,N/A - From RDC,Air,ARV,Adult,SCMS from RDC,"Lamivudine/Stavudine 150/30mg, tablets, 60 Tabs",Lamivudine/Stavudine,Generic,150/30mg,Tablet - FDC,"Cipla, Goa, India",82876,60,75,255,3.4,0.06,0.55,10,1865.86,TRUE,5/26/10,4/8/10,,
114-UG-T30,FPQ-5238,SO-36080,DN-1765,Uganda,PMO - US,From RDC,N/A - From RDC,Air,ARV,Adult,SCMS from RDC,"Nevirapine 200mg, tablets, 60 Tabs",Nevirapine,Generic,200mg,Tablet,"Aurobindo Unit III, India",82877,60,5000,13650,2.73,0.05,29.43,861,7383.9,TRUE,5/26/10,4/12/10,,
114-UG-T30,FPQ-5239,SO-36170,DN-1766,Uganda,PMO - US,From RDC,N/A - From RDC,Air,ARV,Adult,SCMS from RDC,"Efavirenz 600mg, tablets, 30 Tabs",Efavirenz,Generic,600mg,Tablet,Mylan (formerly Matrix) Nashik,82878,30,2000,10260,5.13,0.17,22.12,563,1524.56,TRUE,5/26/10,4/12/10,,
114-UG-T30,FPQ-5239,SO-36170,DN-1766,Uganda,PMO - US,From RDC,N/A - From RDC,Air,ARV,Adult,SCMS from RDC,"Nevirapine 200mg, tablets, 60 Tabs",Nevirapine,Generic,200mg,Tablet,"Aurobindo Unit III, India",82879,60,4200,11466,2.73,0.05,24.72,,,FALSE,5/26/10,4/12/10,,
151-NG-T30,FPQ-4537,SO-35110,DN-1777,Nigeria,PMO - US,From RDC,N/A - From RDC,Air Charter,ARV,Adult,SCMS from RDC,"Lamivudine/Zidovudine+Efavirenz 150/300mg+600mg, tablets, co-blister 60+30 Tabs",Lamivudine/Zidovudine+Efavirenz,Generic,150/300mg+600mg,Tablet - FDC + co-blister,"Aurobindo Unit III, India",82880,90,854,23485,27.5,0.31,50.63,142,9736.1,TRUE,3/31/10,5/18/10,,
151-NG-T30,FPQ-4537,SO-36001,DN-1785,Nigeria,PMO - US,From RDC,N/A - From RDC,Air Charter,ARV,Adult,SCMS from RDC,"Efavirenz 600mg, tablets, 30 Tabs",Efavirenz,Generic,600mg,Tablet,"Aurobindo Unit III, India",82881,30,14600,69350,4.75,0.16,149.52,1288,9736.1,TRUE,5/31/10,5/18/10,,
114-UG-T30,FPQ-5238,SO-36060,DN-1818,Uganda,PMO - US,From RDC,N/A - From RDC,Air,ARV,Adult,SCMS from RDC,"Lamivudine/Zidovudine 150/300mg, tablets, 60 Tabs",Lamivudine/Zidovudine,Generic,150/300mg,Tablet - FDC,Hetero Unit III Hyderabad IN,82882,60,4000,35040,8.76,0.15,75.55,263,2458.26,TRUE,6/2/10,5/3/10,,
151-NG-T30,FPQ-4537,SO-36005,DN-1823,Nigeria,PMO - US,From RDC,N/A - From RDC,Air Charter,ARV,Adult,SCMS from RDC,"Lamivudine/Zidovudine 150/300mg, tablets, 60 Tabs",Lamivudine/Zidovudine,Generic,150/300mg,Tablet - FDC,Hetero Unit III Hyderabad IN,82883,60,1227,10748.52,8.76,0.15,23.17,107,9736.1,TRUE,5/31/10,5/18/10,,
104-CI-T30,FPQ-4659,SO-35600,DN-1825,Côte d'Ivoire,PMO - US,From RDC,N/A - From RDC,Air,ARV,Adult,SCMS from RDC,"Emtricitabine/Tenofovir Disoproxil Fumarate 200/300mg [Truvada], tablets, 30 Tabs",Emtricitabine/Tenofovir Disoproxil Fumarate,Truvada,300/200mg,Tablet - FDC,"Aspen-OSD, Port Elizabeth, SA",82884,30,3120,81900,26.25,0.88,176.58,798,2941.11,TRUE,5/31/10,5/20/10,,
151-NG-T30,FPQ-4537,SO-35053,DN-1826,Nigeria,PMO - US,From RDC,N/A - From RDC,Air Charter,ARV,Adult,SCMS from RDC,"Lamivudine/Zidovudine 150/300mg, tablets, 60 Tabs",Lamivudine/Zidovudine,Generic,150/300mg,Tablet - FDC,Hetero Unit III Hyderabad IN,82885,60,54096,473880.97,8.76,0.15,1021.69,4660,9736.1,TRUE,5/31/10,5/18/10,,
104-CI-T30,FPQ-4378,SO-34413,DN-1836,Côte d'Ivoire,PMO - US,From RDC,N/A - From RDC,Air,ARV,Pediatric,SCMS from RDC,"Nevirapine 10mg/ml, oral suspension, Bottle, 240 ml",Nevirapine,Generic,10mg/ml,Oral suspension,"Aurobindo Unit III, India",82886,240,1417,2593.11,1.83,0.01,5.08,538,2195.9,TRUE,5/31/10,5/25/10,,
105-GY-T30,FPQ-5599,SO-36700,DN-1838,Guyana,PMO - US,From RDC,N/A - From RDC,Air,ARV,Adult,SCMS from RDC,"Efavirenz 600mg, tablets, 30 Tabs",Efavirenz,Generic,600mg,Tablet,"Aurobindo Unit III, India",82887,30,3604,17119,4.75,0.16,36.91,499,5783.6,TRUE,6/7/10,5/27/10,,
117-ET-T30,FPQ-5624,SO-36710,DN-1843,Ethiopia,PMO - US,From RDC,N/A - From RDC,Air,ARV,Adult,SCMS from RDC,"Abacavir 300mg, tablets, 60 Tabs",Abacavir,Generic,300mg,Tablet,"Aurobindo Unit III, India",82888,60,4000,68560,17.14,0.29,147.82,400,961.46,TRUE,6/15/10,6/1/10,,
106-HT-T30,FPQ-5523,SO-36740,DN-1847,Haiti,PMO - US,From RDC,N/A - From RDC,Air,ARV,Pediatric,SCMS from RDC,"Abacavir 20mg/ml, oral solution, Bottle, 240 ml",Abacavir,Generic,20mg/ml,Oral solution,"Aurobindo Unit III, India",82889,240,480,6528,13.6,0.06,14.07,390,6438.38,TRUE,6/30/10,6/9/10,,
106-HT-T30,FPQ-5523,SO-36801,DN-1854,Haiti,PMO - US,From RDC,N/A - From RDC,Air,ARV,Adult,SCMS from RDC,"Efavirenz 600mg, tablets, 30 Tabs",Efavirenz,Generic,600mg,Tablet,Mylan (formerly Matrix) Nashik,82890,30,43512,206682,4.75,0.16,445.61,3609,32479.84,TRUE,6/30/10,6/30/10,,
114-UG-T30,FPQ-5239,SO-36130,DN-1856,Uganda,PMO - US,From RDC,N/A - From RDC,Air,ARV,Adult,SCMS from RDC,"Lamivudine/Nevirapine/Zidovudine 150/200/300mg, tablets, 60 Tabs",Lamivudine/Nevirapine/Zidovudine,Generic,150/300/200mg,Tablet - FDC,Mylan (formerly Matrix) Nashik,82891,60,5000,56000,11.2,0.19,120.74,690,5410.32,TRUE,6/30/10,6/22/10,,
117-ET-T30,FPQ-5581,SO-36690,DN-1857,Ethiopia,PMO - US,From RDC,N/A - From RDC,Air,ARV,Adult,SCMS from RDC,"Lamivudine 150mg, tablets, 60 Tabs",Lamivudine,Generic,150mg,Tablet,"Aurobindo Unit III, India",82892,60,69,168.36,2.44,0.04,0.36,77,961.46,TRUE,6/21/10,6/1/10,,
104-CI-T30,FPQ-4378,SO-34430,DN-1861,Côte d'Ivoire,PMO - US,From RDC,N/A - From RDC,Air,ARV,Adult,SCMS from RDC,"Lamivudine/Nevirapine/Zidovudine 150/200/300mg, tablets, 60 Tabs",Lamivudine/Nevirapine/Zidovudine,Generic,150/300/200mg,Tablet - FDC,"Aurobindo Unit III, India",82893,60,80010,897712.2,11.22,0.19,1759.52,9402,33266.37,TRUE,6/28/10,6/16/10,,
106-HT-T30,FPQ-5523,SO-36800,DN-1871,Haiti,PMO - US,From RDC,N/A - From RDC,Air,ARV,Pediatric,SCMS from RDC,"Zidovudine 10mg/ml, oral solution, Bottle, 240 ml",Zidovudine,Generic,10mg/ml,Oral solution,"Aurobindo Unit III, India",82894,240,4448,8984.96,2.02,0.01,19.37,,,FALSE,7/12/10,6/30/10,,
104-CI-T30,FPQ-5201,SO-36342,DN-1887,Côte d'Ivoire,PMO - US,From RDC,N/A - From RDC,Air,ARV,Pediatric,SCMS from RDC,"Lamivudine 10mg/ml, oral solution, Bottle, 240 ml",Lamivudine,Generic,10mg/ml,Oral solution,"Cipla, Goa, India",82895,240,4340,8246,1.9,0.01,17.78,1632,5121.68,TRUE,7/12/10,7/5/10,,
104-CI-T30,FPQ-5201,SO-36360,DN-1879,Côte d'Ivoire,PMO - US,From RDC,N/A - From RDC,Air,ARV,Adult,SCMS from RDC,"Nevirapine 200mg, tablets, 60 Tabs",Nevirapine,Generic,200mg,Tablet,"Strides, Bangalore, India.",82896,60,12000,32760,2.73,0.05,70.63,733,5121.68,TRUE,7/9/10,7/5/10,,
151-NG-T30,FPQ-5023,SO-36443,DN-1901,Nigeria,PMO - US,From RDC,N/A - From RDC,Air,ARV,Adult,SCMS from RDC,"Efavirenz 600mg, tablets, 30 Tabs",Efavirenz,Generic,600mg,Tablet,"Aurobindo Unit III, India",82897,30,6000,27600,4.6,0.15,59.51,514,,TRUE,7/15/10,6/28/10,,
151-NG-T30,FPQ-5023,SO-36492,DN-1911,Nigeria,PMO - US,From RDC,N/A - From RDC,Air,ARV,Adult,SCMS from RDC,"Lamivudine 150mg, tablets, 60 Tabs",Lamivudine,Generic,150mg,Tablet,"Aurobindo Unit III, India",82898,60,3000,7320,2.44,0.04,15.78,142,,TRUE,7/15/10,6/28/10,,
151-NG-T30,FPQ-5023,SO-36502,DN-1915,Nigeria,PMO - US,From RDC,N/A - From RDC,Air,ARV,Adult,SCMS from RDC,"Zidovudine 300mg, tablets, 60 Tabs",Zidovudine,Generic,300mg,Tablet,"Aurobindo Unit III, India",82899,60,3000,22500,7.5,0.12,48.51,165,,TRUE,7/15/10,6/28/10,,
151-NG-T30,FPQ-5023,SO-36504,DN-1917,Nigeria,PMO - US,From RDC,N/A - From RDC,Air,ARV,Adult,SCMS from RDC,"Zidovudine 300mg, tablets, 60 Tabs",Zidovudine,Generic,300mg,Tablet,"Aurobindo Unit III, India",82900,60,100,750,7.5,0.12,1.62,6,,TRUE,7/15/10,6/28/10,,
151-NG-T30,FPQ-5023,SO-36505,DN-1918,Nigeria,PMO - US,From RDC,N/A - From RDC,Air,ARV,Adult,SCMS from RDC,"Zidovudine 300mg, tablets, 60 Tabs",Zidovudine,Generic,300mg,Tablet,"Aurobindo Unit III, India",82901,60,30,225,7.5,0.12,0.49,2,,TRUE,7/15/10,6/28/10,,
151-NG-T30,FPQ-5023,SO-36510,DN-1919,Nigeria,PMO - US,From RDC,N/A - From RDC,Air,ARV,Adult,SCMS from RDC,"Lamivudine/Nevirapine/Stavudine 150/200/30mg, tablets, 60 Tabs",Lamivudine/Nevirapine/Stavudine,Generic,150/200/30mg,Tablet - FDC,"Strides, Bangalore, India.",82902,60,9000,52650,5.85,0.1,113.51,653,,TRUE,7/15/10,6/28/10,,
151-NG-T30,FPQ-5023,SO-36511,DN-1920,Nigeria,PMO - US,From RDC,N/A - From RDC,Air,ARV,Adult,SCMS from RDC,"Lamivudine/Nevirapine/Stavudine 150/200/30mg, tablets, 60 Tabs",Lamivudine/Nevirapine/Stavudine,Generic,150/200/30mg,Tablet - FDC,"Cipla, Goa, India",82903,60,3000,17550,5.85,0.1,37.84,419,,TRUE,7/15/10,6/28/10,,
151-NG-T30,FPQ-5023,SO-36412,DN-1929,Nigeria,PMO - US,From RDC,N/A - From RDC,Air,ARV,Adult,SCMS from RDC,"Emtricitabine/Tenofovir Disoproxil Fumarate 200/300mg, tablets, 30 Tabs",Emtricitabine/Tenofovir Disoproxil Fumarate,Generic,200/300mg,Tablet - FDC,Mylan (formerly Matrix) Nashik,82904,30,1000,11750,11.75,0.39,25.33,90,,TRUE,7/15/10,6/28/10,,
151-NG-T30,FPQ-5023,SO-36546,DN-1942,Nigeria,PMO - US,From RDC,N/A - From RDC,Air,ARV,Adult,SCMS from RDC,"Lamivudine/Zidovudine 150/300mg, tablets, 60 Tabs",Lamivudine/Zidovudine,Generic,150/300mg,Tablet - FDC,Mylan (formerly Matrix) Nashik,82905,60,80,700.8,8.76,0.15,1.51,7,,TRUE,7/15/10,6/28/10,,
113-ZW-T30,FPQ-4694,SO-35351,DN-1948,Zimbabwe,PMO - US,From RDC,N/A - From RDC,Air,ARV,Adult,SCMS from RDC,"Lamivudine/Nevirapine/Stavudine 150/200/30mg, tablets, 60 Tabs",Lamivudine/Nevirapine/Stavudine,Generic,150/200/30mg,Tablet - FDC,"Cipla, Goa, India",82906,60,60000,343800,5.73,0.1,741.23,7268,13243.91,TRUE,7/30/10,7/22/10,,
117-ET-T30,FPQ-5967,SO-37102,DN-1952,Ethiopia,PMO - US,From RDC,N/A - From RDC,Air,ARV,Adult,SCMS from RDC,"Lamivudine/Nevirapine/Stavudine 150/200/30mg, tablets, 60 Tabs",Lamivudine/Nevirapine/Stavudine,Generic,150/200/30mg,Tablet - FDC,"Cipla, Goa, India",82907,60,561,3214.53,5.73,0.1,6.93,341,114.22,TRUE,9/21/10,7/14/10,,
106-HT-T30,FPQ-5523,SO-36760,DN-1964,Haiti,PMO - US,From RDC,N/A - From RDC,Air,ARV,Adult,SCMS from RDC,"Efavirenz 600mg, tablets, 30 Tabs",Efavirenz,Generic,600mg,Tablet,"Strides, Bangalore, India.",82908,30,39312,174938.4,4.45,0.15,377.17,7225,69748.5,TRUE,8/10/10,8/23/10,,
106-HT-T30,FPQ-5523,SO-36760,DN-1964,Haiti,PMO - US,From RDC,N/A - From RDC,Air,ARV,Adult,SCMS from RDC,"Stavudine 15mg, capsules, 60 Caps",Stavudine,Generic,15mg,Capsule,"Aurobindo Unit III, India",82909,60,336,504,1.5,0.02,1.09,,,FALSE,8/10/10,8/23/10,,
104-CI-T30,FPQ-5201,SO-36311,DN-1982,Côte d'Ivoire,PMO - US,From RDC,N/A - From RDC,Air,ARV,Adult,SCMS from RDC,"Emtricitabine/Tenofovir Disoproxil Fumarate 200/300mg [Truvada], tablets, 30 Tabs",Emtricitabine/Tenofovir Disoproxil Fumarate,Truvada,300/200mg,Tablet - FDC,"Aspen-OSD, Port Elizabeth, SA",82910,30,2000,52500,26.25,0.88,113.19,6991,12648.36,TRUE,8/23/10,8/23/10,,
100-DO-T30,FPQ-6079,SO-37200,DN-1985,Dominican Republic,PMO - US,From RDC,N/A - From RDC,Air,ARV,Adult,SCMS from RDC,"Lamivudine/Tenofovir Disoproxil Fumarate 300/300mg, tablets, 30 Tabs",Lamivudine/Tenofovir Disoproxil Fumarate,Generic,300/300mg,Tablet - FDC,Mylan (formerly Matrix) Nashik,82911,30,6000,57780,9.63,0.32,124.57,1726,17450.76,TRUE,8/30/10,8/28/10,,
114-UG-T30,FPQ-5451,SO-36831,DN-1988,Uganda,PMO - US,From RDC,N/A - From RDC,Air,ARV,Adult,SCMS from RDC,"Lamivudine/Nevirapine/Zidovudine 150/200/300mg, tablets, 60 Tabs",Lamivudine/Nevirapine/Zidovudine,Generic,150/300/200mg,Tablet - FDC,Mylan (formerly Matrix) Nashik,82912,60,16347,183413.34,11.22,0.19,395.44,2098,10620,TRUE,8/30/10,8/23/10,,
102-UG-T30,FPQ-6202,SO-37250,DN-1997,Uganda,PMO - US,From RDC,N/A - From RDC,Air,ARV,Adult,SCMS from RDC,"Efavirenz 600mg, tablets, 30 Tabs",Efavirenz,Generic,600mg,Tablet,"Strides, Bangalore, India.",82914,30,60342,268521.9,4.45,0.15,578.93,20269,132890.27,TRUE,10/29/10,9/27/10,,
110-ZM-T30,FPQ-5702,SO-37380,DN-2010,Zambia,PMO - US,From RDC,N/A - From RDC,Truck,ARV,Adult,SCMS from RDC,"Lamivudine/Stavudine 150/30mg, tablets, 60 Tabs",Lamivudine/Stavudine,Generic,150/30mg,Tablet - FDC,"Cipla, Goa, India",82915,60,9100,29848,3.28,0.05,64.35,693,2997.97,TRUE,11/4/10,9/9/10,,
104-CI-T30,FPQ-5623,SO-36880,DN-2011,Côte d'Ivoire,PMO - US,From RDC,N/A - From RDC,Air,ARV,Pediatric,SCMS from RDC,"Lamivudine 10mg/ml, oral solution, Bottle, 240 ml",Lamivudine,Generic,10mg/ml,Oral solution,"Cipla, Goa, India",82916,240,4970,9592.1,1.93,0.01,20.68,,,FALSE,9/30/10,9/25/10,,
106-HT-T30,FPQ-5523,SO-36741,DN-2015,Haiti,PMO - US,From RDC,N/A - From RDC,Air,ARV,Pediatric,SCMS from RDC,"Didanosine 200mg, chewable/dispersible tablets, 60 Tabs",Didanosine,Generic,200mg,Chewable/dispersible tablet,"Aurobindo Unit III, India",82917,60,192,2976,15.5,0.26,6.42,8085,78061.3,TRUE,9/30/10,10/7/10,,
105-GY-T30,FPQ-6307,SO-37400,DN-2017,Guyana,PMO - US,From RDC,N/A - From RDC,Air,ARV,Pediatric,SCMS from RDC,"Efavirenz 50mg, capsule, 30 Caps",Efavirenz,Generic,50mg,Capsule,"Aurobindo Unit III, India",82918,30,230,515.2,2.24,0.07,1.11,411,3380.86,TRUE,11/23/10,9/19/10,,
113-ZW-T30,FPQ-4694,SO-35380,DN-2019,Zimbabwe,PMO - US,From RDC,N/A - From RDC,Truck,ARV,Adult,SCMS from RDC,"Lamivudine/Stavudine 150/30mg, tablets, 60 Tabs",Lamivudine/Stavudine,Generic,150/30mg,Tablet - FDC,"Cipla, Goa, India",82919,60,5900,19352,3.28,0.05,41.72,18105,16594.87,TRUE,9/30/10,10/4/10,,
109-TZ-T30,FPQ-6226,SO-37310,DN-2024,Tanzania,PMO - US,From RDC,N/A - From RDC,Truck,ARV,Adult,SCMS from RDC,"Efavirenz 600mg, tablets, 30 Tabs",Efavirenz,Generic,600mg,Tablet,Mylan (formerly Matrix) Nashik,82920,30,90000,400500,4.45,0.15,863.48,7397,28022.17,TRUE,10/29/10,10/29/10,,
110-ZM-T30,FPQ-5702,SO-36842,DN-2032,Zambia,PMO - US,From RDC,N/A - From RDC,Truck,ARV,Adult,SCMS from RDC,"Lamivudine 150mg, tablets, 60 Tabs",Lamivudine,Generic,150mg,Tablet,Hetero Unit III Hyderabad IN,82921,60,32920,76703.6,2.33,0.04,165.37,18057,16868.38,TRUE,11/4/10,11/8/10,,
104-CI-T30,FPQ-5925,SO-37120,DN-2033,Côte d'Ivoire,PMO - US,From RDC,N/A - From RDC,Truck,ARV,Adult,SCMS from RDC,"Emtricitabine/Tenofovir Disoproxil Fumarate 200/300mg, tablets, 30 Tabs",Emtricitabine/Tenofovir Disoproxil Fumarate,Generic,200/300mg,Tablet - FDC,Mylan (formerly Matrix) Nashik,82922,30,8640,97977.6,11.34,0.38,211.24,11468,7816.45,TRUE,10/28/10,11/23/10,,
151-NG-T30,FPQ-5688,SO-36921,DN-2042,Nigeria,PMO - US,From RDC,N/A - From RDC,Air Charter,ARV,Adult,SCMS from RDC,"Efavirenz/Emtricitabine/Tenofovir Disoproxil Fumarate 600/200/300mg, tablets, 30 Tabs",Efavirenz/Emtricitabine/Tenofovir Disoproxil Fumarate,Generic,600/200/300mg,Tablet - FDC,Mylan (formerly Matrix) Nashik,82923,30,20000,398400,19.92,0.66,858.95,2181,20264.93,TRUE,11/18/10,11/10/10,,
151-NG-T30,FPQ-5688,SO-36922,DN-2043,Nigeria,PMO - US,From RDC,N/A - From RDC,Air Charter,ARV,Adult,SCMS from RDC,"Efavirenz/Emtricitabine/Tenofovir Disoproxil Fumarate 600/200/300mg, tablets, 30 Tabs",Efavirenz/Emtricitabine/Tenofovir Disoproxil Fumarate,Generic,600/200/300mg,Tablet - FDC,Mylan (formerly Matrix) Nashik,82924,30,1000,19920,19.92,0.66,42.95,101,20264.93,TRUE,11/18/10,11/10/10,,
151-NG-T30,FPQ-5688,SO-37920,DN-2047,Nigeria,PMO - US,From RDC,N/A - From RDC,Air Charter,ARV,Adult,SCMS from RDC,"Nevirapine 200mg, tablets, 60 Tabs",Nevirapine,Generic,200mg,Tablet,Hetero Unit III Hyderabad IN,82925,60,87071,224643.19,2.58,0.04,484.33,6291,20265,TRUE,11/18/10,11/9/10,,
117-ET-T30,FPQ-6428,SO-37620,DN-2050,Ethiopia,PMO - US,From RDC,N/A - From RDC,Air,ARV,Adult,SCMS from RDC,"Abacavir 300mg, tablets, 60 Tabs",Abacavir,Generic,300mg,Tablet,Mylan (formerly Matrix) Nashik,82926,60,3000,49320,16.44,0.27,106.33,342,1419.84,TRUE,11/19/10,11/8/10,,
104-CI-T30,FPQ-5623,SO-36870,DN-2060,Côte d'Ivoire,PMO - US,From RDC,N/A - From RDC,Air,ARV,Adult,SCMS from RDC,"Nevirapine 200mg, tablets, 60 Tabs",Nevirapine,Generic,200mg,Tablet,"Strides, Bangalore, India.",82927,60,233,619.78,2.66,0.04,1.34,1161,7826.75,TRUE,11/30/10,12/22/10,,
114-UG-T30,FPQ-6427,SO-37570,DN-2067,Uganda,PMO - US,From RDC,N/A - From RDC,Truck,ARV,Adult,SCMS from RDC,"Lamivudine/Zidovudine 150/300mg, tablets, 60 Tabs",Lamivudine/Zidovudine,Generic,150/300mg,Tablet - FDC,Hetero Unit III Hyderabad IN,82928,60,62753,536538.1,8.55,0.14,1156.78,5090,35284.86,TRUE,12/27/10,12/2/10,,
117-ET-T30,FPQ-5991,SO-37160,DN-2074,Ethiopia,PMO - US,From RDC,N/A - From RDC,Air,ARV,Adult,SCMS from RDC,"Lopinavir/Ritonavir 200/50mg, tablets, 120 Tabs",Lopinavir/Ritonavir,Generic,200/50mg,Tablet,"Aurobindo Unit III, India",82929,120,3900,140400,36,0.3,302.7,950,1842.95,TRUE,12/8/10,12/9/10,,
151-NG-T30,FPQ-6243,SO-38320,DN-2090,Nigeria,PMO - US,From RDC,N/A - From RDC,Air Charter,ARV,Adult,SCMS from RDC,"Nevirapine 200mg, tablets, 60 Tabs",Nevirapine,Generic,200mg,Tablet,"Aurobindo Unit III, India",82931,60,160786,414827.88,2.58,0.04,894.37,,,FALSE,2/22/11,2/16/11,,
151-NG-T30,FPQ-6243,SO-38320,DN-2090,Nigeria,PMO - US,From RDC,N/A - From RDC,Air Charter,ARV,Pediatric,SCMS from RDC,"Efavirenz 200mg, capsule, 90 Caps",Efavirenz,Generic,200mg,Capsule,"Aurobindo Unit III, India",82932,90,1050,10174.5,9.69,0.11,21.94,,,FALSE,2/22/11,2/16/11,,
104-CI-T30,FPQ-6144,SO-38380,DN-2106,Côte d'Ivoire,PMO - US,From RDC,N/A - From RDC,Air,ARV,Adult,SCMS from RDC,"Tenofovir Disoproxil Fumarate 300mg, tablets, 30 Tabs",Tenofovir Disoproxil Fumarate,Generic,300mg,Tablet,"Aurobindo Unit III, India",82933,30,4480,29433.6,6.57,0.22,63.46,3629,8758.37,TRUE,1/31/11,2/22/11,,
104-CI-T30,FPQ-5925,SO-38470,DN-2107,Côte d'Ivoire,PMO - US,From RDC,N/A - From RDC,Air,ARV,Adult,SCMS from RDC,"Zidovudine 300mg, tablets, 60 Tabs",Zidovudine,Generic,300mg,Tablet,"Aurobindo Unit III, India",82934,60,12240,88250.4,7.21,0.12,190.27,671,8758.36,TRUE,2/16/11,2/22/11,,
104-CI-T30,FPQ-6144,SO-37290,DN-2108,Côte d'Ivoire,PMO - US,From RDC,N/A - From RDC,Air,ARV,Adult,SCMS from RDC,"Zidovudine 300mg, tablets, 60 Tabs",Zidovudine,Generic,300mg,Tablet,"Aurobindo Unit III, India",82935,60,13362,96340.02,7.21,0.12,207.71,,,FALSE,1/31/11,2/22/11,,
114-UG-T30,FPQ-6427,SO-37540,DN-2109,Uganda,PMO - US,From RDC,N/A - From RDC,Truck,ARV,Adult,SCMS from RDC,"Efavirenz 600mg, tablets, 30 Tabs",Efavirenz,Generic,600mg,Tablet,Hetero Unit III Hyderabad IN,82936,30,52231,226682.55,4.34,0.14,488.73,4447,17711.71,TRUE,2/22/11,2/28/11,,
106-HT-T30,FPQ-6484,SO-38120,DN-2113,Haiti,PMO - US,From RDC,N/A - From RDC,Air,ARV,Pediatric,SCMS from RDC,"Nevirapine 10mg/ml, oral suspension w/syringe, Bottle, 240 ml",Nevirapine,Generic,10mg/ml,Oral suspension,"Aurobindo Unit III, India",82937,240,1000,1950,1.95,0.01,4.2,830,6555.75,TRUE,2/28/11,2/14/11,,
111-MZ-T30,FPQ-6981,SO-38370,DN-2119,Mozambique,PMO - US,From RDC,N/A - From RDC,Truck,ARV,Pediatric,SCMS from RDC,"Zidovudine 10mg/ml, oral solution w/syringe, Bottle, 240 ml",Zidovudine,Generic,10mg/ml,Oral solution,"Aurobindo Unit III, India",82938,240,2823,5928.3,2.1,0.01,9.78,1098,3567.53,TRUE,3/31/11,3/30/11,,
110-ZM-T30,FPQ-6221,SO-37950,DN-2125,Zambia,PMO - US,From RDC,N/A - From RDC,Truck,ARV,Adult,SCMS from RDC,"Lamivudine/Zidovudine 150/300mg, tablets, 60 Tabs",Lamivudine/Zidovudine,Generic,150/300mg,Tablet - FDC,"Aurobindo Unit III, India",82941,60,25000,213750,8.55,0.14,460.84,2565,4471.07,TRUE,3/31/11,4/5/11,,
113-ZW-T30,FPQ-6470,SO-37810,DN-2126,Zimbabwe,PMO - US,From RDC,N/A - From RDC,Truck,ARV,Adult,SCMS from RDC,"Nevirapine 200mg, tablets, 60 Tabs",Nevirapine,Generic,200mg,Tablet,Hetero Unit III Hyderabad IN,82942,60,91970,230844.7,2.51,0.04,497.7,5357,7765.18,TRUE,3/31/11,3/17/11,,
107-RW-T30,FPQ-7304,SO-38930,DN-2141,Rwanda,PMO - US,From RDC,N/A - From RDC,Air,ARV,Pediatric,SCMS from RDC,"Abacavir 20mg/ml, oral solution w/syringe, Bottle, 240 ml",Abacavir,Generic,20mg/ml,Oral solution,"Aurobindo Unit III, India",82943,240,1965,26920.5,13.7,0.06,44.42,724,4520.04,TRUE,3/18/11,3/13/11,,
104-CI-T30,FPQ-6891,SO-38540,DN-2153,Côte d'Ivoire,PMO - US,From RDC,N/A - From RDC,Air,ARV,Adult,SCMS from RDC,"Lamivudine/Nevirapine/Zidovudine 150/200/300mg, tablets, 60 Tabs",Lamivudine/Nevirapine/Zidovudine,Generic,150/300/200mg,Tablet - FDC,Mylan (formerly Matrix) Nashik,82944,60,45000,504900,11.22,0.19,833.08,,,FALSE,4/20/11,6/10/11,,
151-NG-T30,FPQ-6800,SO-39240,DN-2174,Nigeria,PMO - US,From RDC,N/A - From RDC,Air Charter,ARV,Adult,SCMS from RDC,"Tenofovir Disoproxil Fumarate 300mg, tablets, 30 Tabs",Tenofovir Disoproxil Fumarate,Generic,300mg,Tablet,"Aurobindo Unit III, India",82945,30,844,5545.08,6.57,0.22,9.15,76,12601.07,TRUE,6/21/11,5/11/11,,
200-ZW-T30,FPQ-6483,SO-39280,DN-2179,Zimbabwe,PMO - US,From RDC,N/A - From RDC,Truck,ARV,Pediatric,SCMS from RDC,"Lamivudine/Stavudine 30/6mg, dispersible tablets, 60 Tabs",Lamivudine/Stavudine,Generic,30/6mg,Chewable/dispersible tablet - FDC,"Cipla, Goa, India",82946,60,3453,6560.7,1.9,0.03,14.14,687,3403.99,TRUE,4/4/11,5/20/11,,
117-ET-T30,FPQ-7000,SO-38410,DN-2200,Ethiopia,PMO - US,From RDC,N/A - From RDC,Air,ARV,Adult,SCMS from RDC,"Didanosine 250mg, delayed-release capsules, 30 Caps",Didanosine,Generic,250mg,Delayed-release capsules,"Aurobindo Unit III, India",82947,30,6872,89336,13,0.43,147.4,577,2143.5,TRUE,5/10/11,5/18/11,,
117-ET-T30,FPQ-7000,SO-38410,DN-2200,Ethiopia,PMO - US,From RDC,N/A - From RDC,Air,ARV,Adult,SCMS from RDC,"Didanosine 400mg, delayed-release capsules, 30 Caps",Didanosine,Generic,400mg,Delayed-release capsules,"Aurobindo Unit III, India",82948,30,1237,24740,20,0.67,40.82,,,FALSE,5/10/11,5/18/11,,
200-ZW-T30,FPQ-6483,SO-37880,DN-2203,Zimbabwe,PMO - US,From RDC,N/A - From RDC,Truck,ARV,Pediatric,SCMS from RDC,"Lamivudine/Zidovudine 30/60mg, tablets, 60 Tabs",Lamivudine/Zidovudine,Generic,30/60mg,Tablet - FDC,"Aurobindo Unit III, India",82949,60,1988,6461,3.25,0.05,13.93,1671,5346.74,TRUE,5/31/11,6/13/11,,
113-ZW-T30,FPQ-6470,SO-39510,DN-2205,Zimbabwe,PMO - US,From RDC,N/A - From RDC,Truck,ARV,Adult,SCMS from RDC,"Lamivudine/Nevirapine/Stavudine 150/200/30mg, tablets, 60 Tabs",Lamivudine/Nevirapine/Stavudine,Generic,150/200/30mg,Tablet - FDC,"Cipla, Goa, India",82950,60,19512,104974.56,5.38,0.09,226.33,10589,15608.15,TRUE,5/31/11,6/15/11,,
151-NG-T30,FPQ-6800,SO-39370,DN-2209,Nigeria,PMO - US,From RDC,N/A - From RDC,Air Charter,ARV,Adult,SCMS from RDC,"Lamivudine/Zidovudine 150/300mg, tablets, 60 Tabs",Lamivudine/Zidovudine,Generic,150/300mg,Tablet - FDC,"Aurobindo Unit III, India",82951,60,32000,264320,8.26,0.14,436.13,3175,13398.04,TRUE,6/21/11,7/5/11,,
151-NG-T30,FPQ-7217,SO-39580,DN-2213,Nigeria,PMO - US,From RDC,N/A - From RDC,Air Charter,ARV,Adult,SCMS from RDC,"Lamivudine/Zidovudine 150/300mg, tablets, 60 Tabs",Lamivudine/Zidovudine,Generic,150/300mg,Tablet - FDC,Hetero Unit III Hyderabad IN,82952,60,12609,104150.34,8.26,0.14,171.85,4114,13398.06,TRUE,6/15/11,7/6/11,,
151-NG-T30,FPQ-7217,SO-39650,DN-2221,Nigeria,PMO - US,From RDC,N/A - From RDC,Air Charter,ARV,Pediatric,SCMS from RDC,"Efavirenz 200mg, capsule, 90 Caps",Efavirenz,Generic,200mg,Capsule,"Aurobindo Unit III, India",82953,90,1220,11821.8,9.69,0.11,19.51,169,13398.06,TRUE,6/15/11,7/6/11,,
100-BJ-T30,FPQ-7658,SO-39790,DN-2237,Benin,PMO - US,From RDC,N/A - From RDC,Air,ARV,Adult,SCMS from RDC,"Efavirenz 600mg, tablets, 30 Tabs",Efavirenz,Generic,600mg,Tablet,Mylan (formerly Matrix) Nashik,82954,30,72029,303962.38,4.22,0.14,501.54,7682,28541.79,TRUE,6/13/11,6/9/11,,
111-MZ-T30,FPQ-7053,SO-39400,DN-2240,Mozambique,PMO - US,From RDC,N/A - From RDC,Truck,ARV,Adult,SCMS from RDC,"Nevirapine 200mg, tablets, 60 Tabs",Nevirapine,Generic,200mg,Tablet,Hetero Unit III Hyderabad IN,82955,60,2800,7224,2.58,0.04,11.92,161,5491.01,TRUE,8/10/11,8/4/11,,
104-CI-T30,FPQ-6495,SO-39860,DN-2246,Côte d'Ivoire,PMO - US,From RDC,N/A - From RDC,Air,ARV,Pediatric,SCMS from RDC,"Zidovudine 10mg/ml, oral solution w/syringe, Bottle, 240 ml",Zidovudine,Generic,10mg/ml,Oral solution,"Aurobindo Unit III, India",82956,240,390,819,2.1,0.01,1.77,140,2503.33,TRUE,6/30/11,6/26/11,,
100-GH-T30,FPQ-7799,SO-39940,DN-2259,Ghana,PMO - US,From RDC,N/A - From RDC,Air,ARV,Adult,SCMS from RDC,"Lamivudine/Zidovudine 150/300mg, tablets, 60 Tabs",Lamivudine/Zidovudine,Generic,150/300mg,Tablet - FDC,"Aurobindo Unit III, India",82958,60,29998,247783.48,8.26,0.14,408.84,3274,21881.71,TRUE,7/4/11,7/15/11,,
106-HT-T30,FPQ-6801,SO-39910,DN-2263,Haiti,PMO - US,From RDC,N/A - From RDC,Air,ARV,Pediatric,SCMS from RDC,"Efavirenz 50mg, capsule, 30 Caps",Efavirenz,Generic,50mg,Capsule,"Aurobindo Unit III, India",82959,30,1428,3198.72,2.24,0.07,5.28,1055,11490.2,TRUE,7/19/11,6/28/11,,
111-MZ-T30,FPQ-7053,SO-40060,DN-2268,Mozambique,PMO - US,From RDC,N/A - From RDC,Truck,ARV,Adult,SCMS from RDC,"Lamivudine/Nevirapine/Zidovudine 150/200/300mg, tablets, 60 Tabs",Lamivudine/Nevirapine/Zidovudine,Generic,150/300/200mg,Tablet - FDC,Mylan (formerly Matrix) Nashik,82960,60,125202,1404766.5,11.22,0.19,2317.86,34813,14716.83,TRUE,8/31/11,9/1/11,,
151-NG-T30,FPQ-7217,SO-40080,DN-2271,Nigeria,PMO - US,From RDC,N/A - From RDC,Air Charter,ARV,Adult,SCMS from RDC,"Efavirenz/Emtricitabine/Tenofovir Disoproxil Fumarate 600/200/300mg, tablets, 30 Tabs",Efavirenz/Emtricitabine/Tenofovir Disoproxil Fumarate,Generic,600/200/300mg,Tablet - FDC,Mylan (formerly Matrix) Nashik,82961,30,62611,1247211.1,19.92,0.66,2057.9,7190,13398.06,TRUE,6/30/11,7/6/11,,
110-ZM-T30,FPQ-6677,SO-38940,DN-2272,Zambia,PMO - US,From RDC,N/A - From RDC,Truck,ARV,Adult,SCMS from RDC,"Abacavir 300mg, tablets, 60 Tabs",Abacavir,Generic,300mg,Tablet,Mylan (formerly Matrix) Nashik,82962,60,5125,77080,15.04,0.25,127.18,523,3949.19,TRUE,8/22/11,8/5/11,,
114-UG-T30,FPQ-7652,SO-40140,DN-2276,Uganda,PMO - US,From RDC,N/A - From RDC,Truck,ARV,Adult,SCMS from RDC,"Lamivudine/Nevirapine/Zidovudine 150/200/300mg, tablets, 60 Tabs",Lamivudine/Nevirapine/Zidovudine,Generic,150/300/200mg,Tablet - FDC,Mylan (formerly Matrix) Nashik,82964,60,20833,233746.27,11.22,0.19,385.68,2757,18317.11,TRUE,9/5/11,7/14/11,,
106-HT-T30,FPQ-6801,SO-40150,DN-2277,Haiti,PMO - US,From RDC,N/A - From RDC,Air,ARV,Adult,SCMS from RDC,"Efavirenz 600mg, tablets, 30 Tabs",Efavirenz,Generic,600mg,Tablet,"Aurobindo Unit III, India",82965,30,49425,208573.5,4.22,0.14,344.15,4235,29352.17,TRUE,7/19/11,7/21/11,,
110-ZM-T30,FPQ-7085,SO-38720,DN-2299,Zambia,PMO - US,From RDC,N/A - From RDC,Truck,ARV,Adult,SCMS from RDC,"Abacavir 300mg, tablets, 60 Tabs",Abacavir,Generic,300mg,Tablet,Mylan (formerly Matrix) Nashik,82966,60,38000,589000,15.5,0.26,971.85,10847,15973.89,TRUE,9/1/11,8/15/11,,
111-MZ-T30,FPQ-7053,SO-38633,DN-2302,Mozambique,PMO - US,From RDC,N/A - From RDC,Truck,ARV,Adult,SCMS from RDC,"Lamivudine/Zidovudine 150/300mg, tablets, 60 Tabs",Lamivudine/Zidovudine,Generic,150/300mg,Tablet - FDC,"Aurobindo Unit III, India",82967,60,25312,216417.6,8.55,0.14,357.09,4988,7960.74,TRUE,8/31/11,9/15/11,,
106-HT-T30,FPQ-6801,SO-38213,DN-2310,Haiti,PMO - US,From RDC,N/A - From RDC,Air,ARV,Pediatric,SCMS from RDC,"Zidovudine 10mg/ml, oral solution w/syringe, Bottle, 240 ml",Zidovudine,Generic,10mg/ml,Oral solution,"Aurobindo Unit III, India",82968,240,8768,18412.8,2.1,0.01,30.38,10030,96669.4,TRUE,7/19/11,8/11/11,,
106-HT-T30,FPQ-6801,SO-38213,DN-2310,Haiti,PMO - US,From RDC,N/A - From RDC,Air,ARV,Adult,SCMS from RDC,"Nevirapine 200mg, tablets, 60 Tabs",Nevirapine,Generic,200mg,Tablet,Hetero Unit III Hyderabad IN,82969,60,34100,85591,2.51,0.04,141.23,,,FALSE,7/19/11,8/11/11,,
111-MZ-T30,FPQ-7053,SO-38690,DN-2308,Mozambique,PMO - US,From RDC,N/A - From RDC,Truck,ARV,Pediatric,SCMS from RDC,"Zidovudine 10mg/ml, oral solution w/syringe, Bottle, 240 ml",Zidovudine,Generic,10mg/ml,Oral solution,"Aurobindo Unit III, India",82970,240,5625,11362.5,2.02,0.01,18.75,2157,2166.21,TRUE,8/12/11,9/15/11,,
200-ZW-T30,FPQ-6483,SO-38900,DN-2318,Zimbabwe,PMO - US,From RDC,N/A - From RDC,Truck,ARV,Pediatric,SCMS from RDC,"Didanosine 200mg, delayed-release capsules, 30 Caps",Didanosine,Generic,200mg,Delayed-release capsules,"Aurobindo Unit III, India",82971,30,51,561,11,0.37,1.21,6,909.15,TRUE,9/30/11,9/23/11,,
200-ZW-T30,FPQ-6483,SO-38900,DN-2318,Zimbabwe,PMO - US,From RDC,N/A - From RDC,Truck,ARV,Pediatric,SCMS from RDC,"Didanosine 200mg, delayed-release capsules, 30 Caps",Didanosine,Generic,200mg,Delayed-release capsules,"Aurobindo Unit III, India",82972,30,36,396,11,0.37,0.85,,,FALSE,9/30/11,9/23/11,,
110-ZM-T30,FPQ-7085,SO-38741,DN-2322,Zambia,PMO - US,From RDC,N/A - From RDC,Truck,ARV,Adult,SCMS from RDC,"Lamivudine/Zidovudine 150/300mg, tablets, 60 Tabs",Lamivudine/Zidovudine,Generic,150/300mg,Tablet - FDC,"Aurobindo Unit VII, IN",82973,60,73692,608695.94,8.26,0.14,1004.35,21879,8647.16,TRUE,9/29/11,8/29/11,,
110-ZM-T30,FPQ-7085,SO-38732,DN-2323,Zambia,PMO - US,From RDC,N/A - From RDC,Truck,ARV,Adult,SCMS from RDC,"Efavirenz 600mg, tablets, 30 Tabs",Efavirenz,Generic,600mg,Tablet,Hetero Unit III Hyderabad IN,82974,30,99366,429261.12,4.32,0.14,708.28,8045,13511.49,TRUE,9/5/11,9/5/11,,
111-MZ-T30,FPQ-7053,SO-38635,DN-2325,Mozambique,PMO - US,From RDC,N/A - From RDC,Truck,ARV,Adult,SCMS from RDC,"Efavirenz 600mg, tablets, 30 Tabs",Efavirenz,Generic,600mg,Tablet,Hetero Unit III Hyderabad IN,82975,30,45608,192465.77,4.22,0.14,317.57,5406,7664.01,TRUE,10/13/11,10/13/11,,
114-UG-T30,FPQ-7162,SO-38800,DN-2329,Uganda,PMO - US,From RDC,N/A - From RDC,Truck,ARV,Adult,SCMS from RDC,"Efavirenz 600mg, tablets, 30 Tabs",Efavirenz,Generic,600mg,Tablet,Mylan (formerly Matrix) Nashik,82976,30,47312,199656.64,4.22,0.14,329.43,20230,79938.08,TRUE,8/5/11,8/24/11,,
113-ZW-T30,FPQ-7052,SO-38512,DN-2343,Zimbabwe,PMO - US,From RDC,N/A - From RDC,Truck,ARV,Adult,SCMS from RDC,"Lamivudine/Nevirapine/Stavudine 150/200/30mg, tablets, 60 Tabs",Lamivudine/Nevirapine/Stavudine,Generic,150/200/30mg,Tablet - FDC,"Strides, Bangalore, India.",82977,60,70000,376600,5.38,0.09,621.39,5154,12956.94,TRUE,9/30/11,10/7/11,,
106-HT-T30,FPQ-7653,SO-39730,DN-2346,Haiti,PMO - US,From RDC,N/A - From RDC,Air,ARV,Adult,SCMS from RDC,"Nevirapine 200mg, tablets, 60 Tabs",Nevirapine,Generic,200mg,Tablet,Hetero Unit III Hyderabad IN,82978,60,15000,37650,2.51,0.04,62.12,877,9178.48,TRUE,12/5/11,10/1/11,,
105-GY-T30,FPQ-8023,SO-40440,DN-2348,Guyana,PMO - US,From RDC,N/A - From RDC,Air,ARV,Adult,SCMS from RDC,"Abacavir 300mg, tablets, 60 Tabs",Abacavir,Generic,300mg,Tablet,Mylan (formerly Matrix) Nashik,82979,60,89,1302.07,14.63,0.24,2.15,,,FALSE,10/18/11,10/3/11,,
151-NG-T30,FPQ-7812,SO-39995,DN-2354,Nigeria,PMO - US,From RDC,N/A - From RDC,Air Charter,ARV,Adult,SCMS from RDC,"Tenofovir Disoproxil Fumarate 300mg, tablets, 30 Tabs",Tenofovir Disoproxil Fumarate,Generic,300mg,Tablet,Mylan (formerly Matrix) Nashik,82980,30,1639,10522.38,6.42,0.21,17.36,107,18495.9,TRUE,11/3/11,9/28/11,,
151-NG-T30,FPQ-7812,SO-39996,DN-2355,Nigeria,PMO - US,From RDC,N/A - From RDC,Air Charter,ARV,Adult,SCMS from RDC,"Lamivudine/Tenofovir Disoproxil Fumarate 300/300mg, tablets, 30 Tabs",Lamivudine/Tenofovir Disoproxil Fumarate,Generic,300/300mg,Tablet - FDC,Mylan (formerly Matrix) Nashik,82981,30,100654,868644,8.63,0.29,1433.26,9629,21326.73,TRUE,11/3/11,10/14/11,,
113-ZW-T30,FPQ-7934,SO-40282,DN-2384,Zimbabwe,PMO - US,From RDC,N/A - From RDC,Truck,ARV,Adult,SCMS from RDC,"Efavirenz 600mg, tablets, 30 Tabs",Efavirenz,Generic,600mg,Tablet,"Strides, Bangalore, India.",82984,30,4200,17724,4.22,0.14,29.24,257,320.43,TRUE,10/25/11,10/21/11,,
111-MZ-T30,FPQ-7053,SO-38642,DN-2392,Mozambique,PMO - US,From RDC,N/A - From RDC,Truck,ARV,Pediatric,SCMS from RDC,"Nevirapine 10mg/ml, oral suspension, Bottle, 240 ml",Nevirapine,Generic,10mg/ml,Oral suspension,"Aurobindo Unit III, India",82985,240,2047,3684.6,1.8,0.01,6.08,,,FALSE,12/14/11,12/14/11,,
113-ZW-T30,FPQ-7934,SO-40283,DN-2397,Zimbabwe,PMO - US,From RDC,N/A - From RDC,Truck,ARV,Adult,SCMS from RDC,"Nevirapine 200mg, tablets, 60 Tabs",Nevirapine,Generic,200mg,Tablet,Mylan (formerly Matrix) Nashik,82986,60,55800,140058,2.51,0.04,231.1,5598,11154.87,TRUE,11/21/11,11/21/11,,
111-MZ-T30,FPQ-8157,SO-40330,DN-2417,Mozambique,PMO - US,From RDC,N/A - From RDC,Truck,ARV,Pediatric,SCMS from RDC,"Zidovudine 10mg/ml, oral solution w/syringe, Bottle, 240 ml",Zidovudine,Generic,10mg/ml,Oral solution,"Aurobindo Unit III, India",82987,240,2350,4935,2.1,0.01,8.14,904,573.43,TRUE,11/30/11,12/14/11,,
104-CI-T30,FPQ-8295,SO-40810,DN-2418,Côte d'Ivoire,PMO - US,From RDC,N/A - From RDC,Truck,ARV,Pediatric,SCMS from RDC,"Zidovudine 100mg, capsules, 100 Caps",Zidovudine,Generic,100mg,Capsule,"Aurobindo Unit III, India",82988,100,2256,10738.56,4.76,0.05,17.72,172,3296.34,TRUE,11/30/11,11/19/11,,
104-CI-T30,FPQ-8295,SO-40750,DN-2420,Côte d'Ivoire,PMO - US,From RDC,N/A - From RDC,Truck,ARV,Adult,SCMS from RDC,"Efavirenz/Emtricitabine/Tenofovir Disoproxil Fumarate 600/200/300mg, tablets, 30 Tabs",Efavirenz/Emtricitabine/Tenofovir Disoproxil Fumarate,Generic,600/200/300mg,Tablet - FDC,Mylan (formerly Matrix) Nashik,82989,30,6678,133025.77,19.92,0.66,219.49,2244,3296.34,TRUE,12/9/11,11/19/11,,
107-RW-T30,FPQ-8372,SO-40960,DN-2429,Rwanda,PMO - US,From RDC,N/A - From RDC,Air,ARV,Pediatric,SCMS from RDC,"Efavirenz 50mg, capsule, 30 Caps",Efavirenz,Generic,50mg,Capsule,"Aurobindo Unit III, India",82990,30,500,1120,2.24,0.07,1.85,30,1309.03,TRUE,11/24/11,11/11/11,,
107-RW-T30,FPQ-8204,SO-41040,DN-2439,Rwanda,PMO - US,From RDC,N/A - From RDC,Air,ARV,Pediatric,SCMS from RDC,"Efavirenz 50mg, capsule, 30 Caps",Efavirenz,Generic,50mg,Capsule,"Aurobindo Unit III, India",82991,30,700,1568,2.24,0.07,2.59,46,1274.98,TRUE,12/5/11,12/2/11,,
113-ZW-T30,FPQ-7052,SO-38510,DN-2440,Zimbabwe,PMO - US,From RDC,N/A - From RDC,Truck,ARV,Adult,SCMS from RDC,"Lamivudine/Nevirapine/Stavudine 150/200/30mg, tablets, 60 Tabs",Lamivudine/Nevirapine/Stavudine,Generic,150/200/30mg,Tablet - FDC,"Cipla, Goa, India",82992,60,9493,52781.08,5.56,0.09,87.09,1021,5216.63,TRUE,12/30/11,12/9/11,,
113-ZW-T30,FPQ-7052,SO-38521,DN-2441,Zimbabwe,PMO - US,From RDC,N/A - From RDC,Truck,ARV,Adult,SCMS from RDC,"Lamivudine/Nevirapine/Stavudine 150/200/30mg, tablets, 60 Tabs",Lamivudine/Nevirapine/Stavudine,Generic,150/200/30mg,Tablet - FDC,"Cipla, Goa, India",82993,60,75507,406227.66,5.38,0.09,670.28,8578,5216.63,TRUE,12/7/11,12/9/11,,
114-UG-T30,FPQ-8522,SO-40941,DN-2461,Uganda,PMO - US,From RDC,N/A - From RDC,Truck,ARV,Adult,SCMS from RDC,"Lamivudine/Zidovudine 150/300mg, tablets, 60 Tabs",Lamivudine/Zidovudine,Generic,150/300mg,Tablet - FDC,"Aurobindo Unit III, India",82994,60,4226,34906.76,8.26,0.14,57.6,8,10891.66,TRUE,1/31/12,1/19/12,,
114-UG-T30,FPQ-8522,SO-40941,DN-2461,Uganda,PMO - US,From RDC,N/A - From RDC,Truck,ARV,Adult,SCMS from RDC,"Efavirenz/Emtricitabine/Tenofovir Disoproxil Fumarate 600/200/300mg, tablets, 30 Tabs",Efavirenz/Emtricitabine/Tenofovir Disoproxil Fumarate,Generic,600/200/300mg,Tablet - FDC,Mylan (formerly Matrix) Nashik,82995,30,8665,172606.8,19.92,0.66,284.8,,,FALSE,1/31/12,1/19/12,,
114-UG-T30,FPQ-8522,SO-40941,DN-2461,Uganda,PMO - US,From RDC,N/A - From RDC,Truck,ARV,Adult,SCMS from RDC,"Efavirenz 600mg, tablets, 30 Tabs",Efavirenz,Generic,600mg,Tablet,"Strides, Bangalore, India.",82996,30,15155,62438.6,4.12,0.14,103.02,,,FALSE,1/31/12,1/19/12,,
109-TZ-T30,FPQ-8301,SO-40551,DN-2473,Tanzania,PMO - US,From RDC,N/A - From RDC,Truck,ARV,Adult,SCMS from RDC,"Efavirenz/Lamivudine/Tenofovir Disoproxil Fumarate 600/300/300mg, tablets, 30 Tabs",Efavirenz/Lamivudine/Tenofovir Disoproxil Fumarate,Generic,600/300/300mg,Tablet - FDC,Mylan (formerly Matrix) Nashik,82997,30,51763,884112.06,17.08,0.57,1458.78,1645,,TRUE,2/15/12,2/5/12,,
110-ZM-T30,FPQ-8476,SO-40951,DN-2477,Zambia,PMO - US,From RDC,N/A - From RDC,Truck,ARV,Adult,SCMS from RDC,"Emtricitabine/Tenofovir Disoproxil Fumarate 200/300mg, tablets, 30 Tabs",Emtricitabine/Tenofovir Disoproxil Fumarate,Generic,200/300mg,Tablet - FDC,Mylan (formerly Matrix) Nashik,82998,30,66075,592692.75,8.97,0.3,977.94,5727,14325.71,TRUE,5/15/12,12/23/11,,
101-CD-T30,FPQ-8840,SO-41130,DN-2492,"Congo, DRC",PMO - US,From RDC,N/A - From RDC,Air,ARV,Adult,SCMS from RDC,"Abacavir 300mg, tablets, 60 Tabs",Abacavir,Generic,300mg,Tablet,Mylan (formerly Matrix) Nashik,82999,60,11,160.93,14.63,0.24,0.23,28,456.17,TRUE,3/16/12,2/14/12,,
101-CD-T30,FPQ-8840,SO-41131,DN-2493,"Congo, DRC",PMO - US,From RDC,N/A - From RDC,Air,ARV,Adult,SCMS from RDC,"Abacavir 300mg, tablets, 60 Tabs",Abacavir,Generic,300mg,Tablet,Mylan (formerly Matrix) Nashik,83000,60,10,146.3,14.63,0.24,0.21,,,FALSE,3/16/12,2/14/12,,
101-CD-T30,FPQ-8840,SO-41134,DN-2496,"Congo, DRC",PMO - US,From RDC,N/A - From RDC,Air,ARV,Adult,SCMS from RDC,"Lamivudine/Zidovudine 150/300mg, tablets, 60 Tabs",Lamivudine/Zidovudine,Generic,150/300mg,Tablet - FDC,"Aurobindo Unit III, India",83001,60,79,652.54,8.26,0.14,0.91,,,FALSE,3/16/12,2/14/12,,
101-CD-T30,FPQ-8840,SO-41136,DN-2498,"Congo, DRC",PMO - US,From RDC,N/A - From RDC,Air,ARV,Adult,SCMS from RDC,"Abacavir 300mg, tablets, 60 Tabs",Abacavir,Generic,300mg,Tablet,Mylan (formerly Matrix) Nashik,83002,60,9,131.67,14.63,0.24,0.18,,,TRUE,3/16/12,2/14/12,,
101-CD-T30,FPQ-8840,SO-41136,DN-2498,"Congo, DRC",PMO - US,From RDC,N/A - From RDC,Air,ARV,Adult,SCMS from RDC,"Efavirenz 600mg, tablets, 30 Tabs",Efavirenz,Generic,600mg,Tablet,"Strides, Bangalore, India.",83003,30,10,41.2,4.12,0.14,0.06,,,FALSE,3/16/12,2/14/12,,
101-CD-T30,FPQ-8840,SO-41137,DN-2499,"Congo, DRC",PMO - US,From RDC,N/A - From RDC,Air,ARV,Adult,SCMS from RDC,"Abacavir 300mg, tablets, 60 Tabs",Abacavir,Generic,300mg,Tablet,Mylan (formerly Matrix) Nashik,83004,60,55,804.65,14.63,0.24,1.13,,,TRUE,3/16/12,2/14/12,,
101-CD-T30,FPQ-8840,SO-41138,DN-2500,"Congo, DRC",PMO - US,From RDC,N/A - From RDC,Air,ARV,Adult,SCMS from RDC,"Efavirenz 600mg, tablets, 30 Tabs",Efavirenz,Generic,600mg,Tablet,"Strides, Bangalore, India.",83005,30,59,243.08,4.12,0.14,0.34,,,FALSE,2/10/12,2/14/12,,
105-GY-T30,FPQ-8620,SO-41000,DN-2503,Guyana,PMO - US,From RDC,N/A - From RDC,Air,ARV,Pediatric,SCMS from RDC,"Zidovudine 10mg/ml, oral solution w/syringe, Bottle, 240 ml",Zidovudine,Generic,10mg/ml,Oral solution,"Aurobindo Unit III, India",83007,240,204,428.4,2.1,0.01,0.6,171,2522.76,TRUE,3/30/12,2/4/12,,
101-CD-T30,FPQ-8840,SO-41142,DN-2506,"Congo, DRC",PMO - US,From RDC,N/A - From RDC,Air,ARV,Adult,SCMS from RDC,"Lamivudine/Tenofovir Disoproxil Fumarate 300/300mg, tablets, 30 Tabs",Lamivudine/Tenofovir Disoproxil Fumarate,Generic,300/300mg,Tablet - FDC,Mylan (formerly Matrix) Nashik,83008,30,14,85.12,6.08,0.2,0.12,,,FALSE,3/16/12,3/14/12,,
111-MZ-T30,FPQ-8157,SO-40360,DN-2518,Mozambique,PMO - US,From RDC,N/A - From RDC,Truck,ARV,Adult,SCMS from RDC,"Lamivudine/Nevirapine/Zidovudine 150/200/300mg, tablets, 60 Tabs",Lamivudine/Nevirapine/Zidovudine,Generic,150/300/200mg,Tablet - FDC,Mylan (formerly Matrix) Nashik,83009,60,15600,175032,11.22,0.19,288.8,27345,20994.62,TRUE,3/30/12,3/8/12,,
111-MZ-T30,FPQ-8157,SO-40360,DN-2518,Mozambique,PMO - US,From RDC,N/A - From RDC,Truck,ARV,Adult,SCMS from RDC,"Lamivudine/Nevirapine/Zidovudine 150/200/300mg, tablets, 60 Tabs",Lamivudine/Nevirapine/Zidovudine,Generic,150/300/200mg,Tablet - FDC,"Cipla, Goa, India",83010,60,100000,1122000,11.22,0.19,1851.3,,,FALSE,3/30/12,3/8/12,,
106-HT-T30,FPQ-9056,SO-41300,DN-2535,Haiti,PMO - US,From RDC,N/A - From RDC,Air,ARV,Pediatric,SCMS from RDC,"Abacavir 20mg/ml, oral solution w/syringe, Bottle, 240 ml",Abacavir,Generic,20mg/ml,Oral solution,"Aurobindo Unit III, India",83011,240,1470,18375,12.5,0.05,25.76,9635,95269.39,TRUE,3/2/12,3/12/12,,
109-TZ-T30,FPQ-8303,SO-40510,DN-2537,Tanzania,PMO - US,From RDC,N/A - From RDC,Truck,ARV,Pediatric,SCMS from RDC,"Efavirenz 50mg, capsule, 30 Caps",Efavirenz,Generic,50mg,Capsule,"Aurobindo Unit III, India",83012,30,24747,55433.28,2.24,0.07,91.46,1437,1698.83,TRUE,3/30/12,3/12/12,,
109-TZ-T30,FPQ-8297,SO-40642,DN-2541,Tanzania,PMO - US,From RDC,N/A - From RDC,Truck,ARV,Adult,SCMS from RDC,"Lopinavir/Ritonavir 200/50mg [Aluvia], tablets, 120 Tabs",Lopinavir/Ritonavir,Aluvia,200/50mg,Tablet,ABBVIE Ludwigshafen Germany,83013,120,17030,574592.2,33.74,0.28,948.08,3508,1698.83,TRUE,3/23/12,3/12/12,,
109-TZ-T30,FPQ-8297,SO-40640,DN-2542,Tanzania,PMO - US,From RDC,N/A - From RDC,Truck,ARV,Adult,SCMS from RDC,"Lopinavir/Ritonavir 200/50mg, tablets, 120 Tabs",Lopinavir/Ritonavir,Generic,200/50mg,Tablet,"Aurobindo Unit III, India",83014,120,3679,123614.4,33.6,0.28,203.96,932,1698.83,TRUE,3/23/12,3/12/12,,
110-ZM-T30,FPQ-7667,SO-40243,DN-2578,Zambia,PMO - US,From RDC,N/A - From RDC,Ocean,ARV,Pediatric,SCMS from RDC,"Nevirapine 10mg/ml, oral suspension w/syringe, Bottle, 240 ml",Nevirapine,Generic,10mg/ml,Oral suspension,"Aurobindo Unit III, India",83015,240,4013,7825.35,1.95,0.01,12.91,1487,5447.21,TRUE,3/30/12,2/27/12,,
151-NG-T30,FPQ-8952,SO-41251,DN-2586,Nigeria,PMO - US,From RDC,N/A - From RDC,Air,ARV,Adult,SCMS from RDC,"Lamivudine/Nevirapine/Zidovudine 150/200/300mg, tablets, 60 Tabs",Lamivudine/Nevirapine/Zidovudine,Generic,150/300/200mg,Tablet - FDC,Mylan (formerly Matrix) Nashik,83016,60,84000,924000,11,0.18,1295.45,11160,87294.56,TRUE,7/4/12,3/15/12,,
109-TZ-T30,FPQ-8297,SO-40614,DN-2588,Tanzania,PMO - US,From RDC,N/A - From RDC,Truck,ARV,Adult,SCMS from RDC,"Lamivudine 150mg, tablets, 60 Tabs",Lamivudine,Generic,150mg,Tablet,Macleods Daman Plant INDIA,83017,60,96018,223721.94,2.33,0.04,369.14,4271,3825.8,TRUE,5/4/12,3/13/12,,
111-MZ-T30,FPQ-8157,SO-40382,DN-2589,Mozambique,PMO - US,From RDC,N/A - From RDC,Truck,ARV,Pediatric,SCMS from RDC,"Nevirapine 10mg/ml, oral suspension w/syringe, Bottle, 240 ml",Nevirapine,Generic,10mg/ml,Oral suspension,"Aurobindo Unit III, India",83018,240,41737,81387.15,1.95,0.01,134.29,15160,12405.54,TRUE,5/7/12,5/24/12,,
111-MZ-T30,FPQ-8157,SO-40381,DN-2590,Mozambique,PMO - US,From RDC,N/A - From RDC,Truck,ARV,Adult,SCMS from RDC,"Lamivudine/Nevirapine/Zidovudine 150/200/300mg, tablets, 60 Tabs",Lamivudine/Nevirapine/Zidovudine,Generic,150/300/200mg,Tablet - FDC,"Aurobindo Unit III, India",83019,60,185875,2085517.5,11.22,0.19,3441.1,26760,12405.54,TRUE,5/7/12,5/24/12,,
109-TZ-T30,FPQ-8297,SO-40631,DN-2591,Tanzania,PMO - US,From RDC,N/A - From RDC,Truck,ARV,Adult,SCMS from RDC,"Efavirenz/Emtricitabine/Tenofovir Disoproxil Fumarate 600/200/300mg, tablets, 30 Tabs",Efavirenz/Emtricitabine/Tenofovir Disoproxil Fumarate,Generic,600/200/300mg,Tablet - FDC,Mylan (formerly Matrix) Nashik,83020,30,131280,2196314.5,16.73,0.56,3623.92,15032,3279.25,TRUE,4/30/12,4/11/12,,
102-BI-T30,FPQ-9229,SO-41530,DN-2594,Burundi,PMO - US,From RDC,N/A - From RDC,Air,ARV,Pediatric,SCMS from RDC,"Lamivudine/Zidovudine 30/60mg, tablets, 60 Tabs",Lamivudine/Zidovudine,Generic,30/60mg,Tablet - FDC,Mylan (formerly Matrix) Nashik,83021,60,15,44.85,2.99,0.05,0.06,5256,9506,TRUE,4/26/12,5/4/12,,
106-HT-T30,FPQ-9441,SO-41650,DN-2600,Haiti,PMO - US,From RDC,N/A - From RDC,Air,ARV,Adult,SCMS from RDC,"Tenofovir Disoproxil Fumarate 300mg, tablets, 30 Tabs",Tenofovir Disoproxil Fumarate,Generic,300mg,Tablet,Mylan (formerly Matrix) Nashik,83022,30,192,1056,5.5,0.18,1.48,20,870.96,TRUE,4/16/12,3/28/12,,
114-UG-T30,FPQ-9354,SO-41630,DN-2603,Uganda,PMO - US,From RDC,N/A - From RDC,Air,ARV,Adult,SCMS from RDC,"Nevirapine 200mg, tablets, 60 Tabs",Nevirapine,Generic,200mg,Tablet,"Strides, Bangalore, India.",83023,60,5924,14869.24,2.51,0.04,20.85,1421,4322.6,TRUE,5/3/12,3/27/12,,
111-MZ-T30,FPQ-8157,SO-40390,DN-2616,Mozambique,PMO - US,From RDC,N/A - From RDC,Truck,ARV,Adult,SCMS from RDC,"Lamivudine/Nevirapine/Zidovudine 150/200/300mg, tablets, 60 Tabs",Lamivudine/Nevirapine/Zidovudine,Generic,150/300/200mg,Tablet - FDC,Mylan (formerly Matrix) Nashik,83024,60,117749,1321143.8,11.22,0.19,2179.89,28088,19652.22,TRUE,5/7/12,5/10/12,,
104-CI-T30,FPQ-8295,SO-40793,DN-2622,Côte d'Ivoire,PMO - US,From RDC,N/A - From RDC,Truck,ARV,Pediatric,SCMS from RDC,"Didanosine 200mg, delayed-release capsules, 30 Caps",Didanosine,Generic,200mg,Delayed-release capsules,"Aurobindo Unit III, India",83026,30,1825,20075,11,0.37,33.12,119,3159.12,TRUE,4/16/12,4/11/12,,
104-CI-T30,FPQ-8787,SO-41150,DN-2623,Côte d'Ivoire,PMO - US,From RDC,N/A - From RDC,Air,ARV,Pediatric,SCMS from RDC,"Didanosine 200mg, delayed-release capsules, 30 Caps",Didanosine,Generic,200mg,Delayed-release capsules,"Aurobindo Unit III, India",83027,30,1235,13585,11,0.37,19.05,649,1191.02,TRUE,4/16/12,4/11/12,,
151-NG-T30,FPQ-8364,SO-40660,DN-2630,Nigeria,PMO - US,From RDC,N/A - From RDC,Air Charter,ARV,Adult,SCMS from RDC,"Lamivudine/Nevirapine/Zidovudine 150/200/300mg, tablets, 60 Tabs",Lamivudine/Nevirapine/Zidovudine,Generic,150/300/200mg,Tablet - FDC,Mylan (formerly Matrix) Nashik,83028,60,48821,547771.6,11.22,0.19,903.82,6949,27441.22,TRUE,5/20/12,4/30/12,,
102-LY-T30,FPQ-9665,SO-41900,DN-2641,Libya,PMO - US,From RDC,N/A - From RDC,Air,ARV,Adult,SCMS from RDC,"Lopinavir/Ritonavir 200/50mg [Aluvia], tablets, 120 Tabs",Lopinavir/Ritonavir,Aluvia,200/50mg,Tablet,ABBVIE Ludwigshafen Germany,83029,120,500,15410,30.82,0.26,21.6,709,761.91,TRUE,5/23/12,5/23/12,,
102-DO-T30,FPQ-9676,SO-41871,DN-2648,Dominican Republic,PMO - US,From RDC,N/A - From RDC,Air,ARV,Adult,SCMS from RDC,"Lamivudine/Tenofovir Disoproxil Fumarate 300/300mg, tablets, 30 Tabs",Lamivudine/Tenofovir Disoproxil Fumarate,Generic,300/300mg,Tablet - FDC,"Aurobindo Unit VII, IN",83030,30,847,4692.38,5.54,0.18,6.58,85,1857.04,TRUE,5/21/12,5/9/12,,
113-ZW-T30,FPQ-8464,SO-40861,DN-2655,Zimbabwe,PMO - US,From RDC,N/A - From RDC,Truck,ARV,Adult,SCMS from RDC,"Lamivudine/Tenofovir Disoproxil Fumarate 300/300mg, tablets, 30 Tabs",Lamivudine/Tenofovir Disoproxil Fumarate,Generic,300/300mg,Tablet - FDC,Mylan (formerly Matrix) Nashik,83031,30,78082,432574.28,5.54,0.18,713.75,,,FALSE,5/31/12,5/25/12,,
113-ZW-T30,FPQ-8464,SO-40870,DN-2656,Zimbabwe,PMO - US,From RDC,N/A - From RDC,Truck,ARV,Adult,SCMS from RDC,"Lamivudine/Tenofovir Disoproxil Fumarate 300/300mg, tablets, 30 Tabs",Lamivudine/Tenofovir Disoproxil Fumarate,Generic,300/300mg,Tablet - FDC,Mylan (formerly Matrix) Nashik,83032,30,78082,432574.28,5.54,0.18,713.75,14314,15219.72,TRUE,6/12/12,5/25/12,,
113-ZW-T30,FPQ-8464,SO-40870,DN-2656,Zimbabwe,PMO - US,From RDC,N/A - From RDC,Truck,ARV,Adult,SCMS from RDC,"Efavirenz 600mg, tablets, 30 Tabs",Efavirenz,Generic,600mg,Tablet,"Strides, Bangalore, India.",83033,30,17422,68120.02,3.91,0.13,112.4,,,FALSE,6/12/12,5/25/12,,
113-ZW-T30,FPQ-8464,SO-40870,DN-2656,Zimbabwe,PMO - US,From RDC,N/A - From RDC,Truck,ARV,Adult,SCMS from RDC,"Lamivudine/Stavudine 150/30mg, tablets, 60 Tabs",Lamivudine/Stavudine,Generic,150/30mg,Tablet - FDC,"Strides, Bangalore, India.",83034,60,7150,21092.5,2.95,0.05,34.8,,,FALSE,6/12/12,5/25/12,,
110-ZM-T30,FPQ-9472,SO-41710,DN-2661,Zambia,PMO - US,From RDC,N/A - From RDC,Truck,ARV,Adult,SCMS from RDC,"Efavirenz 600mg, tablets, 30 Tabs",Efavirenz,Generic,600mg,Tablet,"Strides, Bangalore, India.",83037,30,46190,190302.8,4.12,0.14,266.8,4539,4496.13,TRUE,7/26/12,6/18/12,,
114-UG-T30,FPQ-9875,SO-42050,DN-2675,Uganda,PMO - US,From RDC,N/A - From RDC,Air,ARV,Adult,SCMS from RDC,"Efavirenz 600mg, tablets, 30 Tabs",Efavirenz,Generic,600mg,Tablet,"Strides, Bangalore, India.",83038,30,20000,78200,3.91,0.13,109.64,2501,18520.22,TRUE,7/4/12,6/12/12,,
114-UG-T30,FPQ-9875,SO-42080,DN-2677,Uganda,PMO - US,From RDC,N/A - From RDC,Truck,ARV,Adult,SCMS from RDC,"Lamivudine/Zidovudine 150/300mg, tablets, 60 Tabs",Lamivudine/Zidovudine,Generic,150/300mg,Tablet - FDC,Hetero Unit III Hyderabad IN,83039,60,17827,138694.06,7.78,0.13,194.45,2939,17665.42,TRUE,8/17/12,6/8/12,,
102-CD-T30,FPQ-9640,SO-41860,DN-2678,"Congo, DRC",PMO - US,From RDC,N/A - From RDC,Air,ARV,Adult,SCMS from RDC,"Lamivudine/Nevirapine/Zidovudine 150/200/300mg, tablets, 60 Tabs",Lamivudine/Nevirapine/Zidovudine,Generic,150/300/200mg,Tablet - FDC,Mylan (formerly Matrix) Nashik,83040,60,2000,20580,10.29,0.17,28.85,274,2371.06,TRUE,9/3/12,9/3/12,,
151-NG-T30,FPQ-8952,SO-41256,DN-2690,Nigeria,PMO - US,From RDC,N/A - From RDC,Air Charter,ARV,Adult,SCMS from RDC,"Nevirapine 200mg, tablets, 60 Tabs",Nevirapine,Generic,200mg,Tablet,Mylan (formerly Matrix) Nashik,83041,60,6026,14703.44,2.44,0.04,20.61,6944,17090,TRUE,7/4/12,6/3/12,,
107-RW-T30,FPQ-9912,SO-42160,DN-2691,Rwanda,PMO - US,From RDC,N/A - From RDC,Air,ARV,Adult,SCMS from RDC,"Tenofovir Disoproxil Fumarate 300mg, tablets, 30 Tabs",Tenofovir Disoproxil Fumarate,Generic,300mg,Tablet,Mylan (formerly Matrix) Nashik,83042,30,1056,5808,5.5,0.18,8.14,69,1366.67,TRUE,7/31/12,6/15/12,,
113-ZW-T30,FPQ-8464,SO-40901,DN-2695,Zimbabwe,PMO - US,From RDC,N/A - From RDC,Truck,ARV,Adult,SCMS from RDC,"Lamivudine/Nevirapine/Stavudine 150/200/30mg, tablets, 60 Tabs",Lamivudine/Nevirapine/Stavudine,Generic,150/200/30mg,Tablet - FDC,"Strides, Bangalore, India.",83043,60,71030,333841,4.7,0.08,550.84,6990,5530.11,TRUE,12/11/12,6/27/12,,
113-ZW-T30,FPQ-8464,SO-40901,DN-2695,Zimbabwe,PMO - US,From RDC,N/A - From RDC,Truck,ARV,Adult,SCMS from RDC,"Lamivudine/Zidovudine 150/300mg, tablets, 60 Tabs",Lamivudine/Zidovudine,Generic,150/300mg,Tablet - FDC,Mylan (formerly Matrix) Nashik,83044,60,3345,26024.1,7.78,0.13,42.94,,,FALSE,12/11/12,6/27/12,,
102-CD-T30,FPQ-9640,SO-41850,DN-2697,"Congo, DRC",PMO - US,From RDC,N/A - From RDC,Air,ARV,Adult,SCMS from RDC,"Lopinavir/Ritonavir 200/50mg, tablets, 120 Tabs",Lopinavir/Ritonavir,Generic,200/50mg,Tablet,"Aurobindo Unit III, India",83045,120,600,17808,29.68,0.25,24.97,895,6061.4,TRUE,9/11/12,9/11/12,,
102-CD-T30,FPQ-9640,SO-41850,DN-2697,"Congo, DRC",PMO - US,From RDC,N/A - From RDC,Air,ARV,Pediatric,SCMS from RDC,"Nevirapine 10mg/ml, oral suspension w/syringe, Bottle, 240 ml",Nevirapine,Generic,10mg/ml,Oral suspension,"Aurobindo Unit III, India",83046,240,1500,2925,1.95,0.01,4.1,,,FALSE,9/11/12,9/11/12,,
111-MZ-T30,FPQ-9506,SO-41761,DN-2704,Mozambique,PMO - US,From RDC,N/A - From RDC,Truck,ARV,Pediatric,SCMS from RDC,"Nevirapine 10mg/ml, oral suspension w/syringe, Bottle, 240 ml",Nevirapine,Generic,10mg/ml,Oral suspension,"Aurobindo Unit III, India",83047,240,60968,118887.6,1.95,0.01,166.68,,,TRUE,7/31/12,6/28/12,,
151-NG-T30,FPQ-9432,SO-42334,DN-2708,Nigeria,PMO - US,From RDC,N/A - From RDC,Air Charter,ARV,Adult,SCMS from RDC,"Emtricitabine/Tenofovir Disoproxil Fumarate 200/300mg, tablets, 30 Tabs",Emtricitabine/Tenofovir Disoproxil Fumarate,Generic,200/300mg,Tablet - FDC,"Aurobindo Unit III, India",83048,30,13743,110493.72,8.04,0.27,154.91,1340,17090,TRUE,8/2/12,6/3/12,,
151-NG-T30,FPQ-9432,SO-42335,DN-2709,Nigeria,PMO - US,From RDC,N/A - From RDC,Air Charter,ARV,Adult,SCMS from RDC,"Lamivudine/Nevirapine/Zidovudine 150/200/300mg, tablets, 60 Tabs",Lamivudine/Nevirapine/Zidovudine,Generic,150/300/200mg,Tablet - FDC,Mylan (formerly Matrix) Nashik,83049,60,116254,1196253.6,10.29,0.17,1677.15,14964,17090,TRUE,8/2/12,6/3/12,,
114-UG-T30,FPQ-9354,SO-41620,DN-2712,Uganda,PMO - US,From RDC,N/A - From RDC,Air,ARV,Adult,SCMS from RDC,"Tenofovir Disoproxil Fumarate 300mg, tablets, 30 Tabs",Tenofovir Disoproxil Fumarate,Generic,300mg,Tablet,"Aurobindo Unit III, India",83050,30,1685,9267.5,5.5,0.18,12.99,137,1834.79,TRUE,7/20/12,7/13/12,,
151-NG-T30,FPQ-8952,SO-41250,DN-2725,Nigeria,PMO - US,From RDC,N/A - From RDC,Air Charter,ARV,Adult,SCMS from RDC,"Nevirapine 200mg, tablets, 60 Tabs",Nevirapine,Generic,200mg,Tablet,"Aurobindo Unit III, India",83051,60,100156,244380.64,2.44,0.04,342.62,10687,21347.12,TRUE,7/4/12,7/10/12,,
151-NG-T30,FPQ-8952,SO-42640,DN-2728,Nigeria,PMO - US,From RDC,N/A - From RDC,Air Charter,ARV,Adult,SCMS from RDC,"Lamivudine/Zidovudine 150/300mg, tablets, 60 Tabs",Lamivudine/Zidovudine,Generic,150/300mg,Tablet - FDC,"Aurobindo Unit III, India",83052,60,74288,577960.6,7.78,0.13,810.3,7351,21347.12,TRUE,7/10/12,7/10/12,,
151-NG-T30,FPQ-9432,SO-41681,DN-2727,Nigeria,PMO - US,From RDC,N/A - From RDC,Air Charter,ARV,Adult,SCMS from RDC,"Nevirapine 200mg, tablets, 60 Tabs",Nevirapine,Generic,200mg,Tablet,Mylan (formerly Matrix) Nashik,83053,60,99999,243997.56,2.44,0.04,342.08,13437,21347.12,TRUE,8/2/12,7/9/12,,
151-NG-T30,FPQ-9432,SO-41682,DN-2729,Nigeria,PMO - US,From RDC,N/A - From RDC,Air Charter,ARV,Adult,SCMS from RDC,"Efavirenz 600mg, tablets, 30 Tabs",Efavirenz,Generic,600mg,Tablet,"Strides, Bangalore, India.",83054,30,3103,11822.43,3.81,0.13,16.58,,,FALSE,8/2/12,7/9/12,,
107-RW-T30,FPQ-10119,SO-42731,DN-2737,Rwanda,PMO - US,From RDC,N/A - From RDC,Air,ARV,Pediatric,SCMS from RDC,"Efavirenz 200mg, capsule, 90 Caps",Efavirenz,Generic,200mg,Capsule,"Aurobindo Unit III, India",83055,90,1480,12224.8,8.26,0.09,17.14,187,2109.22,TRUE,9/28/12,7/21/12,,
114-UG-T30,FPQ-9875,SO-42051,DN-2745,Uganda,PMO - US,From RDC,N/A - From RDC,Air,ARV,Adult,SCMS from RDC,"Efavirenz 600mg, tablets, 30 Tabs",Efavirenz,Generic,600mg,Tablet,"Strides, Bangalore, India.",83056,30,13373,52288.43,3.91,0.13,73.31,816,7964.24,TRUE,8/7/12,8/7/12,,
900-UG-T30,FPQ-10048,SO-42600,DN-2746,Uganda,PMO - US,From RDC,N/A - From RDC,Air,ARV,Adult,SCMS from RDC,"Efavirenz 600mg, tablets, 30 Tabs",Efavirenz,Generic,600mg,Tablet,"Strides, Bangalore, India.",83057,30,23000,89930,3.91,0.13,126.08,1403,9800,TRUE,8/7/12,8/7/12,,
103-CD-T30,FPQ-10187,SO-42770,DN-2758,"Congo, DRC",PMO - US,From RDC,N/A - From RDC,Air,HRDT,HIV test,SCMS from RDC,"HIV 1/2, Determine Complete HIV Kit, 100 Tests","HIV 1/2, Determine Complete HIV Kit",Determine,N/A,Test kit,"Alere Medical Co., Ltd.",83059,100,725,58000,80,0.8,81.32,225,1482.7,TRUE,11/30/12,11/30/12,,
151-NG-T30,FPQ-9432,SO-42802,DN-2767,Nigeria,PMO - US,From RDC,N/A - From RDC,Air Charter,ARV,Adult,SCMS from RDC,"Lamivudine/Nevirapine/Zidovudine 150/200/300mg, tablets, 60 Tabs",Lamivudine/Nevirapine/Zidovudine,Generic,150/300/200mg,Tablet - FDC,"Aurobindo Unit III, India",83060,60,159964,1569246.9,9.81,0.16,2200.08,37944,16532.5,TRUE,8/2/12,7/24/12,,
900-UG-T30,FPQ-10048,SO-42570,DN-2781,Uganda,PMO - US,From RDC,N/A - From RDC,Air,ARV,Adult,SCMS from RDC,"Lamivudine/Tenofovir Disoproxil Fumarate 300/300mg, tablets, 30 Tabs",Lamivudine/Tenofovir Disoproxil Fumarate,Generic,300/300mg,Tablet - FDC,"Aurobindo Unit VII, IN",83061,30,20000,110800,5.54,0.18,155.34,8996,43098.9,TRUE,10/30/12,10/30/12,,
900-UG-T30,FPQ-10048,SO-42581,DN-2782,Uganda,PMO - US,From RDC,N/A - From RDC,Air,ARV,Adult,SCMS from RDC,"Lopinavir/Ritonavir 200/50mg, tablets, 120 Tabs",Lopinavir/Ritonavir,Generic,200/50mg,Tablet,"Aurobindo Unit III, India",83062,120,5000,148400,29.68,0.25,208.06,1199,7070,TRUE,10/30/12,10/30/12,,
104-CI-T30,FPQ-9063,SO-41341,DN-2787,Côte d'Ivoire,PMO - US,From RDC,N/A - From RDC,Truck,ARV,Adult,SCMS from RDC,"Efavirenz 600mg, tablets, 30 Tabs",Efavirenz,Generic,600mg,Tablet,Hetero Unit III Hyderabad IN,83063,30,54392,207233.52,3.81,0.13,290.54,4883,16898.58,TRUE,8/31/12,8/12/12,,
151-NG-T30,FPQ-9432,SO-42930,DN-2791,Nigeria,PMO - US,From RDC,N/A - From RDC,Air Charter,ARV,Adult,SCMS from RDC,"Lamivudine/Zidovudine 150/300mg, tablets, 60 Tabs",Lamivudine/Zidovudine,Generic,150/300mg,Tablet - FDC,"Cipla, Goa, India",83064,60,1048,8384,8,0.13,11.75,4809,18461.23,TRUE,8/20/12,8/14/12,,
107-RW-T30,FPQ-10042,SO-42490,DN-2798,Rwanda,PMO - US,From RDC,N/A - From RDC,Air,ARV,Adult,SCMS from RDC,"Abacavir 300mg, tablets, 60 Tabs",Abacavir,Generic,300mg,Tablet,"Aurobindo Unit III, India",83065,60,6849,90064.35,13.15,0.22,126.27,880,13841.89,TRUE,8/31/12,8/23/12,,
900-UG-T30,FPQ-10084,SO-42631,DN-2800,Uganda,PMO - US,From RDC,N/A - From RDC,Truck,ARV,Adult,SCMS from RDC,"Efavirenz 600mg, tablets, 30 Tabs",Efavirenz,Generic,600mg,Tablet,"Aurobindo Unit III, India",83066,30,66160,258685.6,3.91,0.13,362.68,5641,2175.07,TRUE,9/27/12,9/27/12,,
105-GY-T30,FPQ-10252,SO-42780,DN-2811,Guyana,PMO - US,From RDC,N/A - From RDC,Air,ARV,Pediatric,SCMS from RDC,"Efavirenz 200mg, capsule, 90 Caps",Efavirenz,Generic,200mg,Capsule,"Aurobindo Unit III, India",83067,90,52,429.52,8.26,0.09,0.6,38,4718.3,TRUE,10/2/12,8/29/12,,
102-CD-T30,FPQ-9906,SO-42340,DN-2812,"Congo, DRC",PMO - US,From RDC,N/A - From RDC,Air,ARV,Adult,SCMS from RDC,"Lamivudine/Zidovudine 150/300mg, tablets, 60 Tabs",Lamivudine/Zidovudine,Generic,150/300mg,Tablet - FDC,Mylan (formerly Matrix) Nashik,83068,60,1224,9449.28,7.72,0.13,13.25,3637,25634.47,TRUE,2/14/13,2/14/13,,
151-NG-T30,FPQ-9432,SO-42937,DN-2821,Nigeria,PMO - US,From RDC,N/A - From RDC,Air,ARV,Adult,SCMS from RDC,"Lamivudine/Tenofovir Disoproxil Fumarate 300/300mg, tablets, 30 Tabs",Lamivudine/Tenofovir Disoproxil Fumarate,Generic,300/300mg,Tablet - FDC,Hetero Unit III Hyderabad IN,83069,30,25000,134000,5.36,0.18,187.87,5897,18461.22,TRUE,8/31/12,8/14/12,,
151-NG-T30,FPQ-9432,SO-41680,DN-2823,Nigeria,PMO - US,From RDC,N/A - From RDC,Air,ARV,Adult,SCMS from RDC,"Efavirenz/Emtricitabine/Tenofovir Disoproxil Fumarate 600/200/300mg, tablets, 30 Tabs",Efavirenz/Emtricitabine/Tenofovir Disoproxil Fumarate,Generic,600/200/300mg,Tablet - FDC,Mylan (formerly Matrix) Nashik,83070,30,107489,1616634.5,15.04,0.5,2266.52,13193,18461.22,TRUE,9/10/12,8/14/12,,
110-ZM-T30,FPQ-8476,SO-40956,DN-2832,Zambia,PMO - US,From RDC,N/A - From RDC,Truck,ARV,Adult,SCMS from RDC,"Zidovudine 300mg, tablets, 60 Tabs",Zidovudine,Generic,300mg,Tablet,Hetero Unit III Hyderabad IN,83071,60,27633,186799.08,6.76,0.11,308.22,,,FALSE,9/17/12,9/7/12,,
110-ZM-T30,FPQ-9472,SO-41703,DN-2834,Zambia,PMO - US,From RDC,N/A - From RDC,Truck,ARV,Adult,SCMS from RDC,"Emtricitabine/Tenofovir Disoproxil Fumarate 200/300mg, tablets, 30 Tabs",Emtricitabine/Tenofovir Disoproxil Fumarate,Generic,200/300mg,Tablet - FDC,Mylan (formerly Matrix) Nashik,83072,30,107175,762014.25,7.11,0.24,1068.34,8709,7317.47,TRUE,9/24/12,9/7/12,,
110-ZM-T30,FPQ-9773,SO-41991,DN-2833,Zambia,PMO - US,From RDC,N/A - From RDC,Truck,ARV,Adult,SCMS from RDC,"Efavirenz 600mg, tablets, 30 Tabs",Efavirenz,Generic,600mg,Tablet,"Strides, Bangalore, India.",83073,30,182876,715045.2,3.91,0.13,1002.49,,,FALSE,9/25/12,9/7/12,,
104-CI-T30,FPQ-9749,SO-42382,DN-2837,Côte d'Ivoire,PMO - US,From RDC,N/A - From RDC,Truck,ARV,Adult,SCMS from RDC,"Lamivudine/Nevirapine/Zidovudine 150/200/300mg, tablets, 60 Tabs",Lamivudine/Nevirapine/Zidovudine,Generic,150/300/200mg,Tablet - FDC,Hetero Unit III Hyderabad IN,83074,60,75024,735985.44,9.81,0.16,1031.85,,,FALSE,11/13/12,9/5/12,,
114-UG-T30,FPQ-9356,SO-41600,DN-2840,Uganda,PMO - US,From RDC,N/A - From RDC,Truck,ARV,Adult,SCMS from RDC,"Lopinavir/Ritonavir 200/50mg, tablets, 120 Tabs",Lopinavir/Ritonavir,Generic,200/50mg,Tablet,"Aurobindo Unit III, India",83075,120,4968,145612.08,29.31,0.24,204.15,1207,7238,TRUE,10/5/12,10/6/12,,
114-UG-T30,FPQ-9876,SO-42320,DN-2841,Uganda,PMO - US,From RDC,N/A - From RDC,Truck,ARV,Adult,SCMS from RDC,"Lopinavir/Ritonavir 200/50mg, tablets, 120 Tabs",Lopinavir/Ritonavir,Generic,200/50mg,Tablet,"Aurobindo Unit III, India",83076,120,8517,252784.56,29.68,0.25,354.4,2078,15761.76,TRUE,9/28/12,9/24/12,,
107-RW-T30,FPQ-10119,SO-42760,DN-2845,Rwanda,PMO - US,From RDC,N/A - From RDC,Air,ARV,Adult,SCMS from RDC,"Lopinavir/Ritonavir 200/50mg, tablets, 120 Tabs",Lopinavir/Ritonavir,Generic,200/50mg,Tablet,Mylan (formerly Matrix) Nashik,83077,120,10979,325856.72,29.68,0.25,456.85,2881,5825.17,TRUE,10/31/12,10/30/12,,
107-RW-T30,FPQ-10015,SO-42480,DN-2848,Rwanda,PMO - US,From RDC,N/A - From RDC,Air,ARV,Adult,SCMS from RDC,"Nevirapine 200mg, tablets, 60 Tabs",Nevirapine,Generic,200mg,Tablet,"Strides, Bangalore, India.",83078,60,69922,170609.69,2.44,0.04,239.19,4444,26081.05,TRUE,9/28/12,9/13/12,,
107-RW-T30,FPQ-9888,SO-42120,DN-2852,Rwanda,PMO - US,From RDC,N/A - From RDC,Air,ARV,Pediatric,SCMS from RDC,"Abacavir 20mg/ml, oral solution w/syringe, Bottle, 240 ml",Abacavir,Generic,20mg/ml,Oral solution,"Aurobindo Unit III, India",83079,240,4928,61600,12.5,0.05,86.36,1800,12500.58,TRUE,9/28/12,10/5/12,,
107-RW-T30,FPQ-9888,SO-42140,DN-2853,Rwanda,PMO - US,From RDC,N/A - From RDC,Air,ARV,Adult,SCMS from RDC,"Lopinavir/Ritonavir 200/50mg, tablets, 120 Tabs",Lopinavir/Ritonavir,Generic,200/50mg,Tablet,"Aurobindo Unit III, India",83080,120,16515,490165.2,29.68,0.25,687.21,3991,13380.52,TRUE,10/26/12,10/26/12,,
900-SS-T30,FPQ-10517,SO-43070,DN-2858,South Sudan,PMO - US,From RDC,N/A - From RDC,Air,ARV,Adult,SCMS from RDC,"Zidovudine 300mg, tablets, 60 Tabs",Zidovudine,Generic,300mg,Tablet,Hetero Unit III Hyderabad IN,83081,60,9360,63273.6,6.76,0.11,88.71,,,FALSE,11/15/12,10/23/12,,
114-UG-T30,FPQ-10395,SO-42940,DN-2860,Uganda,PMO - US,From RDC,N/A - From RDC,Air,ARV,Adult,SCMS from RDC,"Lamivudine/Tenofovir Disoproxil Fumarate 300/300mg, tablets, 30 Tabs",Lamivudine/Tenofovir Disoproxil Fumarate,Generic,300/300mg,Tablet - FDC,"Cipla, Kurkumbh, India",83082,30,11994,64287.84,5.36,0.18,90.13,1199,7918,TRUE,10/27/12,10/27/12,,
111-MZ-T30,FPQ-10210,SO-42820,DN-2862,Mozambique,PMO - US,From RDC,N/A - From RDC,Truck,ARV,Adult,SCMS from RDC,"Nevirapine 200mg, tablets, 60 Tabs",Nevirapine,Generic,200mg,Tablet,Mylan (formerly Matrix) Nashik,83083,60,3167,7664.14,2.42,0.04,10.75,775,3855.94,TRUE,10/31/12,10/10/12,,
114-UG-T30,FPQ-10503,SO-43090,DN-2873,Uganda,PMO - US,From RDC,N/A - From RDC,Air,ARV,Adult,SCMS from RDC,"Lamivudine/Zidovudine 150/300mg, tablets, 60 Tabs",Lamivudine/Zidovudine,Generic,150/300mg,Tablet - FDC,Hetero Unit III Hyderabad IN,83084,60,3540,27328.8,7.72,0.13,38.31,,,FALSE,10/25/12,10/22/12,,
107-RW-T30,FPQ-9969,SO-42430,DN-2885,Rwanda,PMO - US,From RDC,N/A - From RDC,Air,ARV,Adult,SCMS from RDC,"Efavirenz/Lamivudine/Tenofovir Disoproxil Fumarate 600/300/300mg, tablets, 30 Tabs",Efavirenz/Lamivudine/Tenofovir Disoproxil Fumarate,Generic,600/300/300mg,Tablet - FDC,Mylan (formerly Matrix) Nashik,83085,30,3234,42915.18,13.27,0.44,60.17,,,FALSE,10/31/12,10/30/12,,
900-CM-T30,FPQ-10641,SO-43390,DN-2886,Cameroon,PMO - US,From RDC,N/A - From RDC,Air Charter,ARV,Adult,SCMS from RDC,"Efavirenz 600mg, tablets, 30 Tabs",Efavirenz,Generic,600mg,Tablet,"Aurobindo Unit III, India",83086,30,71406,259917.84,3.64,0.12,364.4,,,FALSE,10/24/12,10/17/12,,
900-CM-T30,FPQ-10641,SO-43390,DN-2886,Cameroon,PMO - US,From RDC,N/A - From RDC,Air Charter,ARV,Adult,SCMS from RDC,"Lamivudine/Tenofovir Disoproxil Fumarate 300/300mg, tablets, 30 Tabs",Lamivudine/Tenofovir Disoproxil Fumarate,Generic,300/300mg,Tablet - FDC,"Cipla, Kurkumbh, India",83087,30,21514,115315.04,5.36,0.18,161.67,,,FALSE,10/24/12,10/17/12,,
900-CM-T30,FPQ-10641,SO-43381,DN-2898,Cameroon,PMO - US,From RDC,N/A - From RDC,Air Charter,ARV,Adult,SCMS from RDC,"Efavirenz/Lamivudine/Tenofovir Disoproxil Fumarate 600/300/300mg, tablets, 30 Tabs",Efavirenz/Lamivudine/Tenofovir Disoproxil Fumarate,Generic,600/300/300mg,Tablet - FDC,Mylan (formerly Matrix) Nashik,83088,30,20000,265400,13.27,0.44,372.09,3943,67732.55,TRUE,11/7/12,10/17/12,,
103-ZW-T30,FPQ-9907,SO-42270,DN-2914,Zimbabwe,PMO - US,From RDC,N/A - From RDC,Truck,ARV,Pediatric,SCMS from RDC,"Lamivudine/Zidovudine 30/60mg, tablets, 60 Tabs",Lamivudine/Zidovudine,Generic,30/60mg,Tablet - FDC,Mylan (formerly Matrix) Nashik,83089,60,26267,72496.92,2.76,0.05,101.64,1875,6933.75,TRUE,11/19/12,11/19/12,,
103-ZW-T30,FPQ-9907,SO-42221,DN-2924,Zimbabwe,PMO - US,From RDC,N/A - From RDC,Truck,ARV,Pediatric,SCMS from RDC,"Abacavir 20mg/ml, oral solution w/syringe, Bottle, 240 ml",Abacavir,Generic,20mg/ml,Oral solution,"Aurobindo Unit III, India",83090,240,42,525,12.5,0.05,0.74,16,839.7,TRUE,11/30/12,11/14/12,,
104-CI-T30,FPQ-9749,SO-42372,DN-2932,Côte d'Ivoire,PMO - US,From RDC,N/A - From RDC,Truck,ARV,Pediatric,SCMS from RDC,"Lamivudine/Zidovudine 30/60mg, tablets, 60 Tabs",Lamivudine/Zidovudine,Generic,30/60mg,Tablet - FDC,Mylan (formerly Matrix) Nashik,83091,60,10080,27820.8,2.76,0.05,39,5466,19079.68,TRUE,12/15/12,11/26/12,,
110-ZM-T30,FPQ-10530,SO-43151,DN-2931,Zambia,PMO - US,From RDC,N/A - From RDC,Truck,ARV,Adult,SCMS from RDC,"Lamivudine 150mg, tablets, 60 Tabs",Lamivudine,Generic,150mg,Tablet,Hetero Unit III Hyderabad IN,83092,60,15393,33248.88,2.16,0.04,46.61,768,5213.54,TRUE,12/26/12,12/17/12,,
104-CI-T30,FPQ-9749,SO-42372,DN-2932,Côte d'Ivoire,PMO - US,From RDC,N/A - From RDC,Truck,ARV,Adult,SCMS from RDC,"Lopinavir/Ritonavir 200/50mg, tablets, 120 Tabs",Lopinavir/Ritonavir,Generic,200/50mg,Tablet,Mylan (formerly Matrix) Nashik,83093,120,17600,469920,26.7,0.22,658.83,,,FALSE,12/15/12,11/26/12,,
106-HT-T30,FPQ-10883,SO-43600,DN-2934,Haiti,PMO - US,From RDC,N/A - From RDC,Air,ARV,Adult,SCMS from RDC,"Lamivudine/Zidovudine 150/300mg, tablets, 60 Tabs",Lamivudine/Zidovudine,Generic,150/300mg,Tablet - FDC,Mylan (formerly Matrix) Nashik,83094,60,29220,225578.4,7.72,0.13,279.04,3809,39513.54,TRUE,12/3/12,11/14/12,,
103-ZW-T30,FPQ-9907,SO-42220,DN-2942,Zimbabwe,PMO - US,From RDC,N/A - From RDC,Truck,ARV,Pediatric,SCMS from RDC,"Lamivudine/Stavudine 30/6mg, dispersible tablets, 60 Tabs",Lamivudine/Stavudine,Generic,30/6mg,Chewable/dispersible tablet - FDC,"Cipla, Goa, India",83095,60,9215,17508.5,1.9,0.03,24.55,,,FALSE,12/14/12,12/11/12,,
151-NG-T30,FPQ-9968,SO-43435,DN-2946,Nigeria,PMO - US,From RDC,N/A - From RDC,Air,ARV,Adult,SCMS from RDC,"Nevirapine 200mg, tablets, 60 Tabs",Nevirapine,Generic,200mg,Tablet,Mylan (formerly Matrix) Nashik,83096,60,36000,87120,2.42,0.04,122.14,,,FALSE,12/4/12,12/4/12,,
104-CI-T30,FPQ-10405,SO-42980,DN-2958,Côte d'Ivoire,PMO - US,From RDC,N/A - From RDC,Truck,ARV,Pediatric,SCMS from RDC,"Lamivudine/Zidovudine 30/60mg, tablets, 60 Tabs",Lamivudine/Zidovudine,Generic,30/60mg,Tablet - FDC,"Aurobindo Unit III, India",83097,60,3952,10907.52,2.76,0.05,15.29,2705,9879.25,TRUE,2/1/13,1/14/13,,
107-RW-T30,FPQ-10119,SO-42710,DN-2961,Rwanda,PMO - US,From RDC,N/A - From RDC,Air,ARV,Adult,SCMS from RDC,"Lamivudine/Tenofovir Disoproxil Fumarate 300/300mg, tablets, 30 Tabs",Lamivudine/Tenofovir Disoproxil Fumarate,Generic,300/300mg,Tablet - FDC,"Aurobindo Unit VII, IN",83098,30,34997,187583.92,5.36,0.18,262.99,10698,20994.85,TRUE,2/6/13,2/6/13,,
104-CI-T30,FPQ-10405,SO-42960,DN-2968,Côte d'Ivoire,PMO - US,From RDC,N/A - From RDC,Truck,ARV,Adult,SCMS from RDC,"Tenofovir Disoproxil Fumarate 300mg, tablets, 30 Tabs",Tenofovir Disoproxil Fumarate,Generic,300mg,Tablet,Mylan (formerly Matrix) Nashik,83099,30,5856,28225.92,4.82,0.16,39.57,354,3026.62,TRUE,2/28/13,12/27/12,,
109-TZ-T30,FPQ-10545,SO-43111,DN-2972,Tanzania,PMO - US,From RDC,N/A - From RDC,Truck,ARV,Pediatric,SCMS from RDC,"Efavirenz 200mg, scored tablets, 90 Tabs",Efavirenz,Generic,200mg,Tablet,"Strides, Bangalore, India.",83100,90,5765,42084.5,7.3,0.08,59,350,2266,TRUE,2/28/13,2/26/12,,
114-UG-T30,FPQ-10556,SO-43160,DN-2952,Uganda,PMO - US,From RDC,N/A - From RDC,Air,ARV,Adult,SCMS from RDC,"Lamivudine/Tenofovir Disoproxil Fumarate 300/300mg, tablets, 30 Tabs",Lamivudine/Tenofovir Disoproxil Fumarate,Generic,300/300mg,Tablet - FDC,"Cipla, Kurkumbh, India",83101,30,1525,7335.25,4.81,0.16,10.28,,,FALSE,2/2/13,2/2/13,,
101-CD-T30,FPQ-11054,SO-43680,DN-2981,"Congo, DRC",PMO - US,From RDC,N/A - From RDC,Air,ARV,Adult,SCMS from RDC,"Efavirenz 600mg, tablets, 30 Tabs",Efavirenz,Generic,600mg,Tablet,"Strides, Bangalore, India.",83102,30,568,2022.08,3.56,0.12,2.5,,,FALSE,9/11/13,9/11/13,,
111-MZ-T30,FPQ-10211,SO-42871,DN-2985,Mozambique,PMO - US,From RDC,N/A - From RDC,Truck,ARV,Adult,SCMS from RDC,"Lamivudine/Nevirapine/Zidovudine 150/200/300mg, tablets, 60 Tabs",Lamivudine/Nevirapine/Zidovudine,Generic,150/300/200mg,Tablet - FDC,Hetero Unit III Hyderabad IN,83103,60,182729,1639079.1,8.97,0.15,2297.99,25666,7733.77,TRUE,3/22/13,3/22/13,,
111-MZ-T30,FPQ-11033,SO-43760,DN-3012,Mozambique,PMO - US,From RDC,N/A - From RDC,Truck,ARV,Adult,SCMS from RDC,"Lamivudine/Zidovudine 150/300mg, tablets, 60 Tabs",Lamivudine/Zidovudine,Generic,150/300mg,Tablet - FDC,"Aurobindo Unit III, India",83107,60,39096,284227.9,7.27,0.12,351.59,3591,7733.77,TRUE,4/1/13,3/22/13,,
101-CD-T30,FPQ-11096,SO-43750,DN-3017,"Congo, DRC",PMO - US,From RDC,N/A - From RDC,Air,ARV,Pediatric,SCMS from RDC,"Nevirapine 10mg/ml, oral suspension w/syringe, Bottle, 240 ml",Nevirapine,Generic,10mg/ml,Oral suspension,"Aurobindo Unit III, India",83108,240,738,1439.1,1.95,0.01,1.78,112,9687.69,TRUE,3/18/13,8/8/13,,
104-CI-T30,FPQ-10626,SO-43271,DN-3018,Côte d'Ivoire,PMO - US,From RDC,N/A - From RDC,Truck,ARV,Adult,SCMS from RDC,"Lamivudine/Tenofovir Disoproxil Fumarate 300/300mg, tablets, 30 Tabs",Lamivudine/Tenofovir Disoproxil Fumarate,Generic,300/300mg,Tablet - FDC,Hetero Unit III Hyderabad IN,83109,30,9033,42455.1,4.7,0.16,59.52,941,3980.18,TRUE,3/11/13,2/28/13,,
104-CI-T30,FPQ-11306,SO-44240,DN-3020,Côte d'Ivoire,PMO - US,From RDC,N/A - From RDC,Air,ARV,Adult,SCMS from RDC,"Emtricitabine/Tenofovir Disoproxil Fumarate 200/300mg, tablets, 30 Tabs",Emtricitabine/Tenofovir Disoproxil Fumarate,Generic,200/300mg,Tablet - FDC,"Aurobindo Unit III, India",83110,30,8300,50381,6.07,0.2,62.32,760,4880.14,TRUE,3/6/13,2/28/13,,
104-CI-T30,FPQ-10405,SO-43000,DN-3023,Côte d'Ivoire,PMO - US,From RDC,N/A - From RDC,Truck,ARV,Pediatric,SCMS from RDC,"Abacavir/Lamivudine 60/30mg, tablets, 60 Tabs",Abacavir/Lamivudine,Generic,60/30mg,Tablet - FDC,"Aurobindo Unit III, India",83111,60,5024,23110.4,4.6,0.08,32.4,2732,10680.14,TRUE,3/27/13,2/28/13,,
114-UG-T30,FPQ-10780,SO-43490,DN-3024,Uganda,PMO - US,From RDC,N/A - From RDC,Air,ARV,Adult,SCMS from RDC,"Lamivudine/Zidovudine 150/300mg, tablets, 60 Tabs",Lamivudine/Zidovudine,Generic,150/300mg,Tablet - FDC,"Cipla, Goa, India",83112,60,10125,73608.75,7.27,0.12,103.2,1887,12736.25,TRUE,3/18/13,3/7/13,,
151-NG-T30,FPQ-10477,SO-44550,DN-3028,Nigeria,PMO - US,From RDC,N/A - From RDC,Air Charter,ARV,Adult,SCMS from RDC,"Nevirapine 200mg, tablets, 60 Tabs",Nevirapine,Generic,200mg,Tablet,"Aurobindo Unit VII, IN",83113,60,99999,225997.73,2.26,0.04,316.85,,,FALSE,3/15/13,2/21/13,,
102-ZW-T30,FPQ-10674,SO-43240,DN-3037,Zimbabwe,PMO - US,From RDC,N/A - From RDC,Truck,ARV,Adult,SCMS from RDC,"Abacavir/Lamivudine 600/300mg, scored tablets, 30 Tabs",Abacavir/Lamivudine,Generic,600/300mg,Tablet - FDC,Mylan (formerly Matrix) Nashik,83114,30,270,3769.2,13.96,0.47,5.28,18,1100,TRUE,3/30/13,3/23/13,,
109-TZ-T30,FPQ-10545,SO-43121,DN-3038,Tanzania,PMO - US,From RDC,N/A - From RDC,Truck,ARV,Adult,SCMS from RDC,"Tenofovir Disoproxil Fumarate 300mg, tablets, 30 Tabs",Tenofovir Disoproxil Fumarate,Generic,300mg,Tablet,Mylan (formerly Matrix) Nashik,83115,30,1773,7162.92,4.04,0.13,10.04,116,2035.84,TRUE,4/1/13,3/15/13,,
106-HT-T30,FPQ-11526,SO-44440,DN-3044,Haiti,PMO - US,From RDC,N/A - From RDC,Air,ARV,Pediatric,SCMS from RDC,"Lamivudine/Stavudine 30/6mg, dispersible tablets, 60 Tabs",Lamivudine/Stavudine,Generic,30/6mg,Chewable/dispersible tablet - FDC,"Cipla, Goa, India",83116,60,822,1561.8,1.9,0.03,1.93,107,1779.74,TRUE,4/30/13,3/21/13,,
106-HT-T30,FPQ-11281,SO-44400,DN-3015,Haiti,PMO - US,From RDC,N/A - From RDC,Air,ARV,Adult,SCMS from RDC,"Lamivudine/Nevirapine/Zidovudine 150/200/300mg, tablets, 60 Tabs",Lamivudine/Nevirapine/Zidovudine,Generic,150/300/200mg,Tablet - FDC,Hetero Unit III Hyderabad IN,83117,60,39072,335237.75,8.58,0.14,414.69,,,FALSE,4/9/13,3/14/13,,
110-ZM-T30,FPQ-10728,SO-43452,DN-3045,Zambia,PMO - US,From RDC,N/A - From RDC,Truck,ARV,Adult,SCMS from RDC,"Efavirenz/Emtricitabine/Tenofovir Disoproxil Fumarate 600/200/300mg, tablets, 30 Tabs",Efavirenz/Emtricitabine/Tenofovir Disoproxil Fumarate,Generic,600/200/300mg,Tablet - FDC,"Cipla, Goa, India",83118,30,100000,1369000,13.69,0.46,1919.34,10442,11520.85,TRUE,3/15/13,3/22/13,,
104-CI-T30,FPQ-10633,SO-43340,DN-3046,Côte d'Ivoire,PMO - US,From RDC,N/A - From RDC,Truck,ARV,Adult,SCMS from RDC,"Lopinavir/Ritonavir 200/50mg, tablets, 120 Tabs",Lopinavir/Ritonavir,Generic,200/50mg,Tablet,Mylan (formerly Matrix) Nashik,83119,120,3524,87254.24,24.76,0.21,122.33,3264,14368.65,TRUE,4/30/13,3/8/13,,
106-HT-T30,FPQ-11281,SO-44430,DN-3061,Haiti,PMO - US,From RDC,N/A - From RDC,Air,ARV,Pediatric,SCMS from RDC,"Lamivudine 10mg/ml, oral solution w/syringe, Bottle, 240 ml",Lamivudine,Generic,10mg/ml,Oral solution,"Aurobindo Unit III, India",83120,240,1944,3596.4,1.85,0.01,4.45,682,8118.08,TRUE,4/9/13,3/14/13,,
105-GY-T30,FPQ-11546,SO-44520,DN-3060,Guyana,PMO - US,From RDC,N/A - From RDC,Air,ARV,Adult,SCMS from RDC,"Emtricitabine/Tenofovir Disoproxil Fumarate 200/300mg, tablets, 30 Tabs",Emtricitabine/Tenofovir Disoproxil Fumarate,Generic,200/300mg,Tablet - FDC,Hetero Unit III Hyderabad IN,83121,30,4917,31370.46,6.38,0.21,38.81,1283,12862.56,TRUE,4/18/13,3/15/13,,
109-TZ-T30,FPQ-10545,SO-43131,DN-3062,Tanzania,PMO - US,From RDC,N/A - From RDC,Truck,ARV,Adult,SCMS from RDC,"Emtricitabine/Tenofovir Disoproxil Fumarate 200/300mg, tablets, 30 Tabs",Emtricitabine/Tenofovir Disoproxil Fumarate,Generic,200/300mg,Tablet - FDC,Mylan (formerly Matrix) Nashik,83122,30,15027,91213.89,6.07,0.2,127.88,1248,4529.5,TRUE,3/31/13,4/2/13,,
114-UG-T30,FPQ-11133,SO-43871,DN-3065,Uganda,PMO - US,From RDC,N/A - From RDC,Truck,ARV,Adult,SCMS from RDC,"Abacavir/Lamivudine 600/300mg, scored tablets, 30 Tabs",Abacavir/Lamivudine,Generic,600/300mg,Tablet - FDC,Mylan (formerly Matrix) Nashik,83123,30,5760,80409.6,13.96,0.47,99.47,610,6585.03,TRUE,6/28/13,3/20/13,,
114-UG-T30,FPQ-11143,SO-43941,DN-3069,Uganda,PMO - US,From RDC,N/A - From RDC,Air,ARV,Adult,SCMS from RDC,"Nevirapine 200mg, tablets, 60 Tabs",Nevirapine,Generic,200mg,Tablet,"Aurobindo Unit III, India",83124,60,8834,19964.84,2.26,0.04,24.7,1600,8699.8,TRUE,4/25/13,4/25/13,,
113-ZW-T30,FPQ-11002,SO-43700,DN-3084,Zimbabwe,PMO - US,From RDC,N/A - From RDC,Truck,ARV,Adult,SCMS from RDC,"Lamivudine/Tenofovir Disoproxil Fumarate 300/300mg, tablets, 30 Tabs",Lamivudine/Tenofovir Disoproxil Fumarate,Generic,300/300mg,Tablet - FDC,Hetero Unit III Hyderabad IN,83125,30,131520,618144,4.7,0.16,764.64,19248,14451.69,TRUE,4/30/13,4/8/13,,
113-ZW-T30,FPQ-11002,SO-43711,DN-3085,Zimbabwe,PMO - US,From RDC,N/A - From RDC,Truck,ARV,Adult,SCMS from RDC,"Lamivudine/Tenofovir Disoproxil Fumarate 300/300mg, tablets, 30 Tabs",Lamivudine/Tenofovir Disoproxil Fumarate,Generic,300/300mg,Tablet - FDC,Hetero Unit III Hyderabad IN,83126,30,29506,138678.2,4.7,0.16,171.54,3133,14451.69,TRUE,3/30/13,4/8/13,,
102-ZW-T30,FPQ-10674,SO-43230,DN-3092,Zimbabwe,PMO - US,From RDC,N/A - From RDC,Truck,ARV,Adult,SCMS from RDC,"Lamivudine/Nevirapine/Zidovudine 150/200/300mg, tablets, 60 Tabs",Lamivudine/Nevirapine/Zidovudine,Generic,150/300/200mg,Tablet - FDC,Mylan (formerly Matrix) Nashik,83128,60,21300,182754,8.58,0.14,256.22,13288,14451.69,TRUE,3/30/13,4/8/13,,
104-CI-T30,FPQ-10633,SO-43330,DN-3075,Côte d'Ivoire,PMO - US,From RDC,N/A - From RDC,Truck,ARV,Adult,SCMS from RDC,"Lamivudine/Nevirapine/Zidovudine 150/200/300mg, tablets, 60 Tabs",Lamivudine/Nevirapine/Zidovudine,Generic,150/300/200mg,Tablet - FDC,Hetero Unit III Hyderabad IN,83129,60,8778,75315.24,8.58,0.14,105.59,22043,41802.56,TRUE,3/28/13,3/30/13,,
111-MZ-T30,FPQ-11882,SO-44800,DN-3107,Mozambique,PMO - US,From RDC,N/A - From RDC,Air,ARV,Adult,SCMS from RDC,"Efavirenz 600mg, tablets, 30 Tabs",Efavirenz,Generic,600mg,Tablet,"Aurobindo Unit VII, IN",83130,30,43563,145064.8,3.33,0.11,179.45,4122,28602.94,TRUE,6/6/13,6/11/13,,
113-ZW-T30,FPQ-11002,SO-43702,DN-3113,Zimbabwe,PMO - US,From RDC,N/A - From RDC,Truck,ARV,Adult,SCMS from RDC,"Nevirapine 200mg, tablets, 60 Tabs",Nevirapine,Generic,200mg,Tablet,"Aurobindo Unit III, India",83131,60,4136,9347.36,2.26,0.04,11.56,394,8600,TRUE,4/30/13,4/29/13,,
102-DO-T30,FPQ-11791,SO-44740,DN-3117,Dominican Republic,PMO - US,From RDC,N/A - From RDC,Air,ARV,Adult,SCMS from RDC,"Nevirapine 200mg, tablets, 60 Tabs",Nevirapine,Generic,200mg,Tablet,Hetero Unit III Hyderabad IN,83132,60,3200,7232,2.26,0.04,8.95,1230,8281.7,TRUE,4/24/13,5/21/13,,
102-BI-T30,FPQ-11661,SO-44670,DN-3118,Burundi,PMO - US,From RDC,N/A - From RDC,Air,ARV,Adult,SCMS from RDC,"Lamivudine/Zidovudine 150/300mg, tablets, 60 Tabs",Lamivudine/Zidovudine,Generic,150/300mg,Tablet - FDC,Hetero Unit III Hyderabad IN,83133,60,2940,21373.8,7.27,0.12,26.44,,,FALSE,5/31/13,5/23/13,,
114-UG-T30,FPQ-11143,SO-43943,DN-3120,Uganda,PMO - US,From RDC,N/A - From RDC,Air,ARV,Adult,SCMS from RDC,"Nevirapine 200mg, tablets, 60 Tabs",Nevirapine,Generic,200mg,Tablet,Hetero Unit III Hyderabad IN,83134,60,11490,25967.4,2.26,0.04,32.12,722,3483.79,TRUE,4/30/13,5/9/13,,
102-BI-T30,FPQ-11661,SO-44660,DN-3129,Burundi,PMO - US,From RDC,N/A - From RDC,Air,ARV,Adult,SCMS from RDC,"Abacavir 300mg, tablets, 60 Tabs",Abacavir,Generic,300mg,Tablet,Mylan (formerly Matrix) Nashik,83135,60,180,2332.8,12.96,0.22,2.89,123,1501.4,TRUE,6/30/13,5/9/13,,
113-ZW-T30,FPQ-11002,SO-43710,DN-3131,Zimbabwe,PMO - US,From RDC,N/A - From RDC,Truck,ARV,Adult,SCMS from RDC,"Nevirapine 200mg, tablets, 60 Tabs",Nevirapine,Generic,200mg,Tablet,"Aurobindo Unit III, India",83136,60,40520,91575.2,2.26,0.04,113.28,20226,21173.75,TRUE,5/6/13,4/29/13,,
151-NG-T30,FPQ-11022,SO-43844,DN-3139,Nigeria,PMO - US,From RDC,N/A - From RDC,Air Charter,ARV,Adult,SCMS from RDC,"Lamivudine/Zidovudine 150/300mg, tablets, 60 Tabs",Lamivudine/Zidovudine,Generic,150/300mg,Tablet - FDC,"Aurobindo Unit III, India",83137,60,75000,525000,7,0.12,649.42,7515,14547.55,TRUE,5/21/13,5/3/13,,
111-MZ-T30,FPQ-11884,SO-44851,DN-3146,Mozambique,PMO - US,From RDC,N/A - From RDC,Truck,ARV,Adult,SCMS from RDC,"Abacavir/Lamivudine 600/300mg, scored tablets, 30 Tabs",Abacavir/Lamivudine,Generic,600/300mg,Tablet - FDC,Mylan (formerly Matrix) Nashik,83138,30,3400,47464,13.96,0.47,58.71,315,1981.6,TRUE,8/30/13,7/31/13,,
114-UG-T30,FPQ-10945,SO-43630,DN-3147,Uganda,PMO - US,From RDC,N/A - From RDC,Air,ARV,Adult,SCMS from RDC,"Efavirenz/Lamivudine/Tenofovir Disoproxil Fumarate 600/300/300mg, tablets, 30 Tabs",Efavirenz/Lamivudine/Tenofovir Disoproxil Fumarate,Generic,600/300/300mg,Tablet - FDC,Hetero Unit III Hyderabad IN,83139,30,238606,2510135,10.52,0.35,3105.04,31473,24816.73,TRUE,6/20/13,5/22/13,,
114-UG-T30,FPQ-11133,SO-43873,DN-3153,Uganda,PMO - US,From RDC,N/A - From RDC,Truck,ARV,Adult,SCMS from RDC,"Lamivudine/Zidovudine 150/300mg, tablets, 60 Tabs",Lamivudine/Zidovudine,Generic,150/300mg,Tablet - FDC,Hetero Unit III Hyderabad IN,83140,60,18547,129829,7,0.12,160.6,,,FALSE,6/28/13,6/7/13,,
151-NG-T30,FPQ-11864,SO-45200,DN-3175,Nigeria,PMO - US,From RDC,N/A - From RDC,Air Charter,ARV,Pediatric,SCMS from RDC,"Abacavir/Lamivudine 60/30mg, tablets, 60 Tabs",Abacavir/Lamivudine,Generic,60/30mg,Tablet - FDC,"Aurobindo Unit III, India",83141,60,955,4393,4.6,0.08,5.43,104,20666.07,TRUE,9/4/13,5/10/13,,
114-UG-T30,FPQ-11133,SO-43900,DN-3214,Uganda,PMO - US,From RDC,N/A - From RDC,Truck,ARV,Adult,SCMS from RDC,"Lamivudine/Tenofovir Disoproxil Fumarate 300/300mg, tablets, 30 Tabs",Lamivudine/Tenofovir Disoproxil Fumarate,Generic,300/300mg,Tablet - FDC,"Aurobindo Unit VII, IN",83145,30,26112,122726.4,4.7,0.16,151.81,2444,8800.81,TRUE,7/30/13,8/9/13,,
109-TZ-T30,FPQ-12278,SO-45730,DN-3229,Tanzania,PMO - US,From RDC,N/A - From RDC,Truck,ARV,Adult,SCMS from RDC,"Lamivudine/Nevirapine/Zidovudine 150/200/300mg, tablets, 60 Tabs",Lamivudine/Nevirapine/Zidovudine,Generic,150/300/200mg,Tablet - FDC,"Cipla, Goa, India",83146,60,73690,632260.2,8.58,0.14,782.11,9886,44300.9,TRUE,9/25/13,9/23/13,,
151-NG-T30,FPQ-11864,SO-44923,DN-3243,Nigeria,PMO - US,From RDC,N/A - From RDC,Air Charter,ARV,Pediatric,SCMS from RDC,"Abacavir/Lamivudine 60/30mg, tablets, 60 Tabs",Abacavir/Lamivudine,Generic,60/30mg,Tablet - FDC,Mylan (formerly Matrix) Nashik,83147,60,9377,37508,4,0.07,46.4,485,,TRUE,9/4/13,7/23/13,,
102-BI-T30,FPQ-12065,SO-45170,DN-3257,Burundi,PMO - US,From RDC,N/A - From RDC,Air,ARV,Adult,SCMS from RDC,"Lopinavir/Ritonavir 200/50mg, tablets, 120 Tabs",Lopinavir/Ritonavir,Generic,200/50mg,Tablet,"Aurobindo Unit III, India",83148,120,213,4639.14,21.78,0.18,5.74,928,4323.44,TRUE,8/24/13,8/26/13,,
114-UG-T30,FPQ-12253,SO-45470,DN-3256,Uganda,PMO - US,From RDC,N/A - From RDC,Air,ARV,Adult,SCMS from RDC,"Lamivudine/Zidovudine 150/300mg, tablets, 60 Tabs",Lamivudine/Zidovudine,Generic,150/300mg,Tablet - FDC,"Aurobindo Unit III, India",83149,60,54728,383096,7,0.12,473.89,14143,100654.61,TRUE,8/6/13,8/20/13,,
114-UG-T30,FPQ-12473,SO-45880,DN-3263,Uganda,PMO - US,From RDC,N/A - From RDC,Air,ARV,Adult,SCMS from RDC,"Lamivudine/Tenofovir Disoproxil Fumarate 300/300mg, tablets, 30 Tabs",Lamivudine/Tenofovir Disoproxil Fumarate,Generic,300/300mg,Tablet - FDC,Hetero Unit III Hyderabad IN,83150,30,34385,161609.5,4.7,0.16,199.91,11594,85414.3,TRUE,9/27/13,9/27/13,,
114-UG-T30,FPQ-11133,SO-43874,DN-3285,Uganda,PMO - US,From RDC,N/A - From RDC,Truck,ARV,Pediatric,SCMS from RDC,"Efavirenz 200mg, scored tablets, 90 Tabs",Efavirenz,Generic,200mg,Tablet,"Strides, Bangalore, India.",83154,90,338,2467.4,7.3,0.08,3.05,25,759.79,TRUE,8/30/13,8/30/13,,
109-TZ-T30,FPQ-12015,SO-44983,DN-3295,Tanzania,PMO - US,From RDC,N/A - From RDC,Truck,ARV,Adult,SCMS from RDC,"Emtricitabine/Tenofovir Disoproxil Fumarate 200/300mg, tablets, 30 Tabs",Emtricitabine/Tenofovir Disoproxil Fumarate,Generic,200/300mg,Tablet - FDC,Mylan (formerly Matrix) Nashik,83155,30,26000,152620,5.87,0.2,188.79,3888,8057.19,TRUE,10/15/13,9/10/13,,
114-UG-T30,FPQ-12253,SO-45541,DN-3296,Uganda,PMO - US,From RDC,N/A - From RDC,Truck,ARV,Adult,SCMS from RDC,"Lamivudine/Tenofovir Disoproxil Fumarate 300/300mg, tablets, 30 Tabs",Lamivudine/Tenofovir Disoproxil Fumarate,Generic,300/300mg,Tablet - FDC,"Aurobindo Unit VII, IN",83156,30,4403,20694.1,4.7,0.16,25.6,703,4234.12,TRUE,9/12/13,10/16/13,,
109-TZ-T30,FPQ-12536,SO-45980,DN-3301,Tanzania,PMO - US,From RDC,N/A - From RDC,Truck,ARV,Adult,SCMS from RDC,"Efavirenz/Emtricitabine/Tenofovir Disoproxil Fumarate 600/200/300mg, tablets, 30 Tabs",Efavirenz/Emtricitabine/Tenofovir Disoproxil Fumarate,Generic,600/200/300mg,Tablet - FDC,"Aurobindo Unit VII, IN",83157,30,67426,829339.8,12.3,0.41,1025.89,7596,3567.19,TRUE,10/16/13,9/27/13,,
111-MZ-T30,FPQ-11884,SO-44864,DN-3302,Mozambique,PMO - US,From RDC,N/A - From RDC,Truck,ARV,Adult,SCMS from RDC,"Tenofovir Disoproxil Fumarate 300mg, tablets, 30 Tabs",Tenofovir Disoproxil Fumarate,Generic,300mg,Tablet,Mylan (formerly Matrix) Nashik,83158,30,1000,4040,4.04,0.13,5,63,569,TRUE,9/30/13,10/12/13,,
901-CM-T30,FPQ-12832,SO-46200,DN-3315,Cameroon,PMO - US,From RDC,N/A - From RDC,Air,ARV,Adult,SCMS from RDC,"Lamivudine/Zidovudine 150/300mg, tablets, 60 Tabs",Lamivudine/Zidovudine,Generic,150/300mg,Tablet - FDC,Mylan (formerly Matrix) Nashik,83159,60,16837,117859,7,0.12,145.79,1353,13924.23,TRUE,10/2/13,10/2/13,,
109-TZ-T30,FPQ-12015,SO-44984,DN-3316,Tanzania,PMO - US,From RDC,N/A - From RDC,Truck,ARV,Pediatric,SCMS from RDC,"Lamivudine/Zidovudine 30/60mg, tablets, 60 Tabs",Lamivudine/Zidovudine,Generic,30/60mg,Tablet - FDC,Mylan (formerly Matrix) Nashik,83160,60,25836,55547.4,2.15,0.04,68.71,5467,3567.2,TRUE,10/31/13,9/27/13,,
151-NG-T30,FPQ-11771,SO-44750,DN-3320,Nigeria,PMO - US,From RDC,N/A - From RDC,Air Charter,ARV,Adult,SCMS from RDC,"Lamivudine/Nevirapine/Zidovudine 150/200/300mg, tablets, 60 Tabs",Lamivudine/Nevirapine/Zidovudine,Generic,150/300/200mg,Tablet - FDC,Mylan (formerly Matrix) Nashik,83161,60,251047,2153983.2,8.58,0.14,2664.48,36448,34218.36,TRUE,9/20/13,9/12/13,,
104-CI-T30,FPQ-11253,SO-44201,DN-3329,Côte d'Ivoire,PMO - US,From RDC,N/A - From RDC,Truck,ARV,Adult,SCMS from RDC,"Lamivudine/Zidovudine 150/300mg, tablets, 60 Tabs",Lamivudine/Zidovudine,Generic,150/300mg,Tablet - FDC,Hetero Unit III Hyderabad IN,83162,60,3922,28512.94,7.27,0.12,35.27,,,FALSE,9/30/13,9/20/13,,
111-MZ-T30,FPQ-11033,SO-43775,DN-3338,Mozambique,PMO - US,From RDC,N/A - From RDC,Truck,ARV,Adult,SCMS from RDC,"Efavirenz/Lamivudine/Tenofovir Disoproxil Fumarate 600/300/300mg, tablets, 30 Tabs",Efavirenz/Lamivudine/Tenofovir Disoproxil Fumarate,Generic,600/300/300mg,Tablet - FDC,Mylan (formerly Matrix) Nashik,83163,30,15246,169992.9,11.15,0.37,210.28,,5902.4,TRUE,10/31/13,10/31/13,,
107-RW-T30,FPQ-12190,SO-45370,DN-3341,Rwanda,PMO - US,From RDC,N/A - From RDC,Truck,ARV,Adult,SCMS from RDC,"Nevirapine 200mg, tablets, 60 Tabs",Nevirapine,Generic,200mg,Tablet,"Strides, Bangalore, India.",83164,60,41250,93225,2.26,0.04,115.32,2295,4390.98,TRUE,10/4/13,10/15/13,,
111-MZ-T30,FPQ-11884,SO-44866,DN-3350,Mozambique,PMO - US,From RDC,N/A - From RDC,Truck,ARV,Adult,SCMS from RDC,"Efavirenz/Lamivudine/Tenofovir Disoproxil Fumarate 600/300/300mg, tablets, 30 Tabs",Efavirenz/Lamivudine/Tenofovir Disoproxil Fumarate,Generic,600/300/300mg,Tablet - FDC,Mylan (formerly Matrix) Nashik,83165,30,16584,184911.6,11.15,0.37,228.74,3132,7700,TRUE,11/15/13,10/8/13,,
110-ZM-T30,FPQ-12066,SO-45091,DN-3361,Zambia,PMO - US,From RDC,N/A - From RDC,Truck,ARV,Adult,SCMS from RDC,"Nevirapine 200mg, tablets, 60 Tabs",Nevirapine,Generic,200mg,Tablet,Hetero Unit III Hyderabad IN,83172,60,180892,408815.9,2.26,0.04,505.71,6502,34400.04,TRUE,11/29/13,11/29/13,,
110-ZM-T30,FPQ-12066,SO-45091,DN-3361,Zambia,PMO - US,From RDC,N/A - From RDC,Truck,ARV,Adult,SCMS from RDC,"Nevirapine 200mg, tablets, 60 Tabs",Nevirapine,Generic,200mg,Tablet,"Aurobindo Unit III, India",83173,60,80000,180800,2.26,0.04,223.65,,,FALSE,11/29/13,11/29/13,,
104-CI-T30,FPQ-11253,SO-44210,DN-3371,Côte d'Ivoire,PMO - US,From RDC,N/A - From RDC,Truck,ARV,Adult,SCMS from RDC,"Lopinavir/Ritonavir 200/50mg [Aluvia], tablets, 120 Tabs",Lopinavir/Ritonavir,Aluvia,200/50mg,Tablet,ABBVIE Ludwigshafen Germany,83174,120,15119,305706.2,20.22,0.17,378.16,7541,27875.36,TRUE,10/31/13,10/22/13,,
111-MZ-T30,FPQ-12416,SO-45892,DN-3376,Mozambique,PMO - US,From RDC,N/A - From RDC,Truck,ARV,Adult,SCMS from RDC,"Lamivudine/Nevirapine/Zidovudine 150/200/300mg, tablets, 60 Tabs",Lamivudine/Nevirapine/Zidovudine,Generic,150/300/200mg,Tablet - FDC,Hetero Unit III Hyderabad IN,83175,60,38976,334414.1,8.58,0.14,413.67,7482,5846.08,TRUE,11/29/13,11/28/13,,
102-BI-T30,FPQ-12602,SO-46030,DN-3382,Burundi,PMO - US,From RDC,N/A - From RDC,Air,ARV,Adult,SCMS from RDC,"Lamivudine/Tenofovir Disoproxil Fumarate 300/300mg, tablets, 30 Tabs",Lamivudine/Tenofovir Disoproxil Fumarate,Generic,300/300mg,Tablet - FDC,Mylan (formerly Matrix) Nashik,83176,30,1920,9024,4.7,0.16,11.16,160,1527.29,TRUE,11/15/13,11/22/13,,
102-BI-T30,FPQ-12602,SO-46022,DN-3384,Burundi,PMO - US,From RDC,N/A - From RDC,Air,ARV,Adult,SCMS from RDC,"Lopinavir/Ritonavir 200/50mg, tablets, 120 Tabs",Lopinavir/Ritonavir,Generic,200/50mg,Tablet,Mylan (formerly Matrix) Nashik,83177,120,392,8232,21,0.18,10.18,105,1456.4,TRUE,11/22/13,12/5/13,,
114-UG-T30,FPQ-12255,SO-45590,DN-3386,Uganda,PMO - US,From RDC,N/A - From RDC,Truck,ARV,Adult,SCMS from RDC,"Lopinavir/Ritonavir 200/50mg [Aluvia], tablets, 120 Tabs",Lopinavir/Ritonavir,Aluvia,200/50mg,Tablet,ABBVIE Ludwigshafen Germany,83178,120,8760,177127.2,20.22,0.17,219.11,1798,5856.65,TRUE,11/15/13,11/22/13,,
109-TZ-T30,FPQ-13042,SO-46680,DN-3401,Tanzania,PMO - US,From RDC,N/A - From RDC,Truck,ARV,Adult,SCMS from RDC,"Nevirapine 200mg, tablets, 60 Tabs",Nevirapine,Generic,200mg,Tablet,Hetero Unit III Hyderabad IN,83180,60,31144,70385.44,2.26,0.04,87.07,10109,7134.39,TRUE,12/26/13,12/16/13,,
113-ZW-T30,FPQ-11545,SO-44360,DN-3413,Zimbabwe,PMO - US,From RDC,N/A - From RDC,Truck,ARV,Adult,SCMS from RDC,"Nevirapine 200mg, tablets, 60 Tabs",Nevirapine,Generic,200mg,Tablet,"Cipla, Goa, India",83181,60,51520,119011.2,2.31,0.04,147.22,19991,10942.88,TRUE,11/30/13,11/25/13,,
104-CI-T30,FPQ-12800,SO-46360,DN-3418,Côte d'Ivoire,PMO - US,From RDC,N/A - From RDC,Air,ARV,Pediatric,SCMS from RDC,"Zidovudine 10mg/ml, oral solution w/syringe, Bottle, 240 ml",Zidovudine,Generic,10mg/ml,Oral solution,"Aurobindo Unit III, India",83182,240,2133,4479.3,2.1,0.01,5.54,1784,4017.69,TRUE,12/16/13,12/2/13,,
104-CI-T30,FPQ-12800,SO-46410,DN-3420,Côte d'Ivoire,PMO - US,From RDC,N/A - From RDC,Truck,ARV,Adult,SCMS from RDC,"Lamivudine 150mg, tablets, 60 Tabs",Lamivudine,Generic,150mg,Tablet,"Strides, Bangalore, India.",83183,60,1700,3791,2.23,0.04,4.69,75,1556.99,TRUE,11/28/13,12/2/13,,
107-RW-T30,FPQ-12190,SO-45390,DN-3421,Rwanda,PMO - US,From RDC,N/A - From RDC,Truck,ARV,Adult,SCMS from RDC,"Nevirapine 200mg, tablets, 60 Tabs",Nevirapine,Generic,200mg,Tablet,"Aurobindo Unit III, India",83184,60,20124,45480.24,2.26,0.04,56.26,,,FALSE,1/31/14,12/23/13,,
105-GY-T30,FPQ-12619,SO-46090,DN-3425,Guyana,PMO - US,From RDC,N/A - From RDC,Air,ARV,Adult,SCMS from RDC,"Lamivudine 150mg, tablets, 60 Tabs",Lamivudine,Generic,150mg,Tablet,"Strides, Bangalore, India.",83185,60,161,359.03,2.23,0.04,0.44,,,FALSE,12/31/13,12/2/13,,
111-MZ-T30,FPQ-12416,SO-45893,DN-3428,Mozambique,PMO - US,From RDC,N/A - From RDC,Truck,ARV,Adult,SCMS from RDC,"Abacavir 300mg, tablets, 60 Tabs",Abacavir,Generic,300mg,Tablet,"Aurobindo Unit III, India",83186,60,1440,16502.4,11.46,0.19,20.41,4395,5816.47,TRUE,11/29/13,1/30/14,,
111-MZ-T30,FPQ-12416,SO-45893,DN-3428,Mozambique,PMO - US,From RDC,N/A - From RDC,Truck,ARV,Adult,SCMS from RDC,"Abacavir 300mg, tablets, 60 Tabs",Abacavir,Generic,300mg,Tablet,Mylan (formerly Matrix) Nashik,83187,60,6275,71911.5,11.46,0.19,88.95,,,FALSE,11/29/13,1/30/14,,
151-NG-T30,FPQ-12248,SO-47222,DN-3437,Nigeria,PMO - US,From RDC,N/A - From RDC,Air Charter,ARV,Adult,SCMS from RDC,"Lamivudine/Nevirapine/Zidovudine 150/200/300mg, tablets, 60 Tabs",Lamivudine/Nevirapine/Zidovudine,Generic,150/300/200mg,Tablet - FDC,"Cipla, Goa, India",83188,60,150000,1287000,8.58,0.14,1592.02,22942,26340,TRUE,11/18/13,11/26/13,,
151-NG-T30,FPQ-12248,SO-47222,DN-3437,Nigeria,PMO - US,From RDC,N/A - From RDC,Air Charter,ARV,Adult,SCMS from RDC,"Lamivudine/Nevirapine/Zidovudine 150/200/300mg, tablets, 60 Tabs",Lamivudine/Nevirapine/Zidovudine,Generic,150/300/200mg,Tablet - FDC,"Aurobindo Unit III, India",83189,60,961,8245.38,8.58,0.14,10.2,,,FALSE,11/18/13,11/26/13,,
151-NG-T30,FPQ-12248,SO-47223,DN-3438,Nigeria,PMO - US,From RDC,N/A - From RDC,Air Charter,ARV,Adult,SCMS from RDC,"Efavirenz/Lamivudine/Tenofovir Disoproxil Fumarate 600/300/300mg, tablets, 30 Tabs",Efavirenz/Lamivudine/Tenofovir Disoproxil Fumarate,Generic,600/300/300mg,Tablet - FDC,Hetero Unit III Hyderabad IN,83190,30,200000,2230000,11.15,0.37,2758.51,28992,26340,TRUE,11/18/13,11/26/13,,
110-ZM-T30,FPQ-12066,SO-45070,DN-3448,Zambia,PMO - US,From RDC,N/A - From RDC,Truck,ARV,Pediatric,SCMS from RDC,"Lamivudine/Nevirapine/Zidovudine 30/50/60mg, dispersible tablets, 60 Tabs",Lamivudine/Nevirapine/Zidovudine,Generic,30/50/60mg,Chewable/dispersible tablet - FDC,"Strides, Bangalore, India.",83193,60,37979,147738.31,3.89,0.06,182.75,1628,3526.69,TRUE,3/25/14,3/25/14,,
109-TZ-T30,FPQ-12354,SO-45741,DN-3454,Tanzania,PMO - US,From RDC,N/A - From RDC,Truck,ARV,Adult,SCMS from RDC,"Efavirenz/Lamivudine/Tenofovir Disoproxil Fumarate 600/300/300mg, tablets, 30 Tabs",Efavirenz/Lamivudine/Tenofovir Disoproxil Fumarate,Generic,600/300/300mg,Tablet - FDC,Mylan (formerly Matrix) Nashik,83194,30,68762,766696.3,11.15,0.37,948.4,8456,7134.39,TRUE,1/31/14,1/20/14,,
103-ZW-T30,FPQ-12086,SO-45130,DN-3457,Zimbabwe,PMO - US,From RDC,N/A - From RDC,Truck,ARV,Pediatric,SCMS from RDC,"Abacavir 20mg/ml, oral solution w/syringe, Bottle, 240 ml",Abacavir,Generic,20mg/ml,Oral solution,"Aurobindo Unit III, India",83195,240,194,1650.94,8.51,0.04,2.04,,,FALSE,1/31/14,1/13/14,,
109-TZ-T30,FPQ-12587,SO-45995,DN-3458,Tanzania,PMO - US,From RDC,N/A - From RDC,Truck,ARV,Adult,SCMS from RDC,"Emtricitabine/Tenofovir Disoproxil Fumarate 200/300mg, tablets, 30 Tabs",Emtricitabine/Tenofovir Disoproxil Fumarate,Generic,200/300mg,Tablet - FDC,"Aurobindo Unit III, India",83196,30,2178,12784.86,5.87,0.2,15.81,2304,5989.25,TRUE,12/31/13,2/25/14,,
151-NG-T30,FPQ-12248,SO-45662,DN-3476,Nigeria,PMO - US,From RDC,N/A - From RDC,Air Charter,ARV,Adult,SCMS from RDC,"Lamivudine/Nevirapine/Zidovudine 150/200/300mg, tablets, 60 Tabs",Lamivudine/Nevirapine/Zidovudine,Generic,150/300/200mg,Tablet - FDC,"Cipla, Goa, India",83198,60,100000,858000,8.58,0.14,1061.35,38992,49199.75,TRUE,1/17/14,1/10/14,,
107-RW-T30,FPQ-12190,SO-45392,DN-3480,Rwanda,PMO - US,From RDC,N/A - From RDC,Truck,ARV,Adult,SCMS from RDC,"Nevirapine 200mg, tablets, 60 Tabs",Nevirapine,Generic,200mg,Tablet,"Strides, Bangalore, India.",83199,60,64000,144640,2.26,0.04,178.92,3887,21032.82,TRUE,1/31/14,1/22/14,,
114-UG-T30,FPQ-13107,SO-46840,DN-3503,Uganda,PMO - US,From RDC,N/A - From RDC,Truck,ARV,Pediatric,SCMS from RDC,"Nevirapine 10mg/ml, oral suspension w/syringe, Bottle, 100 ml",Nevirapine,Generic,10mg/ml,Oral suspension,"Aurobindo Unit III, India",83200,100,15000,19500,1.3,0.01,20.05,2978,5458.46,TRUE,2/28/14,1/30/14,,
114-UG-T30,FPQ-12253,SO-45500,DN-3515,Uganda,PMO - US,From RDC,N/A - From RDC,Air,ARV,Pediatric,SCMS from RDC,"Abacavir/Lamivudine 60/30mg, tablets, 60 Tabs",Abacavir/Lamivudine,Generic,60/30mg,Tablet - FDC,"Aurobindo Unit III, India",83205,60,1446,5784,4,0.07,7.15,68,790.29,TRUE,1/31/14,2/17/14,,
111-MZ-T30,FPQ-12573,SO-46172,DN-3525,Mozambique,PMO - US,From RDC,N/A - From RDC,Truck,ARV,Adult,SCMS from RDC,"Lamivudine/Nevirapine/Stavudine 150/200/30mg, tablets, 60 Tabs",Lamivudine/Nevirapine/Stavudine,Generic,150/200/30mg,Tablet - FDC,Hetero Unit III Hyderabad IN,83206,60,47205,203925.6,4.32,0.07,252.26,,,FALSE,1/31/14,2/20/14,,
114-UG-T30,FPQ-12253,SO-45530,DN-3538,Uganda,PMO - US,From RDC,N/A - From RDC,Truck,ARV,Adult,SCMS from RDC,"Lamivudine/Tenofovir Disoproxil Fumarate 300/300mg, tablets, 30 Tabs",Lamivudine/Tenofovir Disoproxil Fumarate,Generic,300/300mg,Tablet - FDC,Hetero Unit III Hyderabad IN,83207,30,40800,191760,4.7,0.16,237.21,4187,16821.66,TRUE,2/28/14,3/7/14,,
151-NG-T30,FPQ-12801,SO-46541,DN-3542,Nigeria,PMO - US,From RDC,N/A - From RDC,Air Charter,ARV,Pediatric,SCMS from RDC,"Abacavir/Lamivudine 60/30mg, tablets, 60 Tabs",Abacavir/Lamivudine,Generic,60/30mg,Tablet - FDC,"Aurobindo Unit III, India",83208,60,5985,23940,4,0.07,29.61,576,30936.1,TRUE,3/7/14,2/10/14,,
104-CI-T30,FPQ-12800,SO-46371,DN-3544,Côte d'Ivoire,PMO - US,From RDC,N/A - From RDC,Air,ARV,Pediatric,SCMS from RDC,"Lamivudine/Nevirapine/Zidovudine 30/50/60mg, dispersible tablets, 60 Tabs",Lamivudine/Nevirapine/Zidovudine,Generic,30/50/60mg,Chewable/dispersible tablet - FDC,"Strides, Bangalore, India.",83209,60,10500,39375,3.75,0.06,48.71,574,4063.81,TRUE,2/28/14,2/18/14,,
103-ZW-T30,FPQ-12086,SO-45123,DN-3549,Zimbabwe,PMO - US,From RDC,N/A - From RDC,Truck,ARV,Pediatric,SCMS from RDC,"Efavirenz 200mg, scored tablets, 90 Tabs",Efavirenz,Generic,200mg,Tablet,"Strides, Bangalore, India.",83210,90,266,2473.8,9.3,0.1,3.06,17,1200,TRUE,3/31/14,2/11/14,,
101-CD-T30,FPQ-13554,SO-47630,DN-3561,"Congo, DRC",PMO - US,From RDC,N/A - From RDC,Air,ARV,Pediatric,SCMS from RDC,"Lamivudine/Nevirapine/Zidovudine 30/50/60mg, dispersible tablets, 60 Tabs",Lamivudine/Nevirapine/Zidovudine,Generic,30/50/60mg,Chewable/dispersible tablet - FDC,"Strides, Bangalore, India.",83212,60,1850,6937.5,3.75,0.06,7.13,,,FALSE,5/30/14,5/19/14,,
101-CD-T30,FPQ-13554,SO-47630,DN-3561,"Congo, DRC",PMO - US,From RDC,N/A - From RDC,Air,ARV,Adult,SCMS from RDC,"Tenofovir Disoproxil Fumarate 300mg, tablets, 30 Tabs",Tenofovir Disoproxil Fumarate,Generic,300mg,Tablet,Mylan (formerly Matrix) Nashik,83213,30,1240,5009.6,4.04,0.13,5.15,,,FALSE,5/30/14,5/19/14,,
105-GH-T30,FPQ-13609,SO-47940,DN-3576,Ghana,PMO - US,From RDC,N/A - From RDC,Truck,ARV,Adult,SCMS from RDC,"Lamivudine/Zidovudine 150/300mg, tablets, 60 Tabs",Lamivudine/Zidovudine,Generic,150/300mg,Tablet - FDC,Mylan (formerly Matrix) Nashik,83216,60,23000,154790,6.73,0.11,159.12,8701,3975.7,TRUE,3/20/14,3/14/14,,
107-RW-T30,FPQ-12766,SO-46480,DN-3579,Rwanda,PMO - US,From RDC,N/A - From RDC,Truck,ARV,Adult,SCMS from RDC,"Efavirenz/Lamivudine/Tenofovir Disoproxil Fumarate 600/300/300mg, tablets, 30 Tabs",Efavirenz/Lamivudine/Tenofovir Disoproxil Fumarate,Generic,600/300/300mg,Tablet - FDC,"Aurobindo Unit VII, IN",83217,30,50000,543500,10.87,0.36,672.31,22442,12995.06,TRUE,3/28/14,4/2/14,,
107-RW-T30,FPQ-12766,SO-46480,DN-3579,Rwanda,PMO - US,From RDC,N/A - From RDC,Truck,ARV,Adult,SCMS from RDC,"Lamivudine/Tenofovir Disoproxil Fumarate 300/300mg, tablets, 30 Tabs",Lamivudine/Tenofovir Disoproxil Fumarate,Generic,300/300mg,Tablet - FDC,"Aurobindo Unit VII, IN",83218,30,68517,322029.9,4.7,0.16,398.35,,,FALSE,3/28/14,4/2/14,,
103-SS-T30,FPQ-13173,SO-47100,DN-3581,South Sudan,PMO - US,From RDC,N/A - From RDC,Air,ARV,Adult,SCMS from RDC,"Lamivudine/Tenofovir Disoproxil Fumarate 300/300mg, tablets, 30 Tabs",Lamivudine/Tenofovir Disoproxil Fumarate,Generic,300/300mg,Tablet - FDC,"Aurobindo Unit VII, IN",83219,30,1447,6800.9,4.7,0.16,6.99,592,6169,TRUE,3/31/14,3/21/14,,
103-SS-T30,FPQ-13173,SO-47100,DN-3581,South Sudan,PMO - US,From RDC,N/A - From RDC,Air,ARV,Adult,SCMS from RDC,"Efavirenz/Lamivudine/Tenofovir Disoproxil Fumarate 600/300/300mg, tablets, 30 Tabs",Efavirenz/Lamivudine/Tenofovir Disoproxil Fumarate,Generic,600/300/300mg,Tablet - FDC,Mylan (formerly Matrix) Nashik,83220,30,1278,13891.86,10.87,0.36,14.28,,,FALSE,3/31/14,3/21/14,,
103-SS-T30,FPQ-13173,SO-47100,DN-3581,South Sudan,PMO - US,From RDC,N/A - From RDC,Air,ARV,Pediatric,SCMS from RDC,"Lamivudine/Nevirapine/Zidovudine 30/50/60mg, dispersible tablets, 60 Tabs",Lamivudine/Nevirapine/Zidovudine,Generic,30/50/60mg,Chewable/dispersible tablet - FDC,Mylan (formerly Matrix) Nashik,83221,60,549,2058.75,3.75,0.06,2.12,,,FALSE,3/31/14,3/21/14,,
105-GY-T30,FPQ-13071,SO-46810,DN-3577,Guyana,PMO - US,From RDC,N/A - From RDC,Air,ARV,Adult,SCMS from RDC,"Emtricitabine/Tenofovir Disoproxil Fumarate 200/300mg, tablets, 30 Tabs",Emtricitabine/Tenofovir Disoproxil Fumarate,Generic,200/300mg,Tablet - FDC,"Aurobindo Unit III, India",83222,30,2881,16911.47,5.87,0.2,17.38,274,4268.06,TRUE,4/5/14,4/16/14,,
105-GY-T30,FPQ-13071,SO-46800,DN-3585,Guyana,PMO - US,From RDC,N/A - From RDC,Air,ARV,Pediatric,SCMS from RDC,"Lamivudine 10mg/ml, oral solution w/syringe, Bottle, 240 ml",Lamivudine,Generic,10mg/ml,Oral solution,"Aurobindo Unit III, India",83223,240,118,171.1,1.45,0.01,0.18,552,7317.96,TRUE,3/31/14,4/3/14,,
106-HT-T30,FPQ-13608,SO-47690,DN-3586,Haiti,PMO - US,From RDC,N/A - From RDC,Air,ARV,Adult,SCMS from RDC,"Tenofovir Disoproxil Fumarate 300mg, tablets, 30 Tabs",Tenofovir Disoproxil Fumarate,Generic,300mg,Tablet,Mylan (formerly Matrix) Nashik,83224,30,60,242.4,4.04,0.13,0.25,6528,63922.3,TRUE,3/30/14,3/24/14,,
113-ZW-T30,FPQ-12950,SO-46620,DN-3588,Zimbabwe,PMO - US,From RDC,N/A - From RDC,Truck,ARV,Adult,SCMS from RDC,"Efavirenz/Lamivudine/Tenofovir Disoproxil Fumarate 600/300/300mg, tablets, 30 Tabs",Efavirenz/Lamivudine/Tenofovir Disoproxil Fumarate,Generic,600/300/300mg,Tablet - FDC,"Aurobindo Unit VII, IN",83225,30,8977,100093.55,11.15,0.37,123.82,65471,64802.96,TRUE,5/6/14,3/21/14,,
113-ZW-T30,FPQ-12950,SO-46620,DN-3588,Zimbabwe,PMO - US,From RDC,N/A - From RDC,Truck,ARV,Adult,SCMS from RDC,"Efavirenz/Lamivudine/Tenofovir Disoproxil Fumarate 600/300/300mg, tablets, 30 Tabs",Efavirenz/Lamivudine/Tenofovir Disoproxil Fumarate,Generic,600/300/300mg,Tablet - FDC,Hetero Unit III Hyderabad IN,83226,30,360000,4014000,11.15,0.37,4965.32,,,FALSE,5/6/14,3/21/14,,
109-TZ-T30,FPQ-13042,SO-46670,DN-3592,Tanzania,PMO - US,From RDC,N/A - From RDC,Truck,ARV,Pediatric,SCMS from RDC,"Lamivudine/Nevirapine/Zidovudine 30/50/60mg, dispersible tablets, 60 Tabs",Lamivudine/Nevirapine/Zidovudine,Generic,30/50/60mg,Chewable/dispersible tablet - FDC,Mylan (formerly Matrix) Nashik,83227,60,102980,386175,3.75,0.06,477.7,5687,6010.2,TRUE,4/8/14,4/8/14,,
114-UG-T30,FPQ-13107,SO-46861,DN-3608,Uganda,PMO - US,From RDC,N/A - From RDC,Truck,ARV,Adult,SCMS from RDC,"Efavirenz/Lamivudine/Tenofovir Disoproxil Fumarate 600/300/300mg, tablets, 30 Tabs",Efavirenz/Lamivudine/Tenofovir Disoproxil Fumarate,Generic,600/300/300mg,Tablet - FDC,Hetero Unit III Hyderabad IN,83228,30,30874,344245.1,11.15,0.37,353.88,4133,24362.92,TRUE,7/4/14,7/15/14,,
107-RW-T30,FPQ-13839,SO-48170,DN-3611,Rwanda,PMO - US,From RDC,N/A - From RDC,Truck,ARV,Pediatric,SCMS from RDC,"Nevirapine 10mg/ml, oral suspension w/syringe, Bottle, 240 ml",Nevirapine,Generic,10mg/ml,Oral suspension,"Aurobindo Unit III, India",83229,240,2216,4121.76,1.86,0.01,4.24,1412,4609.68,TRUE,5/20/14,3/4/14,,
104-CI-T30,FPQ-13142,SO-47140,DN-3575,Côte d'Ivoire,PMO - US,From RDC,N/A - From RDC,Truck,ARV,Pediatric,SCMS from RDC,"Lamivudine 10mg/ml, oral solution w/syringe, Bottle, 240 ml",Lamivudine,Generic,10mg/ml,Oral solution,"Aurobindo Unit III, India",83230,240,8000,11440,1.43,0.01,11.76,2933,11961.04,TRUE,3/18/14,3/10/14,,
107-RW-T30,FPQ-12190,SO-45393,DN-3617,Rwanda,PMO - US,From RDC,N/A - From RDC,Truck,ARV,Adult,SCMS from RDC,"Nevirapine 200mg, tablets, 60 Tabs",Nevirapine,Generic,200mg,Tablet,"Aurobindo Unit III, India",83231,60,24436,55225.36,2.26,0.04,68.31,2342,5445.73,TRUE,5/6/14,5/6/14,,
111-MZ-T30,FPQ-13124,SO-47051,DN-3624,Mozambique,PMO - US,From RDC,N/A - From RDC,Truck,ARV,Adult,SCMS from RDC,"Lamivudine/Tenofovir Disoproxil Fumarate 300/300mg, tablets, 30 Tabs",Lamivudine/Tenofovir Disoproxil Fumarate,Generic,300/300mg,Tablet - FDC,Hetero Unit III Hyderabad IN,83232,30,3464,16280.8,4.7,0.16,16.74,359,,TRUE,6/30/14,6/3/14,,
110-ZM-T30,FPQ-13221,SO-47202,DN-3625,Zambia,PMO - US,From RDC,N/A - From RDC,Truck,ARV,Adult,SCMS from RDC,"Lopinavir/Ritonavir 200/50mg, tablets, 120 Tabs",Lopinavir/Ritonavir,Generic,200/50mg,Tablet,"Aurobindo Unit III, India",83233,120,25482,521871.38,20.48,0.17,536.48,7140,47532.09,TRUE,5/6/14,6/4/14,,
111-MZ-T30,FPQ-13124,SO-47041,DN-3628,Mozambique,PMO - US,From RDC,N/A - From RDC,Truck,ARV,Adult,SCMS from RDC,"Efavirenz/Lamivudine/Tenofovir Disoproxil Fumarate 600/300/300mg, tablets, 30 Tabs",Efavirenz/Lamivudine/Tenofovir Disoproxil Fumarate,Generic,600/300/300mg,Tablet - FDC,Mylan (formerly Matrix) Nashik,83234,30,177954,1984187.1,11.15,0.37,2039.74,88761,55287.91,TRUE,6/14/14,6/24/14,,
111-MZ-T30,FPQ-13124,SO-47041,DN-3628,Mozambique,PMO - US,From RDC,N/A - From RDC,Truck,ARV,Adult,SCMS from RDC,"Efavirenz/Lamivudine/Tenofovir Disoproxil Fumarate 600/300/300mg, tablets, 30 Tabs",Efavirenz/Lamivudine/Tenofovir Disoproxil Fumarate,Generic,600/300/300mg,Tablet - FDC,Mylan (formerly Matrix) Nashik,83235,30,263351,2936363.8,11.15,0.37,3018.58,,,FALSE,6/14/14,6/24/14,,
110-ZM-T30,FPQ-12066,SO-45093,DN-3647,Zambia,PMO - US,From RDC,N/A - From RDC,Truck,ARV,Adult,SCMS from RDC,"Nevirapine 200mg, tablets, 60 Tabs",Nevirapine,Generic,200mg,Tablet,Hetero Unit III Hyderabad IN,83236,60,54470,120378.7,2.21,0.04,148.91,3360,9527.17,TRUE,5/10/14,5/19/14,,
104-CI-T30,FPQ-13142,SO-47130,DN-3655,Côte d'Ivoire,PMO - US,From RDC,N/A - From RDC,Truck,ARV,Adult,SCMS from RDC,"Lamivudine/Nevirapine/Zidovudine 150/200/300mg, tablets, 60 Tabs",Lamivudine/Nevirapine/Zidovudine,Generic,150/300/200mg,Tablet - FDC,"Strides, Bangalore, India.",83237,60,100000,811000,8.11,0.14,833.71,12199,46520.17,TRUE,4/21/14,5/1/14,,
106-HT-T30,FPQ-13648,SO-47810,DN-3660,Haiti,PMO - US,From RDC,N/A - From RDC,Air,ARV,Adult,SCMS from RDC,"Lamivudine/Zidovudine 150/300mg, tablets, 60 Tabs",Lamivudine/Zidovudine,Generic,150/300mg,Tablet - FDC,Hetero Unit III Hyderabad IN,83238,60,13626,91702.98,6.73,0.11,94.27,1216,5698.48,TRUE,5/7/14,6/12/14,,
151-NG-T30,FPQ-13293,SO-47282,DN-3662,Nigeria,PMO - US,From RDC,N/A - From RDC,Air Charter,ARV,Pediatric,SCMS from RDC,"Lamivudine/Nevirapine/Zidovudine 30/50/60mg, dispersible tablets, 60 Tabs",Lamivudine/Nevirapine/Zidovudine,Generic,30/50/60mg,Chewable/dispersible tablet - FDC,"Strides, Bangalore, India.",83239,60,70000,272300,3.89,0.06,279.92,3376,29674.91,TRUE,5/6/14,4/17/14,,
104-CI-T30,FPQ-11254,SO-44141,DN-3681,Côte d'Ivoire,PMO - US,From RDC,N/A - From RDC,Truck,ARV,Pediatric,SCMS from RDC,"Lamivudine/Nevirapine/Zidovudine 30/50/60mg, dispersible tablets, 60 Tabs",Lamivudine/Nevirapine/Zidovudine,Generic,30/50/60mg,Chewable/dispersible tablet - FDC,Mylan (formerly Matrix) Nashik,83244,60,3200,12000,3.75,0.06,14.84,166,1137.18,TRUE,5/15/14,5/12/14,,
104-CI-T30,FPQ-13142,SO-47160,DN-3685,Côte d'Ivoire,PMO - US,From RDC,N/A - From RDC,Truck,ARV,Adult,SCMS from RDC,"Lamivudine 150mg, tablets, 60 Tabs",Lamivudine,Generic,150mg,Tablet,"Aurobindo Unit III, India",83245,60,1379,2399.46,1.74,0.03,2.47,157,926.7,TRUE,5/30/14,5/12/14,,
101-CD-T30,FPQ-13554,SO-47632,DN-3715,"Congo, DRC",PMO - US,From RDC,N/A - From RDC,Air,ARV,Adult,SCMS from RDC,"Zidovudine 300mg, tablets, 60 Tabs",Zidovudine,Generic,300mg,Tablet,"Aurobindo Unit III, India",83246,60,380,2120.4,5.58,0.09,2.18,21,895.38,TRUE,5/30/14,8/15/14,,
109-TZ-T30,FPQ-12587,SO-46005,DN-3759,Tanzania,PMO - US,From RDC,N/A - From RDC,Truck,ARV,Adult,SCMS from RDC,"Lopinavir/Ritonavir 200/50mg [Aluvia], tablets, 120 Tabs",Lopinavir/Ritonavir,Aluvia,200/50mg,Tablet,ABBVIE Ludwigshafen Germany,83249,120,10724,202683.6,18.9,0.16,250.72,2209,2994.63,TRUE,6/30/14,6/24/14,,
104-CI-T30,FPQ-13142,SO-47133,DN-3761,Côte d'Ivoire,PMO - US,From RDC,N/A - From RDC,Truck,ARV,Pediatric,SCMS from RDC,"Lamivudine 10mg/ml, oral solution w/syringe, Bottle, 240 ml",Lamivudine,Generic,10mg/ml,Oral solution,"Aurobindo Unit III, India",83250,240,4243,6067.49,1.43,0.01,6.24,1485,6819.73,TRUE,6/16/14,6/16/14,,
110-ZM-T30,FPQ-14105,SO-48652,DN-3877,Zambia,PMO - US,From RDC,N/A - From RDC,Truck,ARV,Adult,SCMS from RDC,"Lamivudine/Zidovudine 150/300mg, tablets, 60 Tabs",Lamivudine/Zidovudine,Generic,150/300mg,Tablet - FDC,"Aurobindo Unit III, India",83254,60,13535,88248.2,6.52,0.11,90.72,3704,4562.72,TRUE,9/4/14,9/23/14,,
111-MZ-T30,FPQ-14226,SO-48883,DN-3875,Mozambique,PMO - US,From RDC,N/A - From RDC,Truck,ARV,Adult,SCMS from RDC,"Efavirenz 600mg, tablets, 30 Tabs",Efavirenz,Generic,600mg,Tablet,"Cipla, Goa, India",83255,30,30860,99060.6,3.21,0.11,101.83,19965,14767.58,TRUE,12/31/14,10/30/14,,
111-MZ-T30,FPQ-14226,SO-48883,DN-3875,Mozambique,PMO - US,From RDC,N/A - From RDC,Truck,ARV,Adult,SCMS from RDC,"Efavirenz/Lamivudine/Tenofovir Disoproxil Fumarate 600/300/300mg, tablets, 30 Tabs",Efavirenz/Lamivudine/Tenofovir Disoproxil Fumarate,Generic,600/300/300mg,Tablet - FDC,Cipla Ltd A-42 MIDC Mahar. IN,83256,30,36000,388080,10.78,0.36,398.95,,,FALSE,12/31/14,10/30/14,,
151-NG-T30,FPQ-13293,SO-47286,DN-3792,Nigeria,PMO - US,From RDC,N/A - From RDC,Air Charter,ARV,Adult,SCMS from RDC,"Lamivudine/Zidovudine 150/300mg, tablets, 60 Tabs",Lamivudine/Zidovudine,Generic,150/300mg,Tablet - FDC,Mylan (formerly Matrix) Nashik,83259,60,29796,194269.92,6.52,0.11,199.71,5862,28812.57,TRUE,6/30/14,6/20/14,,
104-CI-T30,FPQ-13628,SO-47880,DN-3803,Côte d'Ivoire,PMO - US,From RDC,N/A - From RDC,Truck,ARV,Adult,SCMS from RDC,"Efavirenz/Lamivudine/Tenofovir Disoproxil Fumarate 600/300/300mg, tablets, 30 Tabs",Efavirenz/Lamivudine/Tenofovir Disoproxil Fumarate,Generic,600/300/300mg,Tablet - FDC,Hetero Unit III Hyderabad IN,83260,30,47116,507910.47,10.78,0.36,522.13,7295,28669.4,TRUE,11/28/14,7/9/14,,
104-CI-T30,FPQ-13628,SO-47880,DN-3803,Côte d'Ivoire,PMO - US,From RDC,N/A - From RDC,Truck,ARV,Adult,SCMS from RDC,"Lamivudine/Tenofovir Disoproxil Fumarate 300/300mg, tablets, 30 Tabs",Lamivudine/Tenofovir Disoproxil Fumarate,Generic,300/300mg,Tablet - FDC,Hetero Unit III Hyderabad IN,83262,30,10000,46300,4.63,0.15,47.6,,,FALSE,11/28/14,7/9/14,,
109-TZ-T30,FPQ-13042,SO-46730,DN-3813,Tanzania,PMO - US,From RDC,N/A - From RDC,Truck,ARV,Pediatric,SCMS from RDC,"Lamivudine/Zidovudine 30/60mg, tablets, 60 Tabs",Lamivudine/Zidovudine,Generic,30/60mg,Tablet - FDC,Mylan (formerly Matrix) Nashik,83263,60,15639,31121.61,1.99,0.03,38.5,590,5399.25,TRUE,8/29/14,8/27/14,,
113-ZW-T30,FPQ-13508,SO-47540,DN-3825,Zimbabwe,PMO - US,From RDC,N/A - From RDC,Truck,ARV,Adult,SCMS from RDC,"Nevirapine 200mg, tablets, 60 Tabs",Nevirapine,Generic,200mg,Tablet,"Cipla, Goa, India",83264,60,120000,261600,2.18,0.04,268.92,,,FALSE,9/30/14,6/29/14,,
101-CD-T30,FPQ-14252,SO-48850,DN-3843,"Congo, DRC",PMO - US,From RDC,N/A - From RDC,Air,ARV,Pediatric,SCMS from RDC,"Efavirenz 200mg, scored tablets, 90 Tabs",Efavirenz,Generic,200mg,Tablet,"Strides, Bangalore, India.",83266,90,710,6603,9.3,0.1,6.79,,,FALSE,8/13/14,9/24/14,,
111-MZ-T30,FPQ-13123,SO-47080,DN-3828,Mozambique,PMO - US,From RDC,N/A - From RDC,Truck,ARV,Adult,SCMS from RDC,"Abacavir 300mg, tablets, 60 Tabs",Abacavir,Generic,300mg,Tablet,Mylan (formerly Matrix) Nashik,83267,60,3700,41551,11.23,0.19,42.71,,,FALSE,8/29/14,11/5/14,,
100-ZM-T30,FPQ-13679,SO-48011,DN-3862,Zambia,PMO - US,From RDC,N/A - From RDC,Truck,ARV,Adult,SCMS from RDC,"Abacavir 300mg, tablets, 60 Tabs",Abacavir,Generic,300mg,Tablet,"Aurobindo Unit III, India",83271,60,4636,52664.96,11.36,0.19,54.14,458,4130.15,TRUE,8/6/14,8/6/14,,
111-MZ-T30,FPQ-13394,SO-47460,DN-3872,Mozambique,PMO - US,From RDC,N/A - From RDC,Truck,ARV,Adult,SCMS from RDC,"Lamivudine/Nevirapine/Zidovudine 150/200/300mg, tablets, 60 Tabs",Lamivudine/Nevirapine/Zidovudine,Generic,150/300/200mg,Tablet - FDC,"Cipla, Goa, India",83272,60,85490,693323.9,8.11,0.14,712.74,,,FALSE,9/30/14,10/27/14,,
901-NA-T30,FPQ-14723,SO-49510,DN-3906,Namibia,PMO - US,From RDC,N/A - From RDC,Air,ARV,Adult,SCMS from RDC,"Lamivudine/Tenofovir Disoproxil Fumarate 300/300mg, tablets, 30 Tabs",Lamivudine/Tenofovir Disoproxil Fumarate,Generic,300/300mg,Tablet - FDC,Hetero Unit III Hyderabad IN,83273,30,45000,208350,4.63,0.15,214.18,4688,32063.3,TRUE,9/30/14,9/2/14,,
151-NG-T30,FPQ-13704,SO-48320,DN-3918,Nigeria,PMO - US,From RDC,N/A - From RDC,Air Charter,ARV,Adult,SCMS from RDC,"Lamivudine/Zidovudine 150/300mg, tablets, 60 Tabs",Lamivudine/Zidovudine,Generic,150/300mg,Tablet - FDC,Hetero Unit III Hyderabad IN,83274,60,194265,1307403.5,6.73,0.11,1344.01,19976,67504,TRUE,9/30/14,9/3/14,,
901-NA-T30,FPQ-14670,SO-49560,DN-3907,Namibia,PMO - US,From RDC,N/A - From RDC,Truck,ARV,Adult,SCMS from RDC,"Efavirenz 600mg, tablets, 30 Tabs",Efavirenz,Generic,600mg,Tablet,"Cipla, Goa, India",83275,30,29369,94274.49,3.21,0.11,96.91,,,FALSE,9/30/14,9/15/14,,
107-RW-T30,FPQ-14111,SO-48780,DN-3931,Rwanda,PMO - US,From RDC,N/A - From RDC,Air,ARV,Pediatric,SCMS from RDC,"Lamivudine/Nevirapine/Zidovudine 30/50/60mg, dispersible tablets, 60 Tabs",Lamivudine/Nevirapine/Zidovudine,Generic,30/50/60mg,Chewable/dispersible tablet - FDC,"Strides, Bangalore, India.",83277,60,2196,8235,3.75,0.06,8.47,98,993.2,TRUE,10/31/14,9/24/14,,
109-TZ-T30,FPQ-13566,SO-47654,DN-3932,Tanzania,PMO - US,From RDC,N/A - From RDC,Truck,ARV,Pediatric,SCMS from RDC,"Lamivudine/Zidovudine 30/60mg, dispersible tablets, 60 Tabs",Lamivudine/Zidovudine,Generic,30/60mg,Chewable/dispersible tablet - FDC,"Cipla, Goa, India",83278,60,11688,25129.2,2.15,0.04,25.83,1673,5364.61,TRUE,10/31/14,10/22/14,,
111-MZ-T30,FPQ-13166,SO-47610,DN-3935,Mozambique,PMO - US,From RDC,N/A - From RDC,Truck,ARV,Adult,SCMS from RDC,"Abacavir/Lamivudine 600/300mg, tablets, 30 Tabs",Abacavir/Lamivudine,Generic,600/300mg,Tablet - FDC,"Cipla, Patalganga, India",83279,30,1934,26147.68,13.52,0.45,26.88,195,63.07,TRUE,10/31/14,10/30/14,,
111-MZ-T30,FPQ-14226,SO-48885,DN-3957,Mozambique,PMO - US,From RDC,N/A - From RDC,Truck,ARV,Adult,SCMS from RDC,"Efavirenz/Lamivudine/Tenofovir Disoproxil Fumarate 600/300/300mg, tablets, 30 Tabs",Efavirenz/Lamivudine/Tenofovir Disoproxil Fumarate,Generic,600/300/300mg,Tablet - FDC,Mylan (formerly Matrix) Nashik,83283,30,460041,4959242,10.78,0.36,5098.1,56314,53110.46,TRUE,12/31/14,12/1/14,,
105-GY-T30,FPQ-14650,SO-49360,DN-3977,Guyana,PMO - US,From RDC,N/A - From RDC,Air,ARV,Adult,SCMS from RDC,"Lopinavir/Ritonavir 200/50mg, tablets, 120 Tabs",Lopinavir/Ritonavir,Generic,200/50mg,Tablet,Mylan (formerly Matrix) Nashik,83284,120,1819,35761.54,19.66,0.16,36.76,473,6001.52,TRUE,12/31/14,11/26/14,,
110-ZM-T30,FPQ-14162,SO-48691,DN-3979,Zambia,PMO - US,From RDC,N/A - From RDC,Truck,ARV,Adult,SCMS from RDC,"Zidovudine 300mg, tablets, 60 Tabs",Zidovudine,Generic,300mg,Tablet,"Aurobindo Unit III, India",83285,60,13709,74439.87,5.43,0.09,76.52,797,3340.5,TRUE,12/31/14,11/19/14,,
101-CD-T30,FPQ-14576,SO-49310,DN-3954,"Congo, DRC",PMO - US,From RDC,N/A - From RDC,Air,ARV,Adult,SCMS from RDC,"Zidovudine 300mg, tablets, 60 Tabs",Zidovudine,Generic,300mg,Tablet,"Aurobindo Unit III, India",83286,60,1400,7616,5.44,0.09,7.83,,,FALSE,4/14/15,4/14/15,,
101-CD-T30,FPQ-14576,SO-49310,DN-3954,"Congo, DRC",PMO - US,From RDC,N/A - From RDC,Air,ARV,Pediatric,SCMS from RDC,"Nevirapine 10mg/ml, oral suspension w/syringe, Bottle, 240 ml",Nevirapine,Generic,10mg/ml,Oral suspension,"Aurobindo Unit III, India",83287,240,590,890.9,1.51,0.01,0.92,,,FALSE,4/14/15,4/14/15,,
114-UG-T30,FPQ-14396,SO-48970,DN-4008,Uganda,PMO - US,From RDC,N/A - From RDC,Truck,ARV,Pediatric,SCMS from RDC,"Abacavir/Lamivudine 60/30mg, tablets, 60 Tabs",Abacavir/Lamivudine,Generic,60/30mg,Tablet - FDC,Mylan (formerly Matrix) Nashik,83288,60,9308,38069.72,4.09,0.07,39.14,,,FALSE,11/28/14,12/3/14,,
110-ZM-T30,FPQ-14162,SO-48690,DN-4018,Zambia,PMO - US,From RDC,N/A - From RDC,Truck,ARV,Adult,SCMS from RDC,"Zidovudine 300mg, tablets, 60 Tabs",Zidovudine,Generic,300mg,Tablet,"Aurobindo Unit III, India",83289,60,5281,29045.5,5.5,0.09,29.86,312,401.82,TRUE,1/30/15,2/1/15,,
114-UG-T30,FPQ-14396,SO-48993,DN-4041,Uganda,PMO - US,From RDC,N/A - From RDC,Truck,ARV,Adult,SCMS from RDC,"Efavirenz/Lamivudine/Tenofovir Disoproxil Fumarate 600/300/300mg, tablets, 30 Tabs",Efavirenz/Lamivudine/Tenofovir Disoproxil Fumarate,Generic,600/300/300mg,Tablet - FDC,"Aurobindo Unit VII, IN",83291,30,29247,315282.66,10.78,0.36,324.11,5324,8248.28,TRUE,2/16/15,1/24/15,,
114-UG-T30,FPQ-14396,SO-48993,DN-4041,Uganda,PMO - US,From RDC,N/A - From RDC,Truck,ARV,Pediatric,SCMS from RDC,"Abacavir/Lamivudine 60/30mg, tablets, 60 Tabs",Abacavir/Lamivudine,Generic,60/30mg,Tablet - FDC,Mylan (formerly Matrix) Nashik,83292,60,276,1128.84,4.09,0.07,1.16,,,FALSE,2/16/15,1/24/15,,
107-RW-T30,FPQ-14811,SO-49952,DN-4043,Rwanda,PMO - US,From RDC,N/A - From RDC,Truck,ARV,Pediatric,SCMS from RDC,"Abacavir/Lamivudine 60/30mg, dispersible tablets, 60 Tabs",Abacavir/Lamivudine,Generic,60/30mg,Chewable/dispersible tablet - FDC,"Cipla, Patalganga, India",83293,60,6030,30692.7,5.09,0.08,31.55,542,4649.71,TRUE,1/14/15,12/24/14,,
151-NG-T30,FPQ-13704,SO-48311,DN-4053,Nigeria,PMO - US,From RDC,N/A - From RDC,Air Charter,ARV,Adult,SCMS from RDC,"Abacavir/Lamivudine 600/300mg, tablets, 30 Tabs",Abacavir/Lamivudine,Generic,600/300mg,Tablet - FDC,Mylan (formerly Matrix) Nashik,83294,30,558,7544.16,13.52,0.45,7.76,49,181.92,TRUE,1/26/15,12/29/14,,
111-MZ-T30,FPQ-14226,SO-48887,DN-4051,Mozambique,PMO - US,From RDC,N/A - From RDC,Truck,ARV,Adult,SCMS from RDC,"Lamivudine/Nevirapine/Stavudine 150/200/30mg, tablets, 60 Tabs",Lamivudine/Nevirapine/Stavudine,Generic,150/200/30mg,Tablet - FDC,Hetero Unit III Hyderabad IN,83295,60,46962,202875.84,4.32,0.07,208.56,5097,,TRUE,3/23/15,3/23/15,,
107-RW-T30,FPQ-14811,SO-49950,DN-4085,Rwanda,PMO - US,From RDC,N/A - From RDC,Truck,ARV,Pediatric,SCMS from RDC,"Abacavir/Lamivudine 60/30mg, dispersible tablets, 60 Tabs",Abacavir/Lamivudine,Generic,60/30mg,Chewable/dispersible tablet - FDC,"Cipla, Patalganga, India",83300,60,1296,6596.64,5.09,0.08,6.78,,,FALSE,1/30/15,2/9/15,,
107-RW-T30,FPQ-14111,SO-48812,DN-4088,Rwanda,PMO - US,From RDC,N/A - From RDC,Truck,ARV,Adult,SCMS from RDC,"Nevirapine 200mg, tablets, 60 Tabs",Nevirapine,Generic,200mg,Tablet,"Micro labs, Verna, Goa, India",83301,60,157062,347107.03,2.21,0.04,356.83,15302,12757,TRUE,2/27/15,2/28/15,,
104-CI-T30,FPQ-14370,SO-49060,DN-4093,Côte d'Ivoire,PMO - US,From RDC,N/A - From RDC,Truck,ARV,Adult,SCMS from RDC,"Lamivudine/Tenofovir Disoproxil Fumarate 300/300mg, tablets, 30 Tabs",Lamivudine/Tenofovir Disoproxil Fumarate,Generic,300/300mg,Tablet - FDC,"Cipla, Kurkumbh, India",83302,30,20000,92600,4.63,0.15,95.19,2000,8499.16,TRUE,1/30/15,3/12/15,,
104-CI-T30,FPQ-14370,SO-49053,DN-4094,Côte d'Ivoire,PMO - US,From RDC,N/A - From RDC,Truck,ARV,Adult,SCMS from RDC,"Lamivudine/Tenofovir Disoproxil Fumarate 300/300mg, tablets, 30 Tabs",Lamivudine/Tenofovir Disoproxil Fumarate,Generic,300/300mg,Tablet - FDC,"Cipla, Kurkumbh, India",83303,30,30000,138900,4.63,0.15,142.79,3000,12748.74,TRUE,2/16/15,3/12/15,,
111-MZ-T30,FPQ-14843,SO-49710,DN-4096,Mozambique,PMO - US,From RDC,N/A - From RDC,Truck,ARV,Adult,SCMS from RDC,"Efavirenz/Lamivudine/Tenofovir Disoproxil Fumarate 600/300/300mg, tablets, 30 Tabs",Efavirenz/Lamivudine/Tenofovir Disoproxil Fumarate,Generic,600/300/300mg,Tablet - FDC,Hetero Unit III Hyderabad IN,83304,30,15654,152783.05,9.76,0.33,157.06,112027,79514.44,TRUE,2/28/15,3/13/15,,
114-UG-T30,FPQ-15638,SO-50640,DN-4105,Uganda,PMO - US,From RDC,N/A - From RDC,Truck,ARV,Adult,SCMS from RDC,"Lopinavir/Ritonavir 200/50mg [Aluvia], tablets, 120 Tabs",Lopinavir/Ritonavir,Aluvia,200/50mg,Tablet,ABBVIE Ludwigshafen Germany,83305,120,9833,185843.7,18.9,0.16,218.74,2033,9482.19,TRUE,2/27/15,2/25/15,,
111-MZ-T30,FPQ-14226,SO-48886,DN-4115,Mozambique,PMO - US,From RDC,N/A - From RDC,Truck,ARV,Adult,SCMS from RDC,"Lamivudine/Zidovudine 150/300mg, tablets, 60 Tabs",Lamivudine/Zidovudine,Generic,150/300mg,Tablet - FDC,Hetero Unit III Hyderabad IN,83306,60,71377,471088.2,6.6,0.11,484.28,6842,8689.22,TRUE,3/16/15,3/30/15,,
107-RW-T30,FPQ-14811,SO-49970,DN-4125,Rwanda,PMO - US,From RDC,N/A - From RDC,Truck,ARV,Pediatric,SCMS from RDC,"Efavirenz 200mg, scored tablets, 90 Tabs",Efavirenz,Generic,200mg,Tablet,"Strides, Bangalore, India.",83308,90,2021,18795.3,9.3,0.1,19.32,132,1142,TRUE,2/27/15,2/25/15,,
151-NG-T30,FPQ-14156,SO-50880,DN-4132,Nigeria,PMO - US,From RDC,N/A - From RDC,Air Charter,ARV,Adult,SCMS from RDC,"Lamivudine/Tenofovir Disoproxil Fumarate 300/300mg, tablets, 30 Tabs",Lamivudine/Tenofovir Disoproxil Fumarate,Generic,300/300mg,Tablet - FDC,"Cipla, Kurkumbh, India",83309,30,95597,443570.1,4.64,0.15,455.99,10656,20992.67,TRUE,3/2/15,2/5/15,,
151-NG-T30,FPQ-14766,SO-49684,DN-4133,Nigeria,PMO - US,From RDC,N/A - From RDC,Air Charter,ARV,Adult,SCMS from RDC,"Lamivudine/Nevirapine/Zidovudine 150/200/300mg, tablets, 60 Tabs",Lamivudine/Nevirapine/Zidovudine,Generic,150/300/200mg,Tablet - FDC,Hetero Unit III Hyderabad IN,83310,60,20000,154400,7.72,0.13,158.72,2924,5668.63,TRUE,2/28/15,2/5/15,,
103-ZW-T30,FPQ-13967,SO-48420,DN-4159,Zimbabwe,PMO - US,From RDC,N/A - From RDC,Truck,ARV,Pediatric,SCMS from RDC,"Abacavir/Lamivudine 60/30mg, tablets, 60 Tabs",Abacavir/Lamivudine,Generic,60/30mg,Tablet - FDC,Mylan (formerly Matrix) Nashik,83316,60,19996,78984.2,3.95,0.07,81.2,1119,1417.12,TRUE,3/31/15,3/17/15,,
103-ZW-T30,FPQ-13967,SO-48430,DN-4160,Zimbabwe,PMO - US,From RDC,N/A - From RDC,Truck,ARV,Pediatric,SCMS from RDC,"Lamivudine/Zidovudine 30/60mg, dispersible tablets, 60 Tabs",Lamivudine/Zidovudine,Generic,30/60mg,Chewable/dispersible tablet - FDC,"Mylan,  H-12 & H-13, India",83318,60,12080,23556,1.95,0.03,24.22,10314,12867.46,TRUE,3/31/15,3/17/15,,
107-RW-T30,FPQ-14111,SO-48813,DN-4181,Rwanda,PMO - US,From RDC,N/A - From RDC,Truck,ARV,Pediatric,SCMS from RDC,"Abacavir 20mg/ml, oral solution, Bottle, 240 ml",Abacavir,Generic,20mg/ml,Oral solution,"Aurobindo Unit III, India",83322,240,503,3435.49,6.83,0.03,3.53,,,TRUE,4/30/15,3/27/15,,
101-CD-T30,FPQ-15787,SO-50910,DN-4195,"Congo, DRC",PMO - US,From RDC,N/A - From RDC,Air,ARV,Pediatric,SCMS from RDC,"Zidovudine 10mg/ml, oral solution w/syringe, Bottle, 240 ml",Zidovudine,Generic,10mg/ml,Oral solution,"Aurobindo Unit III, India",83324,240,10,19.9,1.99,0.01,0.02,71,1334.92,TRUE,5/6/15,7/6/15,,
114-UG-T30,FPQ-15294,SO-50050,DN-4218,Uganda,PMO - US,From RDC,N/A - From RDC,Truck,ARV,Pediatric,SCMS from RDC,"Lamivudine/Zidovudine 30/60mg, dispersible tablets, 60 Tabs",Lamivudine/Zidovudine,Generic,30/60mg,Chewable/dispersible tablet - FDC,"Cipla, Goa, India",83326,60,7559,14513.28,1.92,0.03,17.08,21710,18500.5,TRUE,6/15/15,5/14/15,,
111-MZ-T30,FPQ-14226,SO-48888,DN-4233,Mozambique,PMO - US,From RDC,N/A - From RDC,Truck,ARV,Adult,SCMS from RDC,"Lamivudine/Zidovudine 150/300mg, tablets, 60 Tabs",Lamivudine/Zidovudine,Generic,150/300mg,Tablet - FDC,Mylan (formerly Matrix) Nashik,83330,60,75535,492488.2,6.52,0.11,506.28,6237,5443.53,TRUE,5/29/15,6/9/15,,
110-ZM-T30,FPQ-14784,SO-49570,DN-4251,Zambia,PMO - US,From RDC,N/A - From RDC,Truck,ARV,Adult,SCMS from RDC,"Lamivudine 150mg, tablets, 60 Tabs",Lamivudine,Generic,150mg,Tablet,"Strides, Bangalore, India.",83331,60,55990,97422.6,1.74,0.03,100.15,,,FALSE,6/15/15,5/15/15,,
151-NG-T30,FPQ-14989,SO-49933,DN-4229,Nigeria,PMO - US,From RDC,N/A - From RDC,Air Charter,ARV,Adult,SCMS from RDC,"Lamivudine/Nevirapine/Zidovudine 150/200/300mg, tablets, 60 Tabs",Lamivudine/Nevirapine/Zidovudine,Generic,150/300/200mg,Tablet - FDC,"Cipla, Goa, India",83332,60,4000,30880,7.72,0.13,31.74,18750,36027,TRUE,6/30/15,4/15/15,,
151-NG-T30,FPQ-14766,SO-49686,DN-4226,Nigeria,PMO - US,From RDC,N/A - From RDC,Air Charter,ARV,Adult,SCMS from RDC,"Lamivudine/Nevirapine/Zidovudine 150/200/300mg, tablets, 60 Tabs",Lamivudine/Nevirapine/Zidovudine,Generic,150/300/200mg,Tablet - FDC,Mylan (formerly Matrix) Nashik,83333,60,189393,1462114,7.72,0.13,1503.05,24904,51677,TRUE,4/30/15,4/15/15,,
104-CI-T30,FPQ-14370,SO-49040,DN-4253,Côte d'Ivoire,PMO - US,From RDC,N/A - From RDC,Truck,ARV,Adult,SCMS from RDC,"Lopinavir/Ritonavir 200/50mg, tablets, 120 Tabs",Lopinavir/Ritonavir,Generic,200/50mg,Tablet,"Aurobindo Unit III, India",83334,120,11169,216231.84,19.36,0.16,222.29,13107,20816.42,TRUE,6/8/15,6/8/15,,
114-UG-T30,FPQ-15294,SO-50054,DN-4265,Uganda,PMO - US,From RDC,N/A - From RDC,Truck,ARV,Adult,SCMS from RDC,"Lamivudine/Tenofovir Disoproxil Fumarate 300/300mg, tablets, 30 Tabs",Lamivudine/Tenofovir Disoproxil Fumarate,Generic,300/300mg,Tablet - FDC,Hetero Unit III Hyderabad IN,83335,30,41258,190611.95,4.62,0.15,224.35,4964,6126.12,TRUE,6/15/15,6/4/15,,
104-CI-T30,FPQ-14370,SO-49090,DN-4177,Côte d'Ivoire,PMO - US,From RDC,N/A - From RDC,Truck,ARV,Adult,SCMS from RDC,"Efavirenz 600mg, tablets, 30 Tabs",Efavirenz,Generic,600mg,Tablet,"Cipla, Goa, India",83336,30,30004,93612.48,3.12,0.1,96.23,,,FALSE,5/29/15,5/29/15,,
151-NG-T30,FPQ-14989,SO-51423,DN-4275,Nigeria,PMO - US,From RDC,N/A - From RDC,Air Charter,ARV,Adult,SCMS from RDC,"Lamivudine/Nevirapine/Zidovudine 150/200/300mg, tablets, 60 Tabs",Lamivudine/Nevirapine/Zidovudine,Generic,150/300/200mg,Tablet - FDC,"Cipla, Goa, India",83337,60,140000,1080800,7.72,0.13,1111.06,42830,79132,TRUE,6/30/15,5/15/15,,
151-NG-T30,FPQ-14989,SO-51425,DN-4278,Nigeria,PMO - US,From RDC,N/A - From RDC,Air Charter,ARV,Adult,SCMS from RDC,"Zidovudine 300mg, tablets, 60 Tabs",Zidovudine,Generic,300mg,Tablet,Hetero Unit III Hyderabad IN,83338,60,34000,181220,5.33,0.09,186.29,2300,5613,TRUE,6/30/15,5/15/15,,
110-ZM-T30,FPQ-14784,SO-49623,DN-4288,Zambia,PMO - US,From RDC,N/A - From RDC,Truck,ARV,Adult,SCMS from RDC,"Efavirenz/Lamivudine/Tenofovir Disoproxil Fumarate 600/300/300mg, tablets, 30 Tabs",Efavirenz/Lamivudine/Tenofovir Disoproxil Fumarate,Generic,600/300/300mg,Tablet - FDC,Mylan (formerly Matrix) Nashik,83339,30,42812,410995.2,9.6,0.32,422.5,4875,23688.4,TRUE,6/30/15,7/13/15,,
151-NG-T30,FPQ-14989,SO-51427,DN-4290,Nigeria,PMO - US,From RDC,N/A - From RDC,Air Charter,ARV,Adult,SCMS from RDC,"Lamivudine/Nevirapine/Zidovudine 150/200/300mg, tablets, 60 Tabs",Lamivudine/Nevirapine/Zidovudine,Generic,150/300/200mg,Tablet - FDC,Mylan (formerly Matrix) Nashik,83340,60,177285,1368640.2,7.72,0.13,1406.96,41904,84944.83,TRUE,6/30/15,6/2/15,,
151-NG-T30,FPQ-14989,SO-51429,DN-4292,Nigeria,PMO - US,From RDC,N/A - From RDC,Air Charter,ARV,Pediatric,SCMS from RDC,"Lamivudine/Nevirapine/Zidovudine 30/50/60mg, dispersible tablets, 60 Tabs",Lamivudine/Nevirapine/Zidovudine,Generic,30/50/60mg,Chewable/dispersible tablet - FDC,"Cipla, Goa, India",83341,60,16495,59382,3.6,0.06,61.04,1636,5852.71,TRUE,6/30/15,6/2/15,,
103-SS-T30,FPQ-16356,SO-51460,DN-4296,South Sudan,PMO - US,From RDC,N/A - From RDC,Air,ARV,Adult,SCMS from RDC,"Lamivudine/Nevirapine/Zidovudine 150/200/300mg, tablets, 60 Tabs",Lamivudine/Nevirapine/Zidovudine,Generic,150/300/200mg,Tablet - FDC,"Cipla, Goa, India",83342,60,18600,150846,8.11,0.14,177.55,,,TRUE,6/25/15,6/19/15,,
114-UG-T30,FPQ-15639,SO-50660,DN-4310,Uganda,PMO - US,From RDC,N/A - From RDC,Truck,ARV,Adult,SCMS from RDC,"Lamivudine/Nevirapine/Zidovudine 150/200/300mg, tablets, 60 Tabs",Lamivudine/Nevirapine/Zidovudine,Generic,150/300/200mg,Tablet - FDC,"Cipla, Goa, India",83347,60,88392,716859.1,8.11,0.14,843.74,,,FALSE,7/31/15,7/23/15,,
104-CI-T30,FPQ-15259,SO-50111,DN-4314,Côte d'Ivoire,PMO - US,From RDC,N/A - From RDC,Truck,ARV,Adult,SCMS from RDC,"Lamivudine/Zidovudine 150/300mg, tablets, 60 Tabs",Lamivudine/Zidovudine,Generic,150/300mg,Tablet - FDC,Hetero Unit III Hyderabad IN,83348,60,48928,319010.56,6.52,0.11,375.48,,,FALSE,7/31/15,8/6/15,,
107-RW-T30,FPQ-16284,SO-51540,DN-4327,Rwanda,PMO - US,From RDC,N/A - From RDC,Air,ARV,Adult,SCMS from RDC,"Lamivudine/Nevirapine/Zidovudine 150/200/300mg, tablets, 60 Tabs",Lamivudine/Nevirapine/Zidovudine,Generic,150/300/200mg,Tablet - FDC,Hetero Unit III Hyderabad IN,83349,60,1479,11994.69,8.11,0.14,14.12,,,TRUE,8/18/15,8/6/15,,
154-NG-T30,FPQ-3815,SO-32270,DN-1311,Nigeria,PMO - US,From RDC,N/A - From RDC,Air Charter,ARV,Pediatric,SCMS from RDC,"Efavirenz 200mg, capsule, 90 Caps",Efavirenz,Generic,200mg,Capsule,"Aurobindo Unit III, India",83368,90,16,203.68,12.73,0.14,0.4,,,FALSE,7/30/09,8/4/09,,
154-NG-T30,FPQ-3815,SO-32270,DN-1311,Nigeria,PMO - US,From RDC,N/A - From RDC,Air Charter,ARV,Adult,SCMS from RDC,"Stavudine 30mg, capsules, 60 Caps",Stavudine,Generic,30mg,Capsule,"Aurobindo Unit III, India",83369,60,50,73,1.46,0.02,0.14,,,FALSE,7/30/09,8/4/09,,
154-NG-T30,FPQ-3815,SO-32274,DN-1364,Nigeria,PMO - US,From RDC,N/A - From RDC,Air,ARV,Adult,SCMS from RDC,"Zidovudine 300mg, tablets, 60 Tabs",Zidovudine,Generic,300mg,Tablet,Hetero Unit III Hyderabad IN,83370,60,28,210.84,7.53,0.13,0.41,2,675.47,TRUE,8/31/09,8/17/09,,
154-NG-T30,FPQ-3815,SO-32272,DN-1360,Nigeria,PMO - US,From RDC,N/A - From RDC,Air Charter,ARV,Adult,SCMS from RDC,"Efavirenz 600mg, tablets, 30 Tabs",Efavirenz,Generic,600mg,Tablet,"Aurobindo Unit III, India",83371,30,277,1897.45,6.85,0.23,3.72,54,7445.8,TRUE,8/31/09,8/4/09,,
154-NG-T30,FPQ-3815,SO-32272,DN-1360,Nigeria,PMO - US,From RDC,N/A - From RDC,Air Charter,ARV,Adult,SCMS from RDC,"Nevirapine 200mg, tablets, 60 Tabs",Nevirapine,Generic,200mg,Tablet,"Aurobindo Unit III, India",83372,60,233,675.7,2.9,0.05,1.32,,,FALSE,8/31/09,8/4/09,,
154-NG-T30,FPQ-3815,SO-32260,DN-1452,Nigeria,PMO - US,From RDC,N/A - From RDC,Air Charter,ARV,Adult,SCMS from RDC,"Lamivudine/Zidovudine 150/300mg, tablets, 60 Tabs",Lamivudine/Zidovudine,Generic,150/300mg,Tablet - FDC,Mylan (formerly Matrix) Nashik,83373,60,422,3696.72,8.76,0.15,7.25,,,FALSE,10/30/09,10/20/09,,
123-NG-T30,FPQ-4395,SO-32971,DN-1493,Nigeria,PMO - US,From RDC,N/A - From RDC,Air Charter,ARV,Adult,SCMS from RDC,"Efavirenz 600mg, tablets, 30 Tabs",Efavirenz,Generic,600mg,Tablet,"Aurobindo Unit III, India",83374,30,2666,15409.48,5.78,0.19,30.2,2889,21641.75,TRUE,12/18/09,11/20/09,,
114-UG-T30,FPQ-4475,SO-34160,DN-1506,Uganda,PMO - US,From RDC,N/A - From RDC,Air,ARV,Adult,SCMS from RDC,"Lamivudine/Tenofovir Disoproxil Fumarate 300/300mg, tablets, 30 Tabs",Lamivudine/Tenofovir Disoproxil Fumarate,Generic,300/300mg,Tablet - FDC,Mylan (formerly Matrix) Nashik,83375,30,200,2000,10,0.33,3.92,44,1483.39,TRUE,11/20/09,11/10/09,,
104-CI-T30,FPQ-3964,SO-33070,DN-1511,Côte d'Ivoire,PMO - US,From RDC,N/A - From RDC,Air,ARV,Adult,SCMS from RDC,"Lamivudine/Stavudine 150/30mg, tablets, 60 Tabs",Lamivudine/Stavudine,Generic,150/30mg,Tablet - FDC,Mylan (formerly Matrix) Nashik,83376,60,940,3290,3.5,0.06,6.45,69,5028.05,TRUE,12/10/09,11/5/09,,
104-CI-T30,FPQ-3964,SO-34510,DN-1514,Côte d'Ivoire,PMO - US,From RDC,N/A - From RDC,Air,ARV,Adult,SCMS from RDC,"Lamivudine/Nevirapine/Zidovudine 150/200/300mg, tablets, 60 Tabs",Lamivudine/Nevirapine/Zidovudine,Generic,150/300/200mg,Tablet - FDC,"Aurobindo Unit III, India",83377,60,42750,485212.5,11.35,0.19,951.02,4814,7100.04,TRUE,11/26/09,11/13/09,,
114-UG-T30,FPQ-4470,SO-34020,DN-1520,Uganda,PMO - US,From RDC,N/A - From RDC,Air,ARV,Adult,SCMS from RDC,"Lamivudine/Nevirapine/Stavudine 150/200/30mg, tablets, 60 Tabs",Lamivudine/Nevirapine/Stavudine,Generic,150/200/30mg,Tablet - FDC,"Strides, Bangalore, India.",83378,60,1760,12320,7,0.12,24.15,133,2450.89,TRUE,11/30/09,11/25/09,,
114-UG-T30,FPQ-4275,SO-33860,DN-1522,Uganda,PMO - US,From RDC,N/A - From RDC,Air,ARV,Adult,SCMS from RDC,"Lamivudine/Nevirapine/Zidovudine 150/200/300mg, tablets, 60 Tabs",Lamivudine/Nevirapine/Zidovudine,Generic,150/300/200mg,Tablet - FDC,Mylan (formerly Matrix) Nashik,83379,60,29254,328229.88,11.22,0.19,643.33,,,FALSE,12/3/09,11/30/09,,
104-CI-T30,FPQ-4378,SO-34371,DN-1544,Côte d'Ivoire,PMO - US,From RDC,N/A - From RDC,Air,ARV,Adult,SCMS from RDC,"Tenofovir Disoproxil Fumarate 300mg, tablets, 30 Tabs",Tenofovir Disoproxil Fumarate,Generic,300mg,Tablet,Mylan (formerly Matrix) Nashik,83380,30,950,8103.5,8.53,0.28,15.88,54,1211.49,TRUE,12/4/09,12/2/09,,
104-CI-T30,FPQ-4378,SO-34740,DN-1546,Côte d'Ivoire,PMO - US,From RDC,N/A - From RDC,Air,ARV,Adult,SCMS from RDC,"Lamivudine/Stavudine 150/30mg, tablets, 60 Tabs",Lamivudine/Stavudine,Generic,150/30mg,Tablet - FDC,"Strides, Bangalore, India.",83381,60,940,3290,3.5,0.06,6.45,49,1211.49,TRUE,12/7/09,12/2/09,,
114-UG-T30,FPQ-4470,SO-34610,DN-1550,Uganda,PMO - US,From RDC,N/A - From RDC,Air,ARV,Adult,SCMS from RDC,"Lamivudine/Tenofovir Disoproxil Fumarate 300/300mg, tablets, 30 Tabs",Lamivudine/Tenofovir Disoproxil Fumarate,Generic,300/300mg,Tablet - FDC,Mylan (formerly Matrix) Nashik,83382,30,3760,37600,10,0.33,73.7,315,5254.17,TRUE,11/30/09,11/25/09,,
110-ZM-T30,FPQ-4035,SO-34600,DN-1553,Zambia,PMO - US,From RDC,N/A - From RDC,Truck,ARV,Adult,SCMS from RDC,"Lamivudine/Tenofovir Disoproxil Fumarate 300/300mg, tablets, 30 Tabs",Lamivudine/Tenofovir Disoproxil Fumarate,Generic,300/300mg,Tablet - FDC,Mylan (formerly Matrix) Nashik,83383,30,110000,1100000,10,0.33,2156,9221,8104.79,TRUE,11/30/09,12/3/09,,
123-NG-T30,FPQ-4014,SO-32972,DN-1561,Nigeria,PMO - US,From RDC,N/A - From RDC,Air Charter,ARV,Adult,SCMS from RDC,"Lamivudine/Zidovudine 150/300mg, tablets, 60 Tabs",Lamivudine/Zidovudine,Generic,150/300mg,Tablet - FDC,"Aurobindo Unit III, India",83384,60,35300,309228,8.76,0.15,606.09,3190,11637.64,TRUE,12/18/09,12/18/09,,
106-HT-T30,FPQ-4384,SO-34670,DN-1559,Haiti,PMO - US,From RDC,N/A - From RDC,Air,ARV,Pediatric,SCMS from RDC,"Lamivudine 10mg/ml, oral solution, Bottle, 240 ml",Lamivudine,Generic,10mg/ml,Oral solution,"Aurobindo Unit III, India",83385,240,704,1337.6,1.9,0.01,2.88,,,FALSE,12/9/09,12/1/09,,
114-UG-T30,FPQ-4275,SO-33970,DN-1576,Uganda,PMO - US,From RDC,N/A - From RDC,Air,ARV,Adult,SCMS from RDC,"Efavirenz 600mg, tablets, 30 Tabs",Efavirenz,Generic,600mg,Tablet,"Aurobindo Unit III, India",83386,30,12100,69938,5.78,0.19,137.08,36,3602.34,TRUE,12/20/09,11/26/09,,
106-HT-T30,FPQ-4469,SO-34210,DN-1582,Haiti,PMO - US,From RDC,N/A - From RDC,Air,ARV,Adult,SCMS from RDC,"Efavirenz 600mg, tablets, 30 Tabs",Efavirenz,Generic,600mg,Tablet,"Aurobindo Unit III, India",83387,30,5323,30766.94,5.78,0.19,66.33,456,5338.55,TRUE,12/21/09,12/16/09,,
106-HT-T30,FPQ-4384,SO-34720,DN-1590,Haiti,PMO - US,From RDC,N/A - From RDC,Air Charter,ARV,Pediatric,SCMS from RDC,"Efavirenz 30mg/ml [Stocrin/Sustiva], oral solution, Bottle, 180 ml",Efavirenz,Stocrin/Sustiva,30mg/ml,Oral solution,"MSD, Haarlem, NL",83388,180,230,3900.8,16.96,0.09,8.41,132,8329.13,TRUE,12/25/09,12/17/09,,
106-HT-T30,FPQ-4384,SO-34720,DN-1590,Haiti,PMO - US,From RDC,N/A - From RDC,Air Charter,ARV,Pediatric,SCMS from RDC,"Efavirenz 30mg/ml [Stocrin/Sustiva], oral solution, Bottle, 180 ml",Efavirenz,Stocrin/Sustiva,30mg/ml,Oral solution,"MSD, Haarlem, NL",83389,180,123,2086.08,16.96,0.09,4.5,,,FALSE,12/25/09,12/17/09,,
106-HT-T30,FPQ-4384,SO-34720,DN-1590,Haiti,PMO - US,From RDC,N/A - From RDC,Air Charter,ARV,Adult,SCMS from RDC,"Indinavir 400mg [Crixivan], capsules, 180 Caps",Indinavir,Crixivan,400mg,Capsule,"MSD, Haarlem, NL",83390,180,32,1600,50,0.28,3.45,,,FALSE,12/25/09,12/17/09,,
151-NG-T30,FPQ-4105,SO-33141,DN-1591,Nigeria,PMO - US,From RDC,N/A - From RDC,Air Charter,ARV,Adult,SCMS from RDC,"Lamivudine/Nevirapine/Zidovudine 150/200/300mg, tablets, 60 Tabs",Lamivudine/Nevirapine/Zidovudine,Generic,150/300/200mg,Tablet - FDC,"Aurobindo Unit III, India",83391,60,60000,681000,11.35,0.19,1334.76,6949,11637.64,TRUE,12/18/09,12/18/09,,
114-UG-T30,FPQ-4497,SO-34840,DN-1598,Uganda,PMO - US,From RDC,N/A - From RDC,Air,ARV,Adult,SCMS from RDC,"Lamivudine 150mg, tablets, 60 Tabs",Lamivudine,Generic,150mg,Tablet,"Aurobindo Unit III, India",83392,60,250,610,2.44,0.04,1.32,113,3504.8,TRUE,2/17/10,12/23/09,,
117-ET-T30,FPQ-4668,SO-35230,DN-1600,Ethiopia,PMO - US,From RDC,N/A - From RDC,Air,ARV,Adult,SCMS from RDC,"Lamivudine 150mg, tablets, 60 Tabs",Lamivudine,Generic,150mg,Tablet,"Aurobindo Unit III, India",83393,60,4893,11938.92,2.44,0.04,25.74,235,1326.89,TRUE,1/4/10,12/8/09,,
114-UG-T30,FPQ-4275,SO-35100,DN-1607,Uganda,PMO - US,From RDC,N/A - From RDC,Air,ARV,Adult,SCMS from RDC,"Efavirenz 600mg, tablets, 30 Tabs",Efavirenz,Generic,600mg,Tablet,"Aurobindo Unit III, India",83394,30,21563,124634.14,5.78,0.19,244.28,1864,8485,TRUE,1/15/10,1/11/10,,
106-HT-T30,FPQ-4469,SO-34230,DN-1617,Haiti,PMO - US,From RDC,N/A - From RDC,Air,ARV,Adult,SCMS from RDC,"Nevirapine 200mg, tablets, 60 Tabs",Nevirapine,Generic,200mg,Tablet,"Aurobindo Unit III, India",83395,60,32850,95265,2.9,0.05,205.39,3917,39223.78,TRUE,3/5/10,2/24/10,,
104-CI-T30,FPQ-4187,SO-33541,DN-1619,Côte d'Ivoire,PMO - US,From RDC,N/A - From RDC,Air,ARV,Pediatric,SCMS from RDC,"Zidovudine 10mg/ml, oral solution, Bottle, 240 ml",Zidovudine,Generic,10mg/ml,Oral solution,"Aurobindo Unit III, India",83396,240,2691,5651.1,2.1,0.01,11.08,1021,5254.1,TRUE,2/8/10,1/23/10,,
104-CI-T30,FPQ-3964,SO-33171,DN-1629,Côte d'Ivoire,PMO - US,From RDC,N/A - From RDC,Air,ARV,Pediatric,SCMS from RDC,"Didanosine 200mg, chewable/dispersible tablets, 60 Tabs",Didanosine,Generic,200mg,Chewable/dispersible tablet,"Aurobindo Unit III, India",83398,60,1800,27900,15.5,0.26,54.68,,,FALSE,2/11/10,2/2/10,,
110-ZM-T30,FPQ-4035,SO-35220,DN-1644,Zambia,PMO - US,From RDC,N/A - From RDC,Truck,ARV,Adult,SCMS from RDC,"Nevirapine 200mg, tablets, 60 Tabs",Nevirapine,Generic,200mg,Tablet,"Aurobindo Unit III, India",83399,60,20000,54600,2.73,0.05,107.02,1946,3379.64,TRUE,3/2/10,3/5/10,,
110-ZM-T30,FPQ-4273,SO-33710,DN-1648,Zambia,PMO - US,From RDC,N/A - From RDC,Truck,ARV,Pediatric,SCMS from RDC,"Didanosine 100mg, chewable/dispersible tablets, 60 Tabs",Didanosine,Generic,100mg,Chewable/dispersible tablet,"Aurobindo Unit III, India",83400,60,10000,77200,7.72,0.13,151.31,2085,3379.64,TRUE,3/5/10,3/5/10,,
113-ZW-T30,FPQ-4694,SO-35360,DN-1658,Zimbabwe,PMO - US,From RDC,N/A - From RDC,Truck,ARV,Adult,SCMS from RDC,"Lamivudine/Nevirapine/Stavudine 150/200/30mg, tablets, 60 Tabs",Lamivudine/Nevirapine/Stavudine,Generic,150/200/30mg,Tablet - FDC,"Cipla, Goa, India",83401,60,36100,220571,6.11,0.1,475.55,3955,13208.56,TRUE,3/30/10,3/12/10,,
109-TZ-T30,FPQ-4794,SO-35760,DN-1663,Tanzania,PMO - US,From RDC,N/A - From RDC,Air,ARV,Adult,SCMS from RDC,"Tenofovir Disoproxil Fumarate 300mg, tablets, 30 Tabs",Tenofovir Disoproxil Fumarate,Generic,300mg,Tablet,"Cipla, Goa, India",83402,30,2448,20881.44,8.53,0.28,45.02,178,1854.35,TRUE,4/14/10,3/18/10,,
106-HT-T30,FPQ-4384,SO-35930,DN-1668,Haiti,PMO - US,From RDC,N/A - From RDC,Air,ARV,Pediatric,SCMS from RDC,"Efavirenz 50mg, capsule, 30 Caps",Efavirenz,Generic,50mg,Capsule,"Aurobindo Unit III, India",83403,30,688,1541.12,2.24,0.07,3.32,465,6036.96,TRUE,4/7/10,3/3/10,,
104-CI-T30,FPQ-4378,SO-34412,DN-1671,Côte d'Ivoire,PMO - US,From RDC,N/A - From RDC,Air,ARV,Adult,SCMS from RDC,"Efavirenz 600mg, tablets, 30 Tabs",Efavirenz,Generic,600mg,Tablet,"Aurobindo Unit III, India",83404,30,31092,179711.77,5.78,0.19,352.24,,,FALSE,3/9/10,3/10/10,,
104-CI-T30,FPQ-4378,SO-34412,DN-1671,Côte d'Ivoire,PMO - US,From RDC,N/A - From RDC,Air,ARV,Adult,SCMS from RDC,"Lamivudine/Stavudine 150/30mg, tablets, 60 Tabs",Lamivudine/Stavudine,Generic,150/30mg,Tablet - FDC,"Strides, Bangalore, India.",83405,60,11060,37604,3.4,0.06,73.7,,,FALSE,3/9/10,3/10/10,,
151-NG-T30,FPQ-4537,SO-35068,DN-1686,Nigeria,PMO - US,From RDC,N/A - From RDC,Air Charter,ARV,Adult,SCMS from RDC,"Lamivudine/Nevirapine/Zidovudine 150/200/300mg, tablets, 60 Tabs",Lamivudine/Nevirapine/Zidovudine,Generic,150/300/200mg,Tablet - FDC,"Aurobindo Unit III, India",83406,60,1200,13464,11.22,0.19,29.03,141,,TRUE,4/19/10,3/31/10,,
151-NG-T30,FPQ-4537,SO-35075,DN-1690,Nigeria,PMO - US,From RDC,N/A - From RDC,Air Charter,ARV,Adult,SCMS from RDC,"Emtricitabine/Tenofovir Disoproxil Fumarate 200/300mg, tablets, 30 Tabs",Emtricitabine/Tenofovir Disoproxil Fumarate,Generic,200/300mg,Tablet - FDC,Mylan (formerly Matrix) Nashik,83407,30,11807,138732.25,11.75,0.39,299.11,952,,TRUE,4/19/10,3/31/10,,
151-NG-T30,FPQ-4537,SO-34894,DN-1704,Nigeria,PMO - US,From RDC,N/A - From RDC,Air Charter,ARV,Adult,SCMS from RDC,"Nevirapine 200mg, tablets, 60 Tabs",Nevirapine,Generic,200mg,Tablet,"Aurobindo Unit III, India",83408,60,434,1184.82,2.73,0.05,2.55,42,,TRUE,4/19/10,3/31/10,,
151-NG-T30,FPQ-4537,SO-35065,DN-1725,Nigeria,PMO - US,From RDC,N/A - From RDC,Air Charter,ARV,Adult,SCMS from RDC,"Lamivudine/Nevirapine/Zidovudine 150/200/300mg, tablets, 60 Tabs",Lamivudine/Nevirapine/Zidovudine,Generic,150/300/200mg,Tablet - FDC,"Aurobindo Unit III, India",83409,60,1722,19320.84,11.22,0.19,41.66,202,,TRUE,4/19/10,3/31/10,,
151-NG-T30,FPQ-4537,SO-35030,DN-1734,Nigeria,PMO - US,From RDC,N/A - From RDC,Air Charter,ARV,Adult,SCMS from RDC,"Lamivudine 150mg, tablets, 60 Tabs",Lamivudine,Generic,150mg,Tablet,"Aurobindo Unit III, India",83410,60,8820,21520.8,2.44,0.04,46.4,420,,TRUE,4/19/10,3/31/10,,
113-ZW-T30,FPQ-5278,SO-36120,DN-1739,Zimbabwe,PMO - US,From RDC,N/A - From RDC,Air,ARV,Adult,SCMS from RDC,"Lamivudine/Zidovudine 150/300mg, tablets, 60 Tabs",Lamivudine/Zidovudine,Generic,150/300mg,Tablet - FDC,"Aurobindo Unit III, India",83411,60,12000,105120,8.76,0.15,226.64,1088,4170.65,TRUE,5/27/10,3/31/10,,
114-UG-T30,FPQ-4325,SO-35660,DN-1752,Uganda,PMO - US,From RDC,N/A - From RDC,Truck,ARV,Adult,SCMS from RDC,"Lamivudine/Zidovudine 150/300mg, tablets, 60 Tabs",Lamivudine/Zidovudine,Generic,150/300mg,Tablet - FDC,Mylan (formerly Matrix) Nashik,83412,60,118,1033.68,8.76,0.15,2.03,,,FALSE,4/1/10,3/25/10,,
114-UG-T30,FPQ-5014,SO-35960,DN-1756,Uganda,PMO - US,From RDC,N/A - From RDC,Truck,ARV,Adult,SCMS from RDC,"Lamivudine/Nevirapine/Zidovudine 150/200/300mg, tablets, 60 Tabs",Lamivudine/Nevirapine/Zidovudine,Generic,150/300/200mg,Tablet - FDC,"Aurobindo Unit III, India",83413,60,9000,100980,11.22,0.19,217.71,1055,2961,TRUE,4/1/10,3/25/10,,
104-CI-T30,FPQ-4378,SO-34370,DN-1759,Côte d'Ivoire,PMO - US,From RDC,N/A - From RDC,Air,ARV,Adult,SCMS from RDC,"Zidovudine 300mg, tablets, 60 Tabs",Zidovudine,Generic,300mg,Tablet,Mylan (formerly Matrix) Nashik,83414,60,9009,67837.77,7.53,0.13,132.96,,,FALSE,4/6/10,4/1/10,,
104-CI-T30,FPQ-4378,SO-34370,DN-1759,Côte d'Ivoire,PMO - US,From RDC,N/A - From RDC,Air,ARV,Adult,SCMS from RDC,"Tenofovir Disoproxil Fumarate 300mg, tablets, 30 Tabs",Tenofovir Disoproxil Fumarate,Generic,300mg,Tablet,Mylan (formerly Matrix) Nashik,83415,30,250,2035,8.14,0.27,3.99,,,FALSE,4/6/10,4/1/10,,
151-NG-T30,FPQ-4537,SO-34890,DN-1762,Nigeria,PMO - US,From RDC,N/A - From RDC,Air,ARV,Adult,SCMS from RDC,"Nevirapine 200mg, tablets, 60 Tabs",Nevirapine,Generic,200mg,Tablet,"Aurobindo Unit III, India",83416,60,15000,40950,2.73,0.05,88.29,1444,124350.84,TRUE,4/19/10,3/31/10,,
110-ZM-T30,FPQ-4809,SO-36400,DN-1774,Zambia,PMO - US,From RDC,N/A - From RDC,Truck,ARV,Adult,SCMS from RDC,"Abacavir 300mg, tablets, 60 Tabs",Abacavir,Generic,300mg,Tablet,Mylan (formerly Matrix) Nashik,83417,60,9455,202526.1,21.42,0.36,436.65,944,8022.59,TRUE,7/21/10,4/16/10,,
151-NG-T30,FPQ-4537,SO-35130,DN-1788,Nigeria,PMO - US,From RDC,N/A - From RDC,Air Charter,ARV,Adult,SCMS from RDC,"Stavudine 20mg, capsules, 60 Caps",Stavudine,Generic,20mg,Capsule,"Aurobindo Unit III, India",83418,60,3250,4647.5,1.43,0.02,10.02,216,9736.1,TRUE,5/31/10,5/18/10,,
105-GY-T30,FPQ-5430,SO-36560,DN-1791,Guyana,PMO - US,From RDC,N/A - From RDC,Air,ARV,Adult,SCMS from RDC,"Emtricitabine/Tenofovir Disoproxil Fumarate 200/300mg, tablets, 30 Tabs",Emtricitabine/Tenofovir Disoproxil Fumarate,Generic,200/300mg,Tablet - FDC,Mylan (formerly Matrix) Nashik,83419,30,4955,58221.25,11.75,0.39,125.53,376,4468.34,TRUE,4/15/10,4/28/10,,
151-NG-T30,FPQ-4537,SO-36006,DN-1792,Nigeria,PMO - US,From RDC,N/A - From RDC,Air Charter,ARV,Adult,SCMS from RDC,"Lamivudine/Nevirapine/Zidovudine 150/200/300mg, tablets, 60 Tabs",Lamivudine/Nevirapine/Zidovudine,Generic,150/300/200mg,Tablet - FDC,"Aurobindo Unit III, India",83420,60,40000,448800,11.22,0.19,967.61,4692,9736.1,TRUE,5/31/10,5/18/10,,
151-NG-T30,FPQ-4537,SO-36008,DN-1794,Nigeria,PMO - US,From RDC,N/A - From RDC,Air Charter,ARV,Adult,SCMS from RDC,"Lamivudine/Nevirapine/Zidovudine 150/200/300mg, tablets, 60 Tabs",Lamivudine/Nevirapine/Zidovudine,Generic,150/300/200mg,Tablet - FDC,Mylan (formerly Matrix) Nashik,83421,60,2160,24235.2,11.22,0.19,52.25,5552,9736.1,TRUE,5/31/10,5/18/10,,
105-GY-T30,FPQ-5470,SO-36640,DN-1800,Guyana,PMO - US,From RDC,N/A - From RDC,Air,ARV,Pediatric,SCMS from RDC,"Lamivudine 10mg/ml, oral solution, Bottle, 240 ml",Lamivudine,Generic,10mg/ml,Oral solution,"Cipla, Goa, India",83422,240,471,942,2,0.01,2.03,221,3170.64,TRUE,6/30/10,5/27/10,,
114-UG-T30,FPQ-4495,SO-34940,DN-1801,Uganda,PMO - US,From RDC,N/A - From RDC,Air,ARV,Adult,SCMS from RDC,"Efavirenz 600mg, tablets, 30 Tabs",Efavirenz,Generic,600mg,Tablet,"Aurobindo Unit III, India",83423,30,2579,12250.25,4.75,0.16,26.41,358,2485.92,TRUE,5/3/10,5/3/10,,
151-NG-T30,FPQ-4537,SO-35082,DN-1804,Nigeria,PMO - US,From RDC,N/A - From RDC,Air Charter,ARV,Adult,SCMS from RDC,"Lamivudine/Tenofovir Disoproxil Fumarate 300/300mg, tablets, 30 Tabs",Lamivudine/Tenofovir Disoproxil Fumarate,Generic,300/300mg,Tablet - FDC,Mylan (formerly Matrix) Nashik,83424,30,22826,228260,10,0.33,492.13,2500,9736.1,TRUE,5/31/10,5/18/10,,
151-NG-T30,FPQ-4537,SO-34891,DN-1813,Nigeria,PMO - US,From RDC,N/A - From RDC,Air Charter,ARV,Adult,SCMS from RDC,"Nevirapine 200mg, tablets, 60 Tabs",Nevirapine,Generic,200mg,Tablet,"Strides, Bangalore, India.",83425,60,20000,53200,2.66,0.04,114.7,1098,9736.1,TRUE,5/31/10,5/18/10,,
151-NG-T30,FPQ-4537,SO-36003,DN-1822,Nigeria,PMO - US,From RDC,N/A - From RDC,Air Charter,ARV,Adult,SCMS from RDC,"Lamivudine/Nevirapine/Stavudine 150/200/30mg, tablets, 60 Tabs",Lamivudine/Nevirapine/Stavudine,Generic,150/200/30mg,Tablet - FDC,"Strides, Bangalore, India.",83426,60,72560,424476,5.85,0.1,915.17,5420,9736.1,TRUE,5/31/10,5/18/10,,
117-ET-T30,FPQ-5450,SO-36650,DN-1827,Ethiopia,PMO - US,From RDC,N/A - From RDC,Air,ARV,Adult,SCMS from RDC,"Zidovudine 300mg, tablets, 60 Tabs",Zidovudine,Generic,300mg,Tablet,"Aurobindo Unit III, India",83427,60,5000,36050,7.21,0.12,77.72,276,2211.22,TRUE,7/2/10,5/4/10,,
109-TZ-T30,FPQ-5237,SO-36042,DN-1835,Tanzania,PMO - US,From RDC,N/A - From RDC,Air,ARV,Adult,SCMS from RDC,"Nevirapine 200mg, tablets, 60 Tabs",Nevirapine,Generic,200mg,Tablet,"Strides, Bangalore, India.",83428,60,40000,109200,2.73,0.05,235.44,6240,27922.62,TRUE,7/21/10,5/21/10,,
106-HT-T30,FPQ-4384,SO-34660,DN-1837,Haiti,PMO - US,From RDC,N/A - From RDC,Air,ARV,Adult,SCMS from RDC,"Lamivudine/Zidovudine 150/300mg, tablets, 60 Tabs",Lamivudine/Zidovudine,Generic,150/300mg,Tablet - FDC,Hetero Unit III Hyderabad IN,83429,60,34769,304576.44,8.76,0.15,656.67,4176,1005.2,TRUE,5/31/10,6/1/10,,
105-GY-T30,FPQ-5599,SO-36700,DN-1838,Guyana,PMO - US,From RDC,N/A - From RDC,Air,ARV,Adult,SCMS from RDC,"Lamivudine 150mg, tablets, 60 Tabs",Lamivudine,Generic,150mg,Tablet,"Strides, Bangalore, India.",83430,60,126,307.44,2.44,0.04,0.66,,,FALSE,6/7/10,5/27/10,,
104-CI-T30,FPQ-5201,SO-36341,DN-1845,Côte d'Ivoire,PMO - US,From RDC,N/A - From RDC,Air,ARV,Adult,SCMS from RDC,"Stavudine 30mg, capsules, 60 Caps",Stavudine,Generic,30mg,Capsule,"Strides, Bangalore, India.",83431,60,2000,2820,1.41,0.02,6.08,98,2201.14,TRUE,6/15/10,6/7/10,,
106-HT-T30,FPQ-5523,SO-36750,DN-1849,Haiti,PMO - US,From RDC,N/A - From RDC,Air,ARV,Adult,SCMS from RDC,"Zidovudine 300mg, tablets, 60 Tabs",Zidovudine,Generic,300mg,Tablet,"Aurobindo Unit III, India",83432,60,2520,18169.2,7.21,0.12,39.17,145,6438.37,TRUE,6/30/10,6/9/10,,
104-CI-T30,FPQ-5619,SO-36820,DN-1851,Côte d'Ivoire,PMO - US,From RDC,N/A - From RDC,Air,ARV,Adult,SCMS from RDC,"Tenofovir Disoproxil Fumarate 300mg, tablets, 30 Tabs",Tenofovir Disoproxil Fumarate,Generic,300mg,Tablet,"Cipla, Goa, India",83433,30,2552,19497.28,7.64,0.25,42.04,182,3250.13,TRUE,6/3/10,6/7/10,,
114-UG-T30,FPQ-5451,SO-36830,DN-1859,Uganda,PMO - US,From RDC,N/A - From RDC,Air,ARV,Adult,SCMS from RDC,"Lamivudine/Nevirapine/Zidovudine 150/200/300mg, tablets, 60 Tabs",Lamivudine/Nevirapine/Zidovudine,Generic,150/300/200mg,Tablet - FDC,Mylan (formerly Matrix) Nashik,83434,60,15000,168300,11.22,0.19,362.85,1943,6299.45,TRUE,6/30/10,6/22/10,,
104-CI-T30,FPQ-4659,SO-35590,DN-1868,Côte d'Ivoire,PMO - US,From RDC,N/A - From RDC,Air,ARV,Adult,SCMS from RDC,"Lamivudine/Nevirapine/Zidovudine 150/200/300mg, tablets, 60 Tabs",Lamivudine/Nevirapine/Zidovudine,Generic,150/300/200mg,Tablet - FDC,"Aurobindo Unit III, India",83435,60,50000,561000,11.22,0.19,1209.52,5997,8379.98,TRUE,6/30/10,6/21/10,,
104-CI-T30,FPQ-5201,SO-36340,DN-1873,Côte d'Ivoire,PMO - US,From RDC,N/A - From RDC,Air,ARV,Pediatric,SCMS from RDC,"Zidovudine 10mg/ml, oral solution, Bottle, 240 ml",Zidovudine,Generic,10mg/ml,Oral solution,"Aurobindo Unit III, India",83436,240,7284,14713.68,2.02,0.01,31.72,,,FALSE,7/12/10,6/30/10,,
151-NG-T30,FPQ-5023,SO-36431,DN-1882,Nigeria,PMO - US,From RDC,N/A - From RDC,Air,ARV,Adult,SCMS from RDC,"Lamivudine/Nevirapine/Zidovudine 150/200/300mg, tablets, 60 Tabs",Lamivudine/Nevirapine/Zidovudine,Generic,150/300/200mg,Tablet - FDC,"Aurobindo Unit III, India",83437,60,10000,112200,11.22,0.19,241.9,1173,,TRUE,7/15/10,6/28/10,,
110-ZM-T30,FPQ-4809,SO-35510,DN-1892,Zambia,PMO - US,From RDC,N/A - From RDC,Truck,ARV,Adult,SCMS from RDC,"Abacavir 300mg, tablets, 60 Tabs",Abacavir,Generic,300mg,Tablet,Mylan (formerly Matrix) Nashik,83438,60,9545,163601.3,17.14,0.29,352.72,947,13232.09,TRUE,7/21/10,7/8/10,,
151-NG-T30,FPQ-5023,SO-36465,DN-1896,Nigeria,PMO - US,From RDC,N/A - From RDC,Air,ARV,Adult,SCMS from RDC,"Nevirapine 200mg, tablets, 60 Tabs",Nevirapine,Generic,200mg,Tablet,"Strides, Bangalore, India.",83439,60,3000,8190,2.73,0.05,17.66,206,,TRUE,7/15/10,6/28/10,,
151-NG-T30,FPQ-5023,SO-36520,DN-1921,Nigeria,PMO - US,From RDC,N/A - From RDC,Air,ARV,Pediatric,SCMS from RDC,"Efavirenz 200mg, capsule, 90 Caps",Efavirenz,Generic,200mg,Capsule,"Aurobindo Unit III, India",83440,90,1000,9710,9.71,0.11,20.93,120,,TRUE,7/15/10,6/28/10,,
151-NG-T30,FPQ-4537,SO-36671,DN-1925,Nigeria,PMO - US,From RDC,N/A - From RDC,Air,ARV,Adult,SCMS from RDC,"Lamivudine/Zidovudine 150/300mg, tablets, 60 Tabs",Lamivudine/Zidovudine,Generic,150/300mg,Tablet - FDC,"Aurobindo Unit III, India",83441,60,100,876,8.76,0.15,1.89,4582,,TRUE,7/21/10,6/28/10,,
151-NG-T30,FPQ-5023,SO-36545,DN-1941,Nigeria,PMO - US,From RDC,N/A - From RDC,Air,ARV,Adult,SCMS from RDC,"Lamivudine/Zidovudine 150/300mg, tablets, 60 Tabs",Lamivudine/Zidovudine,Generic,150/300mg,Tablet - FDC,Mylan (formerly Matrix) Nashik,83442,60,155,1357.8,8.76,0.15,2.93,13,,TRUE,7/15/10,6/28/10,,
114-UG-T30,FPQ-5239,SO-36131,DN-1943,Uganda,PMO - US,From RDC,N/A - From RDC,Air,ARV,Adult,SCMS from RDC,"Emtricitabine/Tenofovir Disoproxil Fumarate 200/300mg, tablets, 30 Tabs",Emtricitabine/Tenofovir Disoproxil Fumarate,Generic,200/300mg,Tablet - FDC,Mylan (formerly Matrix) Nashik,83443,30,703,8260.25,11.75,0.39,17.81,301,4758.36,TRUE,8/4/10,7/19/10,,
114-UG-T30,FPQ-5238,SO-36070,DN-1949,Uganda,PMO - US,From RDC,N/A - From RDC,Air,ARV,Adult,SCMS from RDC,"Lamivudine/Nevirapine/Zidovudine 150/200/300mg, tablets, 60 Tabs",Lamivudine/Nevirapine/Zidovudine,Generic,150/300/200mg,Tablet - FDC,Mylan (formerly Matrix) Nashik,83444,60,8000,89760,11.22,0.19,193.52,1642,15347.04,TRUE,8/4/10,8/2/10,,
151-NG-T30,FPQ-5023,SO-36432,DN-1883,Nigeria,PMO - US,From RDC,N/A - From RDC,Air,ARV,Adult,SCMS from RDC,"Lamivudine/Nevirapine/Zidovudine 150/200/300mg, tablets, 60 Tabs",Lamivudine/Nevirapine/Zidovudine,Generic,150/300/200mg,Tablet - FDC,"Aurobindo Unit III, India",83445,60,20000,224400,11.22,0.19,483.81,2406,6147.18,TRUE,8/31/10,8/17/10,,
117-ET-T30,FPQ-5967,SO-37102,DN-1952,Ethiopia,PMO - US,From RDC,N/A - From RDC,Air,ARV,Adult,SCMS from RDC,"Lamivudine/Nevirapine/Stavudine 150/200/30mg, tablets, 60 Tabs",Lamivudine/Nevirapine/Stavudine,Generic,150/200/30mg,Tablet - FDC,"Strides, Bangalore, India.",83446,60,3439,19705.47,5.73,0.1,42.48,,,FALSE,9/21/10,7/14/10,,
151-NG-T30,FPQ-5023,SO-37060,DN-1959,Nigeria,PMO - US,From RDC,N/A - From RDC,Air Charter,ARV,Adult,SCMS from RDC,"Lamivudine/Nevirapine/Zidovudine 150/200/300mg, tablets, 60 Tabs",Lamivudine/Nevirapine/Zidovudine,Generic,150/300/200mg,Tablet - FDC,"Aurobindo Unit III, India",83447,60,7000,78540,11.22,0.19,169.33,922,6147.18,TRUE,8/16/10,8/17/10,,
111-MZ-T30,FPQ-4711,SO-35740,DN-1962,Mozambique,PMO - US,From RDC,N/A - From RDC,Truck,ARV,Adult,SCMS from RDC,"Lamivudine/Nevirapine/Zidovudine 150/200/300mg, tablets, 60 Tabs",Lamivudine/Nevirapine/Zidovudine,Generic,150/300/200mg,Tablet - FDC,Mylan (formerly Matrix) Nashik,83448,60,77000,863940,11.22,0.19,1862.65,12980,11134.62,TRUE,8/31/10,8/18/10,,
151-NG-T30,FPQ-5688,SO-36913,DN-1971,Nigeria,PMO - US,From RDC,N/A - From RDC,Air Charter,ARV,Adult,SCMS from RDC,"Emtricitabine/Tenofovir Disoproxil Fumarate 200/300mg, tablets, 30 Tabs",Emtricitabine/Tenofovir Disoproxil Fumarate,Generic,200/300mg,Tablet - FDC,Mylan (formerly Matrix) Nashik,83449,30,3000,35250,11.75,0.39,76,270,6147.18,TRUE,8/31/10,8/17/10,,
104-CI-T30,FPQ-5201,SO-36311,DN-1982,Côte d'Ivoire,PMO - US,From RDC,N/A - From RDC,Air,ARV,Adult,SCMS from RDC,"Efavirenz 600mg, tablets, 30 Tabs",Efavirenz,Generic,600mg,Tablet,"Strides, Bangalore, India.",83450,30,39144,174190.8,4.45,0.15,375.56,,,FALSE,8/23/10,8/23/10,,
104-CI-T30,FPQ-5201,SO-36311,DN-1982,Côte d'Ivoire,PMO - US,From RDC,N/A - From RDC,Air,ARV,Adult,SCMS from RDC,"Abacavir 300mg, tablets, 60 Tabs",Abacavir,Generic,300mg,Tablet,Mylan (formerly Matrix) Nashik,83451,60,4140,68061.6,16.44,0.27,146.74,,,FALSE,8/23/10,8/23/10,,
104-CI-T30,FPQ-5201,SO-36311,DN-1982,Côte d'Ivoire,PMO - US,From RDC,N/A - From RDC,Air,ARV,Pediatric,SCMS from RDC,"Lamivudine 10mg/ml, oral solution, Bottle, 240 ml",Lamivudine,Generic,10mg/ml,Oral solution,"Aurobindo Unit III, India",83452,240,4340,8376.2,1.93,0.01,18.06,,,FALSE,8/23/10,8/23/10,,
104-CI-T30,FPQ-5623,SO-36890,DN-1984,Côte d'Ivoire,PMO - US,From RDC,N/A - From RDC,Air,ARV,Pediatric,SCMS from RDC,"Lamivudine 10mg/ml, oral solution, Bottle, 240 ml",Lamivudine,Generic,10mg/ml,Oral solution,"Aurobindo Unit III, India",83453,240,3010,5809.3,1.93,0.01,12.52,3202,12648.38,TRUE,8/31/10,8/23/10,,
114-UG-T30,FPQ-5275,SO-36230,DN-1987,Uganda,PMO - US,From RDC,N/A - From RDC,Air,ARV,Adult,SCMS from RDC,"Emtricitabine/Tenofovir Disoproxil Fumarate 200/300mg, tablets, 30 Tabs",Emtricitabine/Tenofovir Disoproxil Fumarate,Generic,200/300mg,Tablet - FDC,Mylan (formerly Matrix) Nashik,83454,30,650,7637.5,11.75,0.39,16.47,61,536.02,TRUE,9/3/10,8/27/10,,
151-NG-T30,FPQ-5688,SO-36915,DN-1973,Nigeria,PMO - US,From RDC,N/A - From RDC,Air Charter,ARV,Adult,SCMS from RDC,"Emtricitabine/Tenofovir Disoproxil Fumarate 200/300mg, tablets, 30 Tabs",Emtricitabine/Tenofovir Disoproxil Fumarate,Generic,200/300mg,Tablet - FDC,Mylan (formerly Matrix) Nashik,83455,30,1328,15604,11.75,0.39,33.64,122,6147.18,TRUE,8/31/10,8/17/10,,
151-NG-T30,FPQ-5023,SO-36468,DN-1993,Nigeria,PMO - US,From RDC,N/A - From RDC,Air Charter,ARV,Adult,SCMS from RDC,"Nevirapine 200mg, tablets, 60 Tabs",Nevirapine,Generic,200mg,Tablet,"Aurobindo Unit III, India",83456,60,47150,128719.5,2.73,0.05,277.52,5357,6147.18,TRUE,8/12/10,8/17/10,,
104-CI-T30,FPQ-5623,SO-36880,DN-2011,Côte d'Ivoire,PMO - US,From RDC,N/A - From RDC,Air,ARV,Adult,SCMS from RDC,"Abacavir 300mg, tablets, 60 Tabs",Abacavir,Generic,300mg,Tablet,Mylan (formerly Matrix) Nashik,83457,60,5310,87296.4,16.44,0.27,188.21,,,FALSE,9/30/10,9/25/10,,
106-HT-T30,FPQ-5523,SO-36741,DN-2015,Haiti,PMO - US,From RDC,N/A - From RDC,Air,ARV,Adult,SCMS from RDC,"Lamivudine 150mg, tablets, 60 Tabs",Lamivudine,Generic,150mg,Tablet,Hetero Unit III Hyderabad IN,83458,60,19320,47140.8,2.44,0.04,101.64,,,FALSE,9/30/10,10/7/10,,
102-UG-T30,FPQ-6403,SO-37480,DN-2031,Uganda,PMO - US,From RDC,N/A - From RDC,Air,ARV,Adult,SCMS from RDC,"Lamivudine/Nevirapine/Stavudine 150/200/30mg, tablets, 60 Tabs",Lamivudine/Nevirapine/Stavudine,Generic,150/200/30mg,Tablet - FDC,"Cipla, Goa, India",83459,60,1193,6835.89,5.73,0.1,14.74,144,1413.56,TRUE,10/20/10,10/26/10,,
151-NG-T30,FPQ-5688,SO-37500,DN-2025,Nigeria,PMO - US,From RDC,N/A - From RDC,Air,ARV,Adult,SCMS from RDC,"Zidovudine 300mg, tablets, 60 Tabs",Zidovudine,Generic,300mg,Tablet,"Aurobindo Unit III, India",83460,60,15650,112836.5,7.21,0.12,243.28,16417,20264.93,TRUE,10/22/10,11/10/10,,
113-ZW-T30,FPQ-4694,SO-35370,DN-2041,Zimbabwe,PMO - US,From RDC,N/A - From RDC,Truck,ARV,Adult,SCMS from RDC,"Efavirenz 600mg, tablets, 30 Tabs",Efavirenz,Generic,600mg,Tablet,"Aurobindo Unit III, India",83461,30,5900,26668,4.52,0.15,57.5,12810,15919.75,TRUE,11/30/10,11/25/10,,
104-CI-T30,FPQ-5925,SO-37150,DN-2035,Côte d'Ivoire,PMO - US,From RDC,N/A - From RDC,Truck,ARV,Adult,SCMS from RDC,"Abacavir/Lamivudine 600/300mg, scored tablets, 30 Tabs",Abacavir/Lamivudine,Generic,600/300mg,Tablet - FDC,Mylan (formerly Matrix) Nashik,83462,30,1980,44550,22.5,0.75,96.05,,,FALSE,11/30/10,11/26/10,,
104-CI-T30,FPQ-5925,SO-37150,DN-2035,Côte d'Ivoire,PMO - US,From RDC,N/A - From RDC,Truck,ARV,Adult,SCMS from RDC,"Emtricitabine/Tenofovir Disoproxil Fumarate 200/300mg, tablets, 30 Tabs",Emtricitabine/Tenofovir Disoproxil Fumarate,Generic,200/300mg,Tablet - FDC,Mylan (formerly Matrix) Nashik,83463,30,9760,114680,11.75,0.39,247.25,,,FALSE,11/30/10,11/26/10,,
104-CI-T30,FPQ-5925,SO-37150,DN-2035,Côte d'Ivoire,PMO - US,From RDC,N/A - From RDC,Truck,ARV,Adult,SCMS from RDC,"Lamivudine/Stavudine 150/30mg, tablets, 60 Tabs",Lamivudine/Stavudine,Generic,150/30mg,Tablet - FDC,Mylan (formerly Matrix) Nashik,83464,60,26444,86736.32,3.28,0.05,187,,,FALSE,11/30/10,11/26/10,,
110-ZM-T30,FPQ-6221,SO-37320,DN-2054,Zambia,PMO - US,From RDC,N/A - From RDC,Truck,ARV,Adult,SCMS from RDC,"Lamivudine/Nevirapine/Stavudine 150/200/30mg, tablets, 60 Tabs",Lamivudine/Nevirapine/Stavudine,Generic,150/200/30mg,Tablet - FDC,"Strides, Bangalore, India.",83465,60,56430,306414.9,5.43,0.09,660.63,15358,16606.55,TRUE,12/31/10,11/25/10,,
114-UG-T30,FPQ-6427,SO-37550,DN-2055,Uganda,PMO - US,From RDC,N/A - From RDC,Truck,ARV,Adult,SCMS from RDC,"Efavirenz 600mg, tablets, 30 Tabs",Efavirenz,Generic,600mg,Tablet,"Emcure Plot No.P-2, I.T-B.T. Park, Phase II, MIDC, Hinjwadi, Pune, India",83466,30,99404,449306.1,4.52,0.15,968.7,6960,29545.05,TRUE,12/2/10,12/2/10,,
114-UG-T30,FPQ-6438,SO-37680,DN-2057,Uganda,PMO - US,From RDC,N/A - From RDC,Air,ARV,Adult,SCMS from RDC,"Nevirapine 200mg, tablets, 60 Tabs",Nevirapine,Generic,200mg,Tablet,Hetero Unit III Hyderabad IN,83467,60,3690,9815.4,2.66,0.04,21.16,214,5166.39,TRUE,12/2/10,11/29/10,,
104-CI-T30,FPQ-5925,SO-38010,DN-2062,Côte d'Ivoire,PMO - US,From RDC,N/A - From RDC,Air,ARV,Adult,SCMS from RDC,"Lopinavir/Ritonavir 200/50mg [Aluvia], tablets, 120 Tabs",Lopinavir/Ritonavir,Aluvia,200/50mg,Tablet,ABBVIE Ludwigshafen Germany,83468,120,1000,36160,36.16,0.3,77.96,205,3962.5,TRUE,12/7/10,12/13/10,,
104-CI-T30,FPQ-5925,SO-37740,DN-2064,Côte d'Ivoire,PMO - US,From RDC,N/A - From RDC,Air,ARV,Adult,SCMS from RDC,"Lamivudine 150mg, tablets, 60 Tabs",Lamivudine,Generic,150mg,Tablet,Hetero Unit III Hyderabad IN,83469,60,8100,18873,2.33,0.04,40.69,3093,11235.05,TRUE,11/30/10,12/9/10,,
200-DO-T30,FPQ-6616,SO-38030,DN-2066,Dominican Republic,PMO - US,From RDC,N/A - From RDC,Air,ARV,Adult,SCMS from RDC,"Abacavir 300mg, tablets, 60 Tabs",Abacavir,Generic,300mg,Tablet,Mylan (formerly Matrix) Nashik,83470,60,3073,48829.97,15.89,0.26,80.57,594,4996.2,TRUE,11/30/10,12/14/10,,
200-DO-T30,FPQ-6616,SO-38030,DN-2066,Dominican Republic,PMO - US,From RDC,N/A - From RDC,Air,ARV,Adult,SCMS from RDC,"Lopinavir/Ritonavir 200/50mg, tablets, 120 Tabs",Lopinavir/Ritonavir,Generic,200/50mg,Tablet,"Aurobindo Unit III, India",83471,120,1100,39600,36,0.3,65.34,,,FALSE,11/30/10,12/14/10,,
110-ZM-T30,FPQ-6221,SO-37340,DN-2072,Zambia,PMO - US,From RDC,N/A - From RDC,Truck,ARV,Adult,SCMS from RDC,"Emtricitabine/Tenofovir Disoproxil Fumarate 200/300mg, tablets, 30 Tabs",Emtricitabine/Tenofovir Disoproxil Fumarate,Generic,200/300mg,Tablet - FDC,Mylan (formerly Matrix) Nashik,83472,30,220002,2585023.5,11.75,0.39,5573.31,20364,31373.1,TRUE,11/15/10,12/10/10,,
106-HT-T30,FPQ-6484,SO-37760,DN-2073,Haiti,PMO - US,From RDC,N/A - From RDC,Air,ARV,Adult,SCMS from RDC,"Lamivudine 150mg, tablets, 60 Tabs",Lamivudine,Generic,150mg,Tablet,Hetero Unit III Hyderabad IN,83473,60,9009,20990.97,2.33,0.04,45.26,,,FALSE,12/20/10,1/5/11,,
106-HT-T30,FPQ-6484,SO-37760,DN-2073,Haiti,PMO - US,From RDC,N/A - From RDC,Air,ARV,Adult,SCMS from RDC,"Stavudine 15mg, capsules, 60 Caps",Stavudine,Generic,15mg,Capsule,"Aurobindo Unit III, India",83474,60,168,252,1.5,0.02,0.54,,,FALSE,12/20/10,1/5/11,,
106-HT-T30,FPQ-6484,SO-37760,DN-2073,Haiti,PMO - US,From RDC,N/A - From RDC,Air,ARV,Pediatric,SCMS from RDC,"Zidovudine 100mg, capsules, 100 Caps",Zidovudine,Generic,100mg,Capsule,"Aurobindo Unit III, India",83475,100,2583,12501.72,4.84,0.05,26.95,,,FALSE,12/20/10,1/5/11,,
117-ET-T30,FPQ-6428,SO-38100,DN-2075,Ethiopia,PMO - US,From RDC,N/A - From RDC,Air,ARV,Adult,SCMS from RDC,"Tenofovir Disoproxil Fumarate 300mg, tablets, 30 Tabs",Tenofovir Disoproxil Fumarate,Generic,300mg,Tablet,Mylan (formerly Matrix) Nashik,83476,30,1440,10512,7.3,0.24,22.66,88,1842.95,TRUE,12/15/10,12/9/10,,
114-UG-T30,FPQ-6427,SO-37530,DN-2079,Uganda,PMO - US,From RDC,N/A - From RDC,Truck,ARV,Adult,SCMS from RDC,"Lamivudine/Nevirapine/Zidovudine 150/200/300mg, tablets, 60 Tabs",Lamivudine/Nevirapine/Zidovudine,Generic,150/300/200mg,Tablet - FDC,"Aurobindo Unit III, India",83477,60,125000,1402500,11.22,0.19,3023.79,16790,103428,TRUE,12/31/10,12/23/10,,
202-GT-T30,FPQ-6943,SO-38260,DN-2089,Guatemala,PMO - US,From RDC,N/A - From RDC,Air,ARV,Adult,SCMS from RDC,"Lamivudine/Zidovudine 150/300mg, tablets, 60 Tabs",Lamivudine/Zidovudine,Generic,150/300mg,Tablet - FDC,"Aurobindo Unit III, India",83478,60,4301,36773.55,8.55,0.14,60.68,1435,16252.95,TRUE,1/31/11,1/24/11,,
111-MZ-T30,FPQ-6981,SO-38350,DN-2094,Mozambique,PMO - US,From RDC,N/A - From RDC,Air,ARV,Pediatric,SCMS from RDC,"Zidovudine 10mg/ml, oral solution, Bottle, 240 ml",Zidovudine,Generic,10mg/ml,Oral solution,"Aurobindo Unit III, India",83479,240,1177,2377.54,2.02,0.01,3.92,512,3415.72,TRUE,2/28/11,2/25/11,,
111-MZ-T30,FPQ-6981,SO-38360,DN-2096,Mozambique,PMO - US,From RDC,N/A - From RDC,Truck,ARV,Pediatric,SCMS from RDC,"Zidovudine 10mg/ml, oral solution w/syringe, Bottle, 240 ml",Zidovudine,Generic,10mg/ml,Oral solution,"Aurobindo Unit III, India",83480,240,4000,8400,2.1,0.01,13.86,1137,4711.97,TRUE,3/31/11,3/9/11,,
110-ZM-T30,FPQ-5702,SO-38000,DN-2099,Zambia,PMO - US,From RDC,N/A - From RDC,Truck,ARV,Adult,SCMS from RDC,"Efavirenz 600mg, tablets, 30 Tabs",Efavirenz,Generic,600mg,Tablet,"Aurobindo Unit III, India",83481,30,28271,127784.92,4.52,0.15,275.5,2507,9553.01,TRUE,1/28/11,2/11/11,,
104-CI-T30,FPQ-6495,SO-37710,DN-2098,Côte d'Ivoire,PMO - US,From RDC,N/A - From RDC,Truck,ARV,Adult,SCMS from RDC,"Lamivudine 150mg, tablets, 60 Tabs",Lamivudine,Generic,150mg,Tablet,"Aurobindo Unit III, India",83482,60,17320,40355.6,2.33,0.04,87.01,1721,8758.37,TRUE,1/31/11,2/22/11,,
104-CI-T30,FPQ-6144,SO-38380,DN-2106,Côte d'Ivoire,PMO - US,From RDC,N/A - From RDC,Air,ARV,Adult,SCMS from RDC,"Lamivudine/Zidovudine 150/300mg, tablets, 60 Tabs",Lamivudine/Zidovudine,Generic,150/300mg,Tablet - FDC,"Aurobindo Unit III, India",83483,60,18507,158234.84,8.55,0.14,341.15,,,FALSE,1/31/11,2/22/11,,
110-ZM-T30,FPQ-6222,SO-37360,DN-2112,Zambia,PMO - US,From RDC,N/A - From RDC,Truck,ARV,Adult,SCMS from RDC,"Zidovudine 300mg, tablets, 60 Tabs",Zidovudine,Generic,300mg,Tablet,"Aurobindo Unit III, India",83484,60,10776,77694.96,7.21,0.12,167.51,586,8045.76,TRUE,2/26/11,2/15/11,,
106-HT-T30,FPQ-6484,SO-38120,DN-2113,Haiti,PMO - US,From RDC,N/A - From RDC,Air,ARV,Adult,SCMS from RDC,"Zidovudine 300mg, tablets, 60 Tabs",Zidovudine,Generic,300mg,Tablet,"Aurobindo Unit III, India",83485,60,960,6921.6,7.21,0.12,14.92,,,FALSE,2/28/11,2/14/11,,
106-HT-T30,FPQ-6801,SO-38620,DN-2114,Haiti,PMO - US,From RDC,N/A - From RDC,Air,ARV,Pediatric,SCMS from RDC,"Abacavir 20mg/ml, oral solution w/syringe, Bottle, 240 ml",Abacavir,Generic,20mg/ml,Oral solution,"Aurobindo Unit III, India",83486,240,544,7452.8,13.7,0.06,12.3,395,6555.75,TRUE,2/28/11,2/14/11,,
104-CI-T30,FPQ-6891,SO-38710,DN-2120,Côte d'Ivoire,PMO - US,From RDC,N/A - From RDC,Air,ARV,Adult,SCMS from RDC,"Stavudine 30mg, capsules, 60 Caps",Stavudine,Generic,30mg,Capsule,"Aurobindo Unit III, India",83487,60,2070,2898,1.4,0.02,4.78,176,1653.99,TRUE,2/28/11,2/28/11,,
105-GY-T30,FPQ-7128,SO-38840,DN-2129,Guyana,PMO - US,From RDC,N/A - From RDC,Air,ARV,Adult,SCMS from RDC,"Stavudine 15mg, capsules, 60 Caps",Stavudine,Generic,15mg,Capsule,"Aurobindo Unit III, India",83488,60,73,109.5,1.5,0.02,0.18,143,2097.18,TRUE,3/31/11,3/25/11,,
105-GY-T30,FPQ-7128,SO-38840,DN-2129,Guyana,PMO - US,From RDC,N/A - From RDC,Air,ARV,Pediatric,SCMS from RDC,"Abacavir 20mg/ml, oral solution w/syringe, Bottle, 240 ml",Abacavir,Generic,20mg/ml,Oral solution,"Aurobindo Unit III, India",83489,240,99,1356.3,13.7,0.06,2.24,,,FALSE,3/31/11,3/25/11,,
104-CI-T30,FPQ-6495,SO-37700,DN-2137,Côte d'Ivoire,PMO - US,From RDC,N/A - From RDC,Air,ARV,Pediatric,SCMS from RDC,"Didanosine 200mg, chewable/dispersible tablets, 60 Tabs",Didanosine,Generic,200mg,Chewable/dispersible tablet,"Aurobindo Unit III, India",83490,60,2296,34440,15,0.25,74.25,17126,17941.46,TRUE,3/31/11,3/29/11,,
104-CI-T30,FPQ-6144,SO-38480,DN-2138,Côte d'Ivoire,PMO - US,From RDC,N/A - From RDC,Air,ARV,Pediatric,SCMS from RDC,"Efavirenz 200mg, capsule, 90 Caps",Efavirenz,Generic,200mg,Capsule,"Aurobindo Unit III, India",83491,90,2440,23692.4,9.71,0.11,51.08,2325,17941.47,TRUE,3/15/11,3/29/11,,
110-ZM-T30,FPQ-6222,SO-38910,DN-2142,Zambia,PMO - US,From RDC,N/A - From RDC,Truck,ARV,Adult,SCMS from RDC,"Lamivudine 150mg, tablets, 60 Tabs",Lamivudine,Generic,150mg,Tablet,"Aurobindo Unit III, India",83492,60,21678,50509.74,2.33,0.04,108.9,1084,4471.07,TRUE,3/31/11,4/5/11,,
114-UG-T30,FPQ-6427,SO-38760,DN-2144,Uganda,PMO - US,From RDC,N/A - From RDC,Truck,ARV,Adult,SCMS from RDC,"Lamivudine/Zidovudine 150/300mg, tablets, 60 Tabs",Lamivudine/Zidovudine,Generic,150/300mg,Tablet - FDC,"Aurobindo Unit III, India",83493,60,30107,248683.81,8.26,0.14,536.16,2875,23675.63,TRUE,3/31/11,4/1/11,,
110-ZM-T30,FPQ-6319,SO-37420,DN-2146,Zambia,PMO - US,From RDC,N/A - From RDC,Truck,ARV,Adult,SCMS from RDC,"Efavirenz/Emtricitabine/Tenofovir Disoproxil Fumarate 600/200/300mg, tablets, 30 Tabs",Efavirenz/Emtricitabine/Tenofovir Disoproxil Fumarate,Generic,600/200/300mg,Tablet - FDC,Mylan (formerly Matrix) Nashik,83494,30,120200,2394384,19.92,0.66,5162.29,13222,4471.08,TRUE,4/14/11,4/5/11,,
109-TZ-T30,FPQ-7347,SO-39000,DN-2152,Tanzania,PMO - US,From RDC,N/A - From RDC,Air,ARV,Adult,SCMS from RDC,"Efavirenz 600mg, tablets, 30 Tabs",Efavirenz,Generic,600mg,Tablet,Mylan (formerly Matrix) Nashik,83495,30,49000,206780,4.22,0.14,341.19,4030,15707.3,TRUE,4/7/11,3/28/11,,
151-NG-T30,FPQ-7217,SO-39150,DN-2164,Nigeria,PMO - US,From RDC,N/A - From RDC,Air Charter,ARV,Adult,SCMS from RDC,"Zidovudine 300mg, tablets, 60 Tabs",Zidovudine,Generic,300mg,Tablet,"Aurobindo Unit III, India",83496,60,15000,108150,7.21,0.12,178.45,823,12601.06,TRUE,6/15/11,5/11/11,,
200-ZW-T30,FPQ-6483,SO-39280,DN-2179,Zimbabwe,PMO - US,From RDC,N/A - From RDC,Truck,ARV,Pediatric,SCMS from RDC,"Efavirenz 50mg, capsule, 30 Caps",Efavirenz,Generic,50mg,Capsule,"Aurobindo Unit III, India",83497,30,3348,7499.52,2.24,0.07,16.17,,,FALSE,4/4/11,5/20/11,,
200-ZW-T30,FPQ-6483,SO-39280,DN-2179,Zimbabwe,PMO - US,From RDC,N/A - From RDC,Truck,ARV,Pediatric,SCMS from RDC,"Lamivudine/Stavudine 60/12mg, dispersible tablets, 60 Tabs",Lamivudine/Stavudine,Generic,60/12mg,Chewable/dispersible tablet - FDC,"Cipla, Goa, India",83498,60,4952,16341.6,3.3,0.06,35.23,,,FALSE,4/4/11,5/20/11,,
114-UG-T30,FPQ-7165,SO-38790,DN-2189,Uganda,PMO - US,From RDC,N/A - From RDC,Air,ARV,Adult,SCMS from RDC,"Efavirenz/Emtricitabine/Tenofovir Disoproxil Fumarate 600/200/300mg, tablets, 30 Tabs",Efavirenz/Emtricitabine/Tenofovir Disoproxil Fumarate,Generic,600/200/300mg,Tablet - FDC,Mylan (formerly Matrix) Nashik,83499,30,720,14342.4,19.92,0.66,23.66,79,2305.65,TRUE,3/11/11,5/3/11,,
151-NG-T30,FPQ-6800,SO-39230,DN-2173,Nigeria,PMO - US,From RDC,N/A - From RDC,Air Charter,ARV,Adult,SCMS from RDC,"Lamivudine/Tenofovir Disoproxil Fumarate 300/300mg, tablets, 30 Tabs",Lamivudine/Tenofovir Disoproxil Fumarate,Generic,300/300mg,Tablet - FDC,Mylan (formerly Matrix) Nashik,83500,30,50000,441000,8.82,0.29,727.65,4502,12601.07,TRUE,6/21/11,5/10/11,,
110-ZM-T30,FPQ-6482,SO-39420,DN-2198,Zambia,PMO - US,From RDC,N/A - From RDC,Truck,ARV,Adult,SCMS from RDC,"Nevirapine 200mg, tablets, 60 Tabs",Nevirapine,Generic,200mg,Tablet,"Strides, Bangalore, India.",83501,60,18000,45180,2.51,0.04,97.41,1032,3402.23,TRUE,4/30/11,5/20/11,,
200-ZW-T30,FPQ-6483,SO-37880,DN-2203,Zimbabwe,PMO - US,From RDC,N/A - From RDC,Truck,ARV,Pediatric,SCMS from RDC,"Efavirenz 200mg, capsule, 90 Caps",Efavirenz,Generic,200mg,Capsule,"Aurobindo Unit III, India",83502,90,1152,11185.92,9.71,0.11,24.12,,,FALSE,5/31/11,6/13/11,,
151-NG-T30,FPQ-7217,SO-39570,DN-2211,Nigeria,PMO - US,From RDC,N/A - From RDC,Air Charter,ARV,Adult,SCMS from RDC,"Lamivudine/Tenofovir Disoproxil Fumarate 300/300mg, tablets, 30 Tabs",Lamivudine/Tenofovir Disoproxil Fumarate,Generic,300/300mg,Tablet - FDC,Mylan (formerly Matrix) Nashik,83503,30,70651,623141.8,8.82,0.29,1028.18,6749,13398.06,TRUE,6/15/11,7/5/11,,
151-NG-T30,FPQ-7217,SO-39580,DN-2213,Nigeria,PMO - US,From RDC,N/A - From RDC,Air Charter,ARV,Adult,SCMS from RDC,"Lamivudine/Zidovudine 150/300mg, tablets, 60 Tabs",Lamivudine/Zidovudine,Generic,150/300mg,Tablet - FDC,"Aurobindo Unit III, India",83504,60,30091,248551.66,8.26,0.14,410.11,,,FALSE,6/15/11,7/6/11,,
151-NG-T30,FPQ-7217,SO-39630,DN-2219,Nigeria,PMO - US,From RDC,N/A - From RDC,Air Charter,ARV,Adult,SCMS from RDC,"Emtricitabine/Tenofovir Disoproxil Fumarate 200/300mg, tablets, 30 Tabs",Emtricitabine/Tenofovir Disoproxil Fumarate,Generic,200/300mg,Tablet - FDC,"Aurobindo Unit III, India",83505,30,57749,630619.06,10.92,0.36,1040.52,5554,13398.06,TRUE,6/15/11,7/5/11,,
151-NG-T30,FPQ-7217,SO-39840,DN-2244,Nigeria,PMO - US,From RDC,N/A - From RDC,Air Charter,ARV,Adult,SCMS from RDC,"Lamivudine/Nevirapine/Zidovudine 150/200/300mg, tablets, 60 Tabs",Lamivudine/Nevirapine/Zidovudine,Generic,150/300/200mg,Tablet - FDC,"Aurobindo Unit III, India",83506,60,206853,2320890.8,11.22,0.19,3829.47,29353,13398.06,TRUE,6/15/11,7/6/11,,
100-BJ-T30,FPQ-7658,SO-39810,DN-2250,Benin,PMO - US,From RDC,N/A - From RDC,Air,ARV,Adult,SCMS from RDC,"Lopinavir/Ritonavir 200/50mg [Aluvia], tablets, 120 Tabs",Lopinavir/Ritonavir,Aluvia,200/50mg,Tablet,ABBVIE Ludwigshafen Germany,83507,120,611,20615.14,33.74,0.28,34.01,129,6477.67,TRUE,6/13/11,6/30/11,,
110-ZM-T30,FPQ-6677,SO-38060,DN-2254,Zambia,PMO - US,From RDC,N/A - From RDC,Truck,ARV,Adult,SCMS from RDC,"Lamivudine 150mg, tablets, 60 Tabs",Lamivudine,Generic,150mg,Tablet,Hetero Unit III Hyderabad IN,83508,60,18579,43289.07,2.33,0.04,71.43,2029,6801.72,TRUE,7/15/11,7/11/11,,
100-GH-T30,FPQ-7799,SO-39940,DN-2259,Ghana,PMO - US,From RDC,N/A - From RDC,Air,ARV,Adult,SCMS from RDC,"Tenofovir Disoproxil Fumarate 300mg, tablets, 30 Tabs",Tenofovir Disoproxil Fumarate,Generic,300mg,Tablet,Mylan (formerly Matrix) Nashik,83509,30,2110,13546.2,6.42,0.21,22.35,,,FALSE,7/4/11,7/15/11,,
109-TZ-T30,FPQ-7675,SO-39760,DN-2265,Tanzania,PMO - US,From RDC,N/A - From RDC,Air,ARV,Adult,SCMS from RDC,"Emtricitabine/Tenofovir Disoproxil Fumarate 200/300mg, tablets, 30 Tabs",Emtricitabine/Tenofovir Disoproxil Fumarate,Generic,200/300mg,Tablet - FDC,Mylan (formerly Matrix) Nashik,83510,30,77636,818283.44,10.54,0.35,1350.17,6986,26538.46,TRUE,8/31/11,7/18/11,,
111-MZ-T30,FPQ-7053,SO-40070,DN-2270,Mozambique,PMO - US,From RDC,N/A - From RDC,Truck,ARV,Adult,SCMS from RDC,"Lamivudine/Zidovudine 150/300mg, tablets, 60 Tabs",Lamivudine/Zidovudine,Generic,150/300mg,Tablet - FDC,"Aurobindo Unit III, India",83511,60,15048,128660.4,8.55,0.14,212.29,1391,3525.04,TRUE,8/31/11,9/5/11,,
200-ZW-T30,FPQ-6483,SO-37870,DN-2279,Zimbabwe,PMO - US,From RDC,N/A - From RDC,Truck,ARV,Pediatric,SCMS from RDC,"Lamivudine/Stavudine 30/6mg, dispersible tablets, 60 Tabs",Lamivudine/Stavudine,Generic,30/6mg,Chewable/dispersible tablet - FDC,"Cipla, Goa, India",83513,60,3687,7005.3,1.9,0.03,15.1,212,2143.48,TRUE,8/15/11,8/11/11,,
113-ZW-T30,FPQ-6470,SO-37842,DN-2285,Zimbabwe,PMO - US,From RDC,N/A - From RDC,Truck,ARV,Adult,SCMS from RDC,"Lamivudine/Stavudine 150/30mg, tablets, 60 Tabs",Lamivudine/Stavudine,Generic,150/30mg,Tablet - FDC,"Cipla, Goa, India",83514,60,4669,15314.32,3.28,0.05,33.02,357,2143.49,TRUE,8/15/11,8/11/11,,
114-UG-T30,FPQ-7162,SO-39970,DN-2287,Uganda,PMO - US,From RDC,N/A - From RDC,Truck,ARV,Adult,SCMS from RDC,"Lamivudine/Tenofovir Disoproxil Fumarate 300/300mg, tablets, 30 Tabs",Lamivudine/Tenofovir Disoproxil Fumarate,Generic,300/300mg,Tablet - FDC,Mylan (formerly Matrix) Nashik,83515,30,30000,264600,8.82,0.29,436.59,2641,19673.48,TRUE,6/30/11,7/14/11,,
104-CI-T30,FPQ-6495,SO-38750,DN-2295,Côte d'Ivoire,PMO - US,From RDC,N/A - From RDC,Air,ARV,Pediatric,SCMS from RDC,"Nevirapine 10mg/ml, oral suspension w/syringe, Bottle, 240 ml",Nevirapine,Generic,10mg/ml,Oral suspension,"Aurobindo Unit III, India",83517,240,3846,7499.7,1.95,0.01,16.17,,,TRUE,7/22/11,7/22/11,,
113-ZW-T30,FPQ-6470,SO-37844,DN-2301,Zimbabwe,PMO - US,From RDC,N/A - From RDC,Truck,ARV,Adult,SCMS from RDC,"Nevirapine 200mg, tablets, 60 Tabs",Nevirapine,Generic,200mg,Tablet,Hetero Unit III Hyderabad IN,83518,60,9073,22773.23,2.51,0.04,49.1,487,2091.17,TRUE,9/5/11,9/5/11,,
110-ZM-T30,FPQ-7085,SO-38720,DN-2299,Zambia,PMO - US,From RDC,N/A - From RDC,Truck,ARV,Adult,SCMS from RDC,"Efavirenz/Emtricitabine/Tenofovir Disoproxil Fumarate 600/200/300mg, tablets, 30 Tabs",Efavirenz/Emtricitabine/Tenofovir Disoproxil Fumarate,Generic,600/200/300mg,Tablet - FDC,Mylan (formerly Matrix) Nashik,83519,30,60000,1195200,19.92,0.66,1972.08,,,FALSE,9/1/11,8/15/11,,
104-CI-T30,FPQ-7659,SO-40121,DN-2304,Côte d'Ivoire,PMO - US,From RDC,N/A - From RDC,Air,ARV,Adult,SCMS from RDC,"Abacavir 300mg, tablets, 60 Tabs",Abacavir,Generic,300mg,Tablet,"Aurobindo Unit III, India",83520,60,4617,69439.68,15.04,0.25,114.58,,,FALSE,9/27/11,9/12/11,,
106-HT-T30,FPQ-6801,SO-38213,DN-2310,Haiti,PMO - US,From RDC,N/A - From RDC,Air,ARV,Adult,SCMS from RDC,"Lamivudine 150mg, tablets, 60 Tabs",Lamivudine,Generic,150mg,Tablet,"Aurobindo Unit III, India",83521,60,9200,21436,2.33,0.04,35.37,,,FALSE,7/19/11,8/11/11,,
114-UG-T30,FPQ-7267,SO-39060,DN-2312,Uganda,PMO - US,From RDC,N/A - From RDC,Truck,ARV,Adult,SCMS from RDC,"Efavirenz/Emtricitabine/Tenofovir Disoproxil Fumarate 600/200/300mg, tablets, 30 Tabs",Efavirenz/Emtricitabine/Tenofovir Disoproxil Fumarate,Generic,600/200/300mg,Tablet - FDC,Mylan (formerly Matrix) Nashik,83522,30,3330,66333.6,19.92,0.66,109.45,370,2886.12,TRUE,7/31/11,8/12/11,,
900-GH-T30,FPQ-7866,SO-40000,DN-2320,Ghana,PMO - US,From RDC,N/A - From RDC,Air,ARV,Adult,SCMS from RDC,"Lamivudine/Zidovudine 150/300mg, tablets, 60 Tabs",Lamivudine/Zidovudine,Generic,150/300mg,Tablet - FDC,Mylan (formerly Matrix) Nashik,83523,60,32168,265707.7,8.26,0.14,438.42,5199,585,TRUE,11/14/11,11/14/11,,
900-GH-T30,FPQ-7866,SO-40010,DN-2321,Ghana,PMO - US,From RDC,N/A - From RDC,Air,ARV,Adult,SCMS from RDC,"Nevirapine 200mg, tablets, 60 Tabs",Nevirapine,Generic,200mg,Tablet,"Strides, Bangalore, India.",83524,60,45084,113160.84,2.51,0.04,186.72,2698,12676.4,TRUE,9/6/11,8/11/11,,
110-ZM-T30,FPQ-7085,SO-38741,DN-2322,Zambia,PMO - US,From RDC,N/A - From RDC,Truck,ARV,Adult,SCMS from RDC,"Nevirapine 200mg, tablets, 60 Tabs",Nevirapine,Generic,200mg,Tablet,Hetero Unit III Hyderabad IN,83525,60,31892,80048.92,2.51,0.04,132.08,,,FALSE,9/29/11,8/29/11,,
113-ZW-T30,FPQ-7052,SO-38511,DN-2324,Zimbabwe,PMO - US,From RDC,N/A - From RDC,Truck,ARV,Adult,SCMS from RDC,"Nevirapine 200mg, tablets, 60 Tabs",Nevirapine,Generic,200mg,Tablet,"Aurobindo Unit VII, IN",83526,60,9073,22228.85,2.45,0.04,36.68,1406,5479.15,TRUE,9/30/11,9/19/11,,
114-UG-T30,FPQ-7652,SO-39500,DN-2326,Uganda,PMO - US,From RDC,N/A - From RDC,Truck,ARV,Adult,SCMS from RDC,"Lamivudine/Nevirapine/Zidovudine 150/200/300mg, tablets, 60 Tabs",Lamivudine/Nevirapine/Zidovudine,Generic,150/300/200mg,Tablet - FDC,Mylan (formerly Matrix) Nashik,83527,60,6139,68879.58,11.22,0.19,113.65,1518,6561.51,TRUE,9/5/11,8/23/11,,
114-UG-T30,FPQ-8048,SO-40230,DN-2328,Uganda,PMO - US,From RDC,N/A - From RDC,Truck,ARV,Adult,SCMS from RDC,"Lamivudine/Tenofovir Disoproxil Fumarate 300/300mg, tablets, 30 Tabs",Lamivudine/Tenofovir Disoproxil Fumarate,Generic,300/300mg,Tablet - FDC,Mylan (formerly Matrix) Nashik,83528,30,7441,61239.43,8.23,0.27,101.05,656,4376.56,TRUE,9/22/11,8/24/11,,
114-UG-T30,FPQ-7162,SO-38800,DN-2329,Uganda,PMO - US,From RDC,N/A - From RDC,Truck,ARV,Adult,SCMS from RDC,"Lamivudine/Nevirapine/Zidovudine 150/200/300mg, tablets, 60 Tabs",Lamivudine/Nevirapine/Zidovudine,Generic,150/300/200mg,Tablet - FDC,Mylan (formerly Matrix) Nashik,83529,60,105000,1178100,11.22,0.19,1943.86,,,FALSE,8/5/11,8/24/11,,
104-CI-T30,FPQ-7659,SO-40122,DN-2339,Côte d'Ivoire,PMO - US,From RDC,N/A - From RDC,Air,ARV,Adult,SCMS from RDC,"Abacavir 300mg, tablets, 60 Tabs",Abacavir,Generic,300mg,Tablet,Mylan (formerly Matrix) Nashik,83530,60,2313,34787.52,15.04,0.25,57.4,,,FALSE,10/12/11,10/12/11,,
109-TZ-T30,FPQ-6713,SO-38171,DN-2345,Tanzania,PMO - US,From RDC,N/A - From RDC,Truck,ARV,Adult,SCMS from RDC,"Efavirenz/Emtricitabine/Tenofovir Disoproxil Fumarate 600/200/300mg, tablets, 30 Tabs",Efavirenz/Emtricitabine/Tenofovir Disoproxil Fumarate,Generic,600/200/300mg,Tablet - FDC,Mylan (formerly Matrix) Nashik,83531,30,68235,1359241.2,19.92,0.66,2242.75,,,TRUE,10/3/11,9/16/11,,
151-NG-T30,FPQ-7812,SO-39993,DN-2352,Nigeria,PMO - US,From RDC,N/A - From RDC,Air Charter,ARV,Adult,SCMS from RDC,"Stavudine 30mg, capsules, 60 Caps",Stavudine,Generic,30mg,Capsule,"Aurobindo Unit III, India",83532,60,1000,1400,1.4,0.02,2.31,108,18495.9,TRUE,11/3/11,9/28/11,,
100-ZW-T30,FPQ-7559,SO-39551,DN-2362,Zimbabwe,PMO - US,From RDC,N/A - From RDC,Truck,ARV,Pediatric,SCMS from RDC,"Lamivudine/Zidovudine 30/60mg, tablets, 60 Tabs",Lamivudine/Zidovudine,Generic,30/60mg,Tablet - FDC,"Aurobindo Unit III, India",83533,60,323,1049.75,3.25,0.05,1.73,209,502.49,TRUE,10/21/11,10/21/11,,
113-ZW-T30,FPQ-7934,SO-40281,DN-2367,Zimbabwe,PMO - US,From RDC,N/A - From RDC,Truck,ARV,Adult,SCMS from RDC,"Lamivudine/Tenofovir Disoproxil Fumarate 300/300mg, tablets, 30 Tabs",Lamivudine/Tenofovir Disoproxil Fumarate,Generic,300/300mg,Tablet - FDC,Mylan (formerly Matrix) Nashik,83534,30,42444,366291.72,8.63,0.29,604.38,1423,6623.46,TRUE,10/25/11,10/21/11,,
109-TZ-T30,FPQ-6713,SO-38170,DN-2363,Tanzania,PMO - US,From RDC,N/A - From RDC,Truck,ARV,Adult,SCMS from RDC,"Efavirenz/Emtricitabine/Tenofovir Disoproxil Fumarate 600/200/300mg, tablets, 30 Tabs",Efavirenz/Emtricitabine/Tenofovir Disoproxil Fumarate,Generic,600/200/300mg,Tablet - FDC,Mylan (formerly Matrix) Nashik,83536,30,40337,803513.06,19.92,0.66,1325.8,4560,1047.17,TRUE,10/3/11,9/23/11,,
151-NG-T30,FPQ-7812,SO-39999,DN-2377,Nigeria,PMO - US,From RDC,N/A - From RDC,Air Charter,ARV,Adult,SCMS from RDC,"Efavirenz 600mg, tablets, 30 Tabs",Efavirenz,Generic,600mg,Tablet,Hetero Unit III Hyderabad IN,83537,30,100000,422000,4.22,0.14,696.3,5712,18495.9,TRUE,11/3/11,9/28/11,,
111-MZ-T30,FPQ-7053,SO-38641,DN-2366,Mozambique,PMO - US,From RDC,N/A - From RDC,Truck,ARV,Pediatric,SCMS from RDC,"Nevirapine 10mg/ml, oral suspension w/syringe, Bottle, 240 ml",Nevirapine,Generic,10mg/ml,Oral suspension,"Aurobindo Unit III, India",83538,240,13994,27288.3,1.95,0.01,45.03,5269,4480.45,TRUE,1/25/12,1/25/12,,
900-SZ-T30,FPQ-8417,SO-40690,DN-2388,Swaziland,PMO - US,From RDC,N/A - From RDC,Air,ARV,Adult,SCMS from RDC,"Lamivudine/Tenofovir Disoproxil Fumarate 300/300mg, tablets, 30 Tabs",Lamivudine/Tenofovir Disoproxil Fumarate,Generic,300/300mg,Tablet - FDC,Mylan (formerly Matrix) Nashik,83539,30,17300,135286,7.82,0.26,223.22,2036,15635.84,TRUE,12/12/11,10/18/11,,
114-UG-T30,FPQ-7166,SO-38870,DN-2389,Uganda,PMO - US,From RDC,N/A - From RDC,Air,ARV,Pediatric,SCMS from RDC,"Nevirapine 10mg/ml, oral suspension w/syringe, Bottle, 240 ml",Nevirapine,Generic,10mg/ml,Oral suspension,"Aurobindo Unit III, India",83540,240,9794,19098.3,1.95,0.01,31.51,3654,19520.77,TRUE,11/15/11,11/1/11,,
100-ZW-T30,FPQ-7559,SO-39550,DN-2390,Zimbabwe,PMO - US,From RDC,N/A - From RDC,Truck,ARV,Pediatric,SCMS from RDC,"Lamivudine/Zidovudine 30/60mg, tablets, 60 Tabs",Lamivudine/Zidovudine,Generic,30/60mg,Tablet - FDC,Mylan (formerly Matrix) Nashik,83541,60,12733,38071.67,2.99,0.05,62.82,496,5257.35,TRUE,10/31/11,10/21/11,,
106-HT-T30,FPQ-7653,SO-39742,DN-2399,Haiti,PMO - US,From RDC,N/A - From RDC,Air,ARV,Adult,SCMS from RDC,"Stavudine 30mg, capsules, 60 Caps",Stavudine,Generic,30mg,Capsule,"Aurobindo Unit III, India",83542,60,4520,6328,1.4,0.02,10.44,418,4692.14,TRUE,10/31/11,11/8/11,,
110-ZM-T30,FPQ-8383,SO-40730,DN-2398,Zambia,PMO - US,From RDC,N/A - From RDC,Truck,ARV,Adult,SCMS from RDC,"Emtricitabine/Tenofovir Disoproxil Fumarate 200/300mg, tablets, 30 Tabs",Emtricitabine/Tenofovir Disoproxil Fumarate,Generic,200/300mg,Tablet - FDC,"Aurobindo Unit III, India",83543,30,26060,233758.2,8.97,0.3,385.7,2409,9346.8,TRUE,11/3/11,11/15/11,,
151-NG-T30,FPQ-7812,SO-40723,DN-2395,Nigeria,PMO - US,From RDC,N/A - From RDC,Air Charter,ARV,Adult,SCMS from RDC,"Lamivudine/Nevirapine/Zidovudine 150/200/300mg, tablets, 60 Tabs",Lamivudine/Nevirapine/Zidovudine,Generic,150/300/200mg,Tablet - FDC,Mylan (formerly Matrix) Nashik,83544,60,94848,1064194.5,11.22,0.19,1755.92,,,FALSE,12/5/11,10/13/11,,
151-NG-T30,FPQ-7812,SO-40724,DN-2401,Nigeria,PMO - US,From RDC,N/A - From RDC,Air Charter,ARV,Adult,SCMS from RDC,"Lamivudine/Nevirapine/Zidovudine 150/200/300mg, tablets, 60 Tabs",Lamivudine/Nevirapine/Zidovudine,Generic,150/300/200mg,Tablet - FDC,Mylan (formerly Matrix) Nashik,83545,60,45113,506167.88,11.22,0.19,835.18,6180,21326.73,TRUE,12/5/11,10/13/11,,
109-TZ-T30,FPQ-8303,SO-40521,DN-2412,Tanzania,PMO - US,From RDC,N/A - From RDC,Truck,ARV,Pediatric,SCMS from RDC,"Nevirapine 10mg/ml, oral suspension w/syringe, Bottle, 240 ml",Nevirapine,Generic,10mg/ml,Oral suspension,"Aurobindo Unit III, India",83546,240,15000,29250,1.95,0.01,48.26,5641,45291.49,TRUE,12/29/11,12/12/11,,
114-UG-T30,FPQ-8520,SO-40912,DN-2460,Uganda,PMO - US,From RDC,N/A - From RDC,Truck,ARV,Adult,SCMS from RDC,"Lamivudine/Zidovudine 150/300mg, tablets, 60 Tabs",Lamivudine/Zidovudine,Generic,150/300mg,Tablet - FDC,"Aurobindo Unit III, India",83547,60,5471,45190.46,8.26,0.14,74.56,521,4237.12,TRUE,2/10/12,1/19/12,,
151-NG-T30,FPQ-8364,SO-40655,DN-2463,Nigeria,PMO - US,From RDC,N/A - From RDC,Air Charter,ARV,Adult,SCMS from RDC,"Lamivudine/Zidovudine 150/300mg, tablets, 60 Tabs",Lamivudine/Zidovudine,Generic,150/300mg,Tablet - FDC,"Aurobindo Unit III, India",83548,60,85919,709690.94,8.26,0.14,1170.99,8754,15322.73,TRUE,3/2/12,12/18/11,,
107-RW-T30,FPQ-8716,SO-41060,DN-2467,Rwanda,PMO - US,From RDC,N/A - From RDC,Air,ARV,Pediatric,SCMS from RDC,"Lamivudine 10mg/ml, oral solution w/syringe, Bottle, 240 ml",Lamivudine,Generic,10mg/ml,Oral solution,"Aurobindo Unit III, India",83549,240,3000,5550,1.85,0.01,7.78,1076,4474.31,TRUE,1/23/12,1/23/12,,
111-MZ-T30,FPQ-8157,SO-40322,DN-2471,Mozambique,PMO - US,From RDC,N/A - From RDC,Truck,ARV,Adult,SCMS from RDC,"Lamivudine/Nevirapine/Zidovudine 150/200/300mg, tablets, 60 Tabs",Lamivudine/Nevirapine/Zidovudine,Generic,150/300/200mg,Tablet - FDC,"Cipla, Goa, India",83550,60,150000,1683000,11.22,0.19,2776.95,19143,16660.04,TRUE,3/8/12,3/8/12,,
111-MZ-T30,FPQ-8157,SO-40321,DN-2480,Mozambique,PMO - US,From RDC,N/A - From RDC,Truck,ARV,Adult,SCMS from RDC,"Lamivudine/Nevirapine/Zidovudine 150/200/300mg, tablets, 60 Tabs",Lamivudine/Nevirapine/Zidovudine,Generic,150/300/200mg,Tablet - FDC,Mylan (formerly Matrix) Nashik,83551,60,275,3085.5,11.22,0.19,5.09,36,3470,TRUE,2/29/12,2/22/12,,
109-TZ-T30,FPQ-8297,SO-40601,DN-2483,Tanzania,PMO - US,From RDC,N/A - From RDC,Truck,ARV,Adult,SCMS from RDC,"Efavirenz 600mg, tablets, 30 Tabs",Efavirenz,Generic,600mg,Tablet,"Aurobindo Unit III, India",83552,30,65000,274300,4.22,0.14,452.6,,,FALSE,2/29/12,2/5/12,,
111-MZ-T30,FPQ-8157,SO-40370,DN-2488,Mozambique,PMO - US,From RDC,N/A - From RDC,Truck,ARV,Adult,SCMS from RDC,"Lamivudine/Zidovudine 150/300mg, tablets, 60 Tabs",Lamivudine/Zidovudine,Generic,150/300mg,Tablet - FDC,"Aurobindo Unit VII, IN",83553,60,28168,232667.69,8.26,0.14,383.9,318,6025.73,TRUE,2/29/12,3/8/12,,
111-MZ-T30,FPQ-8157,SO-40370,DN-2488,Mozambique,PMO - US,From RDC,N/A - From RDC,Truck,ARV,Adult,SCMS from RDC,"Nevirapine 200mg, tablets, 60 Tabs",Nevirapine,Generic,200mg,Tablet,"Aurobindo Unit VII, IN",83554,60,2940,7203,2.45,0.04,11.88,,,FALSE,2/29/12,3/8/12,,
101-CD-T30,FPQ-8840,SO-41133,DN-2495,"Congo, DRC",PMO - US,From RDC,N/A - From RDC,Air,ARV,Adult,SCMS from RDC,"Efavirenz 600mg, tablets, 30 Tabs",Efavirenz,Generic,600mg,Tablet,"Strides, Bangalore, India.",83555,30,30,123.6,4.12,0.14,0.17,55,912.36,TRUE,3/16/12,2/14/12,,
101-CD-T30,FPQ-8840,SO-41135,DN-2497,"Congo, DRC",PMO - US,From RDC,N/A - From RDC,Air,ARV,Adult,SCMS from RDC,"Efavirenz 600mg, tablets, 30 Tabs",Efavirenz,Generic,600mg,Tablet,"Strides, Bangalore, India.",83556,30,10,41.2,4.12,0.14,0.06,,,FALSE,3/16/12,2/14/12,,
105-GY-T30,FPQ-8620,SO-41000,DN-2503,Guyana,PMO - US,From RDC,N/A - From RDC,Air,ARV,Pediatric,SCMS from RDC,"Efavirenz 200mg, capsule, 90 Caps",Efavirenz,Generic,200mg,Capsule,"Aurobindo Unit III, India",83557,90,153,1357.11,8.87,0.1,1.9,,,FALSE,3/30/12,2/4/12,,
105-GY-T30,FPQ-8620,SO-41000,DN-2503,Guyana,PMO - US,From RDC,N/A - From RDC,Air,ARV,Pediatric,SCMS from RDC,"Abacavir 20mg/ml, oral solution w/syringe, Bottle, 240 ml",Abacavir,Generic,20mg/ml,Oral solution,"Aurobindo Unit III, India",83558,240,55,687.5,12.5,0.05,0.96,,,FALSE,3/30/12,2/4/12,,
101-CD-T30,FPQ-8840,SO-41140,DN-2504,"Congo, DRC",PMO - US,From RDC,N/A - From RDC,Air,ARV,Pediatric,SCMS from RDC,"Nevirapine 10mg/ml, oral suspension w/syringe, Bottle, 240 ml",Nevirapine,Generic,10mg/ml,Oral suspension,"Aurobindo Unit III, India",83559,240,186,362.7,1.95,0.01,0.51,81,1535.56,TRUE,3/16/12,4/3/12,,
101-CD-T30,FPQ-8840,SO-41140,DN-2504,"Congo, DRC",PMO - US,From RDC,N/A - From RDC,Air,ARV,Adult,SCMS from RDC,"Lamivudine/Tenofovir Disoproxil Fumarate 300/300mg, tablets, 30 Tabs",Lamivudine/Tenofovir Disoproxil Fumarate,Generic,300/300mg,Tablet - FDC,Mylan (formerly Matrix) Nashik,83560,30,8,48.64,6.08,0.2,0.07,,,FALSE,3/16/12,4/3/12,,
101-CD-T30,FPQ-8840,SO-41141,DN-2505,"Congo, DRC",PMO - US,From RDC,N/A - From RDC,Air,ARV,Adult,SCMS from RDC,"Lamivudine/Tenofovir Disoproxil Fumarate 300/300mg, tablets, 30 Tabs",Lamivudine/Tenofovir Disoproxil Fumarate,Generic,300/300mg,Tablet - FDC,Mylan (formerly Matrix) Nashik,83561,30,53,322.24,6.08,0.2,0.45,220,2110.2,TRUE,3/16/12,3/14/12,,
101-CD-T30,FPQ-8840,SO-41143,DN-2507,"Congo, DRC",PMO - US,From RDC,N/A - From RDC,Air,ARV,Pediatric,SCMS from RDC,"Nevirapine 10mg/ml, oral suspension w/syringe, Bottle, 240 ml",Nevirapine,Generic,10mg/ml,Oral suspension,"Aurobindo Unit III, India",83562,240,699,1363.05,1.95,0.01,1.91,,,FALSE,3/16/12,4/11/12,,
101-CD-T30,FPQ-8840,SO-41147,DN-2511,"Congo, DRC",PMO - US,From RDC,N/A - From RDC,Air,ARV,Pediatric,SCMS from RDC,"Nevirapine 10mg/ml, oral suspension w/syringe, Bottle, 240 ml",Nevirapine,Generic,10mg/ml,Oral suspension,"Aurobindo Unit III, India",83563,240,1090,2125.5,1.95,0.01,2.98,512,3438.2,TRUE,3/16/12,3/14/12,,
101-CD-T30,FPQ-8840,SO-41147,DN-2511,"Congo, DRC",PMO - US,From RDC,N/A - From RDC,Air,ARV,Adult,SCMS from RDC,"Zidovudine 300mg, tablets, 60 Tabs",Zidovudine,Generic,300mg,Tablet,Hetero Unit III Hyderabad IN,83564,60,1700,11934,7.02,0.12,16.73,,,FALSE,3/16/12,3/14/12,,
101-CD-T30,FPQ-8840,SO-41148,DN-2512,"Congo, DRC",PMO - US,From RDC,N/A - From RDC,Air,ARV,Pediatric,SCMS from RDC,"Nevirapine 10mg/ml, oral suspension w/syringe, Bottle, 240 ml",Nevirapine,Generic,10mg/ml,Oral suspension,"Aurobindo Unit III, India",83565,240,2463,4802.85,1.95,0.01,6.73,,,FALSE,3/16/12,3/14/12,,
113-ZW-T30,FPQ-7934,SO-40280,DN-2520,Zimbabwe,PMO - US,From RDC,N/A - From RDC,Truck,ARV,Adult,SCMS from RDC,"Lamivudine/Tenofovir Disoproxil Fumarate 300/300mg, tablets, 30 Tabs",Lamivudine/Tenofovir Disoproxil Fumarate,Generic,300/300mg,Tablet - FDC,Mylan (formerly Matrix) Nashik,83566,30,17556,106740.48,6.08,0.2,176.12,1373,4777.08,TRUE,1/31/12,2/16/12,,
101-CD-T30,FPQ-8840,SO-41381,DN-2523,"Congo, DRC",PMO - US,From RDC,N/A - From RDC,Air,ARV,Adult,SCMS from RDC,"Lamivudine 150mg, tablets, 60 Tabs",Lamivudine,Generic,150mg,Tablet,Hetero Unit III Hyderabad IN,83567,60,67,156.11,2.33,0.04,0.22,4,491.42,TRUE,3/22/12,3/22/12,,
104-CI-T30,FPQ-8295,SO-40760,DN-2533,Côte d'Ivoire,PMO - US,From RDC,N/A - From RDC,Truck,ARV,Pediatric,SCMS from RDC,"Nevirapine 10mg/ml, oral suspension w/syringe, Bottle, 240 ml",Nevirapine,Generic,10mg/ml,Oral suspension,"Aurobindo Unit III, India",83568,240,4448,8673.6,1.95,0.01,14.31,1663,1102.3,TRUE,3/1/12,3/1/12,,
104-CI-T30,FPQ-8787,SO-41171,DN-2545,Côte d'Ivoire,PMO - US,From RDC,N/A - From RDC,Air,ARV,Adult,SCMS from RDC,"Lamivudine 150mg, tablets, 60 Tabs",Lamivudine,Generic,150mg,Tablet,"Aurobindo Unit III, India",83569,60,10350,24115.5,2.33,0.04,33.81,495,20548.8,TRUE,5/21/12,3/1/12,,
104-CI-T30,FPQ-8295,SO-40751,DN-2554,Côte d'Ivoire,PMO - US,From RDC,N/A - From RDC,Truck,ARV,Adult,SCMS from RDC,"Efavirenz/Emtricitabine/Tenofovir Disoproxil Fumarate 600/200/300mg, tablets, 30 Tabs",Efavirenz/Emtricitabine/Tenofovir Disoproxil Fumarate,Generic,600/200/300mg,Tablet - FDC,Mylan (formerly Matrix) Nashik,83570,30,8922,149265.06,16.73,0.56,246.29,973,4466.99,TRUE,3/12/12,2/24/12,,
104-CI-T30,FPQ-8787,SO-41151,DN-2557,Côte d'Ivoire,PMO - US,From RDC,N/A - From RDC,Air,ARV,Adult,SCMS from RDC,"Efavirenz/Emtricitabine/Tenofovir Disoproxil Fumarate 600/200/300mg, tablets, 30 Tabs",Efavirenz/Emtricitabine/Tenofovir Disoproxil Fumarate,Generic,600/200/300mg,Tablet - FDC,Mylan (formerly Matrix) Nashik,83571,30,7140,119452.2,16.73,0.56,167.47,779,4646.13,TRUE,4/16/12,2/24/12,,
151-NG-T30,FPQ-8952,SO-41263,DN-2564,Nigeria,PMO - US,From RDC,N/A - From RDC,Air Charter,ARV,Adult,SCMS from RDC,"Lamivudine/Zidovudine 150/300mg, tablets, 60 Tabs",Lamivudine/Zidovudine,Generic,150/300mg,Tablet - FDC,"Aurobindo Unit III, India",83572,60,99995,825958.7,8.26,0.14,1157.99,11636,25231.96,TRUE,6/20/12,2/16/12,,
151-NG-T30,FPQ-8952,SO-41263,DN-2564,Nigeria,PMO - US,From RDC,N/A - From RDC,Air Charter,ARV,Adult,SCMS from RDC,"Lamivudine/Zidovudine 150/300mg, tablets, 60 Tabs",Lamivudine/Zidovudine,Generic,150/300mg,Tablet - FDC,"Cipla, Goa, India",83573,60,15653,129293.78,8.26,0.14,181.27,,,FALSE,6/20/12,2/16/12,,
151-NG-T30,FPQ-8952,SO-41267,DN-2579,Nigeria,PMO - US,From RDC,N/A - From RDC,Air Charter,ARV,Adult,SCMS from RDC,"Efavirenz 600mg, tablets, 30 Tabs",Efavirenz,Generic,600mg,Tablet,"Strides, Bangalore, India.",83574,30,91166,375603.9,4.12,0.14,526.6,6073,25231.96,TRUE,6/20/12,2/16/12,,
105-GY-T30,FPQ-8620,SO-41010,DN-2576,Guyana,PMO - US,From RDC,N/A - From RDC,Air,ARV,Adult,SCMS from RDC,"Abacavir 300mg, tablets, 60 Tabs",Abacavir,Generic,300mg,Tablet,Mylan (formerly Matrix) Nashik,83575,60,127,1858.01,14.63,0.24,2.6,25,211,TRUE,3/30/12,3/19/12,,
111-MZ-T30,FPQ-8157,SO-40381,DN-2590,Mozambique,PMO - US,From RDC,N/A - From RDC,Truck,ARV,Adult,SCMS from RDC,"Lamivudine/Nevirapine/Zidovudine 150/200/300mg, tablets, 60 Tabs",Lamivudine/Nevirapine/Zidovudine,Generic,150/300/200mg,Tablet - FDC,Mylan (formerly Matrix) Nashik,83576,60,20000,224400,11.22,0.19,370.26,,,FALSE,5/7/12,5/24/12,,
102-BI-T30,FPQ-9229,SO-41540,DN-2595,Burundi,PMO - US,From RDC,N/A - From RDC,Air,ARV,Pediatric,SCMS from RDC,"Zidovudine 10mg/ml, oral solution w/syringe, Bottle, 240 ml",Zidovudine,Generic,10mg/ml,Oral solution,"Aurobindo Unit III, India",83577,240,180,378,2.1,0.01,0.53,327,5320.13,TRUE,4/26/12,4/9/12,,
113-ZW-T30,FPQ-7560,SO-39470,DN-2604,Zimbabwe,PMO - US,From RDC,N/A - From RDC,Truck,ARV,Adult,SCMS from RDC,"Zidovudine 300mg, tablets, 60 Tabs",Zidovudine,Generic,300mg,Tablet,Hetero Unit III Hyderabad IN,83578,60,31263,219466.27,7.02,0.12,362.12,1616,3489.53,TRUE,4/18/12,4/10/12,,
110-ZM-T30,FPQ-8476,SO-40953,DN-2608,Zambia,PMO - US,From RDC,N/A - From RDC,Truck,ARV,Adult,SCMS from RDC,"Lamivudine/Nevirapine/Stavudine 150/200/30mg, tablets, 60 Tabs",Lamivudine/Nevirapine/Stavudine,Generic,150/200/30mg,Tablet - FDC,"Strides, Bangalore, India.",83579,60,50000,269000,5.38,0.09,443.85,10381,8510.81,TRUE,5/15/12,4/16/12,,
114-UG-T30,FPQ-8522,SO-40931,DN-2607,Uganda,PMO - US,From RDC,N/A - From RDC,Truck,ARV,Adult,SCMS from RDC,"Lamivudine/Nevirapine/Zidovudine 150/200/300mg, tablets, 60 Tabs",Lamivudine/Nevirapine/Zidovudine,Generic,150/300/200mg,Tablet - FDC,"Strides, Bangalore, India.",83580,60,71568,787248,11,0.18,1298.96,11441,55175.61,TRUE,5/16/12,3/27/12,,
111-MZ-T30,FPQ-8157,SO-40390,DN-2616,Mozambique,PMO - US,From RDC,N/A - From RDC,Truck,ARV,Adult,SCMS from RDC,"Lamivudine/Nevirapine/Zidovudine 150/200/300mg, tablets, 60 Tabs",Lamivudine/Nevirapine/Zidovudine,Generic,150/300/200mg,Tablet - FDC,"Cipla, Goa, India",83581,60,100000,1122000,11.22,0.19,1851.3,,,FALSE,5/7/12,5/10/12,,
113-ZW-T30,FPQ-8464,SO-40860,DN-2621,Zimbabwe,PMO - US,From RDC,N/A - From RDC,Truck,ARV,Adult,SCMS from RDC,"Nevirapine 200mg, tablets, 60 Tabs",Nevirapine,Generic,200mg,Tablet,"Aurobindo Unit VII, IN",83583,60,52164,134583.12,2.58,0.04,222.06,12347,16978.83,TRUE,4/17/12,5/7/12,,
110-ZM-T30,FPQ-8476,SO-40955,DN-2624,Zambia,PMO - US,From RDC,N/A - From RDC,Truck,ARV,Adult,SCMS from RDC,"Lamivudine/Zidovudine 150/300mg, tablets, 60 Tabs",Lamivudine/Zidovudine,Generic,150/300mg,Tablet - FDC,Mylan (formerly Matrix) Nashik,83584,60,152458,1219664,8,0.13,2012.45,28103,36650.58,TRUE,5/15/12,4/30/12,,
107-RW-T30,FPQ-8372,SO-40970,DN-2627,Rwanda,PMO - US,From RDC,N/A - From RDC,Air,ARV,Pediatric,SCMS from RDC,"Efavirenz 50mg, capsule, 30 Caps",Efavirenz,Generic,50mg,Capsule,"Aurobindo Unit III, India",83585,30,1092,2446.08,2.24,0.07,4.04,7,805.58,TRUE,8/9/12,4/17/12,,
109-TZ-T30,FPQ-8303,SO-40501,DN-2632,Tanzania,PMO - US,From RDC,N/A - From RDC,Truck,ARV,Pediatric,SCMS from RDC,"Lamivudine/Nevirapine/Stavudine 30/50/6mg, dispersible tablets, 60 Tabs",Lamivudine/Nevirapine/Stavudine,Generic,30/50/6mg,Chewable/dispersible tablet - FDC,"Cipla, Goa, India",83586,60,15855,39478.95,2.49,0.04,65.14,1380,4553.1,TRUE,5/31/12,5/16/12,,
102-BI-T30,FPQ-9229,SO-41531,DN-2636,Burundi,PMO - US,From RDC,N/A - From RDC,Air,ARV,Adult,SCMS from RDC,"Lamivudine/Zidovudine 150/300mg, tablets, 60 Tabs",Lamivudine/Zidovudine,Generic,150/300mg,Tablet - FDC,Hetero Unit III Hyderabad IN,83587,60,1728,13824,8,0.13,19.38,,,TRUE,4/26/12,5/4/12,,
102-DO-T30,FPQ-9676,SO-41870,DN-2639,Dominican Republic,PMO - US,From RDC,N/A - From RDC,Air,ARV,Adult,SCMS from RDC,"Abacavir 300mg, tablets, 60 Tabs",Abacavir,Generic,300mg,Tablet,Mylan (formerly Matrix) Nashik,83588,60,1850,24327.5,13.15,0.22,34.11,630,7519.8,TRUE,5/21/12,5/16/12,,
102-LY-T30,FPQ-9665,SO-41890,DN-2640,Libya,PMO - US,From RDC,N/A - From RDC,Air,ARV,Adult,SCMS from RDC,"Abacavir 300mg, tablets, 60 Tabs",Abacavir,Generic,300mg,Tablet,Mylan (formerly Matrix) Nashik,83589,60,4250,55887.5,13.15,0.22,78.35,437,3062.18,TRUE,6/6/12,5/8/12,,
104-CI-T30,FPQ-8790,SO-41200,DN-2652,Côte d'Ivoire,PMO - US,From RDC,N/A - From RDC,Air,ARV,Adult,SCMS from RDC,"Abacavir 300mg, tablets, 60 Tabs",Abacavir,Generic,300mg,Tablet,"Aurobindo Unit III, India",83590,60,9995,131434.25,13.15,0.22,184.27,,,FALSE,5/30/12,5/30/12,,
111-MZ-T30,FPQ-9506,SO-41760,DN-2663,Mozambique,PMO - US,From RDC,N/A - From RDC,Truck,ARV,Adult,SCMS from RDC,"Lamivudine/Nevirapine/Zidovudine 150/200/300mg, tablets, 60 Tabs",Lamivudine/Nevirapine/Zidovudine,Generic,150/300/200mg,Tablet - FDC,Mylan (formerly Matrix) Nashik,83591,60,200000,2058000,10.29,0.17,2885.32,,,FALSE,7/3/12,6/28/12,,
114-UG-T30,FPQ-9875,SO-42070,DN-2676,Uganda,PMO - US,From RDC,N/A - From RDC,Truck,ARV,Adult,SCMS from RDC,"Nevirapine 200mg, tablets, 60 Tabs",Nevirapine,Generic,200mg,Tablet,"Strides, Bangalore, India.",83592,60,8333,20332.52,2.44,0.04,28.51,479,4358.72,TRUE,7/4/12,6/8/12,,
113-ZW-T30,FPQ-8464,SO-40901,DN-2695,Zimbabwe,PMO - US,From RDC,N/A - From RDC,Truck,ARV,Adult,SCMS from RDC,"Lamivudine/Nevirapine/Zidovudine 150/200/300mg, tablets, 60 Tabs",Lamivudine/Nevirapine/Zidovudine,Generic,150/300/200mg,Tablet - FDC,Mylan (formerly Matrix) Nashik,83593,60,11574,119096.46,10.29,0.17,196.51,,,FALSE,12/11/12,6/27/12,,
104-CI-T30,FPQ-9261,SO-41470,DN-2699,Côte d'Ivoire,PMO - US,From RDC,N/A - From RDC,Air Charter,ARV,Adult,SCMS from RDC,"Abacavir/Lamivudine 600/300mg, scored tablets, 30 Tabs",Abacavir/Lamivudine,Generic,600/300mg,Tablet - FDC,Mylan (formerly Matrix) Nashik,83594,30,2340,52650,22.5,0.75,73.82,263,2330.21,TRUE,7/2/12,6/15/12,,
151-NG-T30,FPQ-8952,SO-41258,DN-2707,Nigeria,PMO - US,From RDC,N/A - From RDC,Air Charter,ARV,Adult,SCMS from RDC,"Emtricitabine/Tenofovir Disoproxil Fumarate 200/300mg, tablets, 30 Tabs",Emtricitabine/Tenofovir Disoproxil Fumarate,Generic,200/300mg,Tablet - FDC,"Aurobindo Unit III, India",83595,30,8257,66386.28,8.04,0.27,93.07,814,17090,TRUE,6/20/12,6/3/12,,
104-CI-T30,FPQ-9063,SO-41350,DN-2713,Côte d'Ivoire,PMO - US,From RDC,N/A - From RDC,Truck,ARV,Adult,SCMS from RDC,"Tenofovir Disoproxil Fumarate 300mg, tablets, 30 Tabs",Tenofovir Disoproxil Fumarate,Generic,300mg,Tablet,"Aurobindo Unit III, India",83596,30,4000,22000,5.5,0.18,30.84,372,2333.91,TRUE,7/16/12,6/18/12,,
104-CI-T30,FPQ-8790,SO-41182,DN-2716,Côte d'Ivoire,PMO - US,From RDC,N/A - From RDC,Air,ARV,Adult,SCMS from RDC,"Abacavir/Lamivudine/Zidovudine 300/150/300mg, tablets, 60 Tabs",Abacavir/Lamivudine/Zidovudine,Generic,300/150/300mg,Tablet - FDC,Mylan (formerly Matrix) Nashik,83597,60,1200,36000,30,0.5,50.47,464,2394.27,TRUE,7/16/12,7/3/12,,
111-MZ-T30,FPQ-9506,SO-41780,DN-2717,Mozambique,PMO - US,From RDC,N/A - From RDC,Truck,ARV,Adult,SCMS from RDC,"Lamivudine 150mg, tablets, 60 Tabs",Lamivudine,Generic,150mg,Tablet,"Strides, Bangalore, India.",83598,60,2268,5284.44,2.33,0.04,7.41,741,5716.86,TRUE,8/7/12,7/24/12,,
114-UG-T30,FPQ-9876,SO-42310,DN-2719,Uganda,PMO - US,From RDC,N/A - From RDC,Air,ARV,Adult,SCMS from RDC,"Lopinavir/Ritonavir 200/50mg, tablets, 120 Tabs",Lopinavir/Ritonavir,Generic,200/50mg,Tablet,"Aurobindo Unit III, India",83599,120,4001,118749.68,29.68,0.25,166.49,972,17102.56,TRUE,7/11/12,6/29/12,,
151-NG-T30,FPQ-9432,SO-41682,DN-2729,Nigeria,PMO - US,From RDC,N/A - From RDC,Air Charter,ARV,Adult,SCMS from RDC,"Efavirenz 600mg, tablets, 30 Tabs",Efavirenz,Generic,600mg,Tablet,"Strides, Bangalore, India.",83600,30,840,3200.4,3.81,0.13,4.49,,,FALSE,8/2/12,7/9/12,,
110-ZM-T30,FPQ-9081,SO-41291,DN-2731,Zambia,PMO - US,From RDC,N/A - From RDC,Truck,ARV,Adult,SCMS from RDC,"Efavirenz/Emtricitabine/Tenofovir Disoproxil Fumarate 600/200/300mg, tablets, 30 Tabs",Efavirenz/Emtricitabine/Tenofovir Disoproxil Fumarate,Generic,600/200/300mg,Tablet - FDC,Mylan (formerly Matrix) Nashik,83601,30,190000,2857600,15.04,0.5,4006.36,21534,13914.56,TRUE,7/30/12,7/30/12,,
107-RW-T30,FPQ-9888,SO-42101,DN-2736,Rwanda,PMO - US,From RDC,N/A - From RDC,Air,ARV,Adult,SCMS from RDC,"Lamivudine/Tenofovir Disoproxil Fumarate 300/300mg, tablets, 30 Tabs",Lamivudine/Tenofovir Disoproxil Fumarate,Generic,300/300mg,Tablet - FDC,Mylan (formerly Matrix) Nashik,83602,30,35000,193900,5.54,0.18,271.85,2657,14332,TRUE,9/3/12,7/12/12,,
111-MZ-T30,FPQ-9506,SO-41750,DN-2739,Mozambique,PMO - US,From RDC,N/A - From RDC,Truck,ARV,Adult,SCMS from RDC,"Zidovudine 300mg, tablets, 60 Tabs",Zidovudine,Generic,300mg,Tablet,Mylan (formerly Matrix) Nashik,83603,60,24530,172200.6,7.02,0.12,241.43,1380,6483.81,TRUE,10/2/12,8/22/12,,
104-CI-T30,FPQ-8790,SO-41191,DN-2754,Côte d'Ivoire,PMO - US,From RDC,N/A - From RDC,Air,ARV,Adult,SCMS from RDC,"Lamivudine/Nevirapine/Zidovudine 150/200/300mg, tablets, 60 Tabs",Lamivudine/Nevirapine/Zidovudine,Generic,150/300/200mg,Tablet - FDC,"Strides, Bangalore, India.",83604,60,20000,196200,9.81,0.16,275.07,,,FALSE,7/31/12,7/31/12,,
107-RW-T30,FPQ-10118,SO-42690,DN-2759,Rwanda,PMO - US,From RDC,N/A - From RDC,Air,ARV,Adult,SCMS from RDC,"Tenofovir Disoproxil Fumarate 300mg, tablets, 30 Tabs",Tenofovir Disoproxil Fumarate,Generic,300mg,Tablet,Mylan (formerly Matrix) Nashik,83605,30,720,3470.4,4.82,0.16,4.87,49,1110.19,TRUE,8/16/12,8/16/12,,
109-TZ-T30,FPQ-9271,SO-41580,DN-2761,Tanzania,PMO - US,From RDC,N/A - From RDC,Truck,ARV,Adult,SCMS from RDC,"Lopinavir/Ritonavir 200/50mg, tablets, 120 Tabs",Lopinavir/Ritonavir,Generic,200/50mg,Tablet,Mylan (formerly Matrix) Nashik,83606,120,25024,733453.44,29.31,0.24,1028.3,30606,9601.38,TRUE,8/31/12,8/22/12,,
151-NG-T30,FPQ-9432,SO-42803,DN-2769,Nigeria,PMO - US,From RDC,N/A - From RDC,Air Charter,ARV,Adult,SCMS from RDC,"Lamivudine/Tenofovir Disoproxil Fumarate 300/300mg, tablets, 30 Tabs",Lamivudine/Tenofovir Disoproxil Fumarate,Generic,300/300mg,Tablet - FDC,"Cipla, Kurkumbh, India",83607,30,1161,6431.94,5.54,0.18,9.02,2566,16532.5,TRUE,8/2/12,7/24/12,,
151-NG-T30,FPQ-9432,SO-42806,DN-2773,Nigeria,PMO - US,From RDC,N/A - From RDC,Air Charter,ARV,Adult,SCMS from RDC,"Nevirapine 200mg, tablets, 60 Tabs",Nevirapine,Generic,200mg,Tablet,Mylan (formerly Matrix) Nashik,83608,60,50000,125500,2.51,0.04,175.95,14810,16532.5,TRUE,8/2/12,7/24/12,,
900-UG-T30,FPQ-10048,SO-42570,DN-2781,Uganda,PMO - US,From RDC,N/A - From RDC,Air,ARV,Adult,SCMS from RDC,"Lamivudine/Tenofovir Disoproxil Fumarate 300/300mg, tablets, 30 Tabs",Lamivudine/Tenofovir Disoproxil Fumarate,Generic,300/300mg,Tablet - FDC,Mylan (formerly Matrix) Nashik,83609,30,39600,219384,5.54,0.18,307.58,,,FALSE,10/30/12,10/30/12,,
107-RW-T30,FPQ-10119,SO-42730,DN-2783,Rwanda,PMO - US,From RDC,N/A - From RDC,Air,ARV,Adult,SCMS from RDC,"Lamivudine/Zidovudine 150/300mg, tablets, 60 Tabs",Lamivudine/Zidovudine,Generic,150/300mg,Tablet - FDC,"Aurobindo Unit III, India",83610,60,29880,232466.4,7.78,0.13,325.92,2699,16152,TRUE,9/28/12,8/17/12,,
151-NG-T30,FPQ-9432,SO-42806,DN-2773,Nigeria,PMO - US,From RDC,N/A - From RDC,Air Charter,ARV,Adult,SCMS from RDC,"Nevirapine 200mg, tablets, 60 Tabs",Nevirapine,Generic,200mg,Tablet,"Aurobindo Unit III, India",83611,60,79235,198879.84,2.51,0.04,278.83,,,FALSE,8/2/12,7/24/12,,
107-RW-T30,FPQ-10119,SO-42701,DN-2801,Rwanda,PMO - US,From RDC,N/A - From RDC,Air,ARV,Adult,SCMS from RDC,"Lamivudine/Stavudine 150/30mg, tablets, 60 Tabs",Lamivudine/Stavudine,Generic,150/30mg,Tablet - FDC,"Strides, Bangalore, India.",83612,60,7300,21535,2.95,0.05,30.19,375,2719.63,TRUE,10/3/12,8/17/12,,
113-ZW-T30,FPQ-8464,SO-40902,DN-2803,Zimbabwe,PMO - US,From RDC,N/A - From RDC,Truck,ARV,Adult,SCMS from RDC,"Nevirapine 200mg, tablets, 60 Tabs",Nevirapine,Generic,200mg,Tablet,Hetero Unit III Hyderabad IN,83613,60,58074,140539.08,2.42,0.04,231.89,4687,8832.53,TRUE,12/11/12,9/4/12,,
113-ZW-T30,FPQ-8464,SO-40900,DN-2804,Zimbabwe,PMO - US,From RDC,N/A - From RDC,Truck,ARV,Adult,SCMS from RDC,"Lamivudine/Stavudine 150/30mg, tablets, 60 Tabs",Lamivudine/Stavudine,Generic,150/30mg,Tablet - FDC,"Strides, Bangalore, India.",83614,60,7150,21092.5,2.95,0.05,34.8,,,FALSE,12/11/12,9/4/12,,
107-RW-T30,FPQ-9888,SO-42170,DN-2807,Rwanda,PMO - US,From RDC,N/A - From RDC,Air,ARV,Pediatric,SCMS from RDC,"Nevirapine 10mg/ml, oral suspension w/syringe, Bottle, 240 ml",Nevirapine,Generic,10mg/ml,Oral suspension,"Aurobindo Unit III, India",83615,240,33792,65894.4,1.95,0.01,92.38,12605,72991.45,TRUE,8/31/12,8/21/12,,
104-CI-T30,FPQ-9261,SO-41490,DN-2809,Côte d'Ivoire,PMO - US,From RDC,N/A - From RDC,Truck,ARV,Adult,SCMS from RDC,"Lopinavir/Ritonavir 200/50mg, tablets, 120 Tabs",Lopinavir/Ritonavir,Generic,200/50mg,Tablet,Mylan (formerly Matrix) Nashik,83616,120,25597,750248.06,29.31,0.24,1051.85,9790,20786.04,TRUE,9/17/12,8/27/12,,
102-CD-T30,FPQ-9906,SO-42340,DN-2812,"Congo, DRC",PMO - US,From RDC,N/A - From RDC,Air,ARV,Adult,SCMS from RDC,"Zidovudine 300mg, tablets, 60 Tabs",Zidovudine,Generic,300mg,Tablet,"Aurobindo Unit III, India",83617,60,6369,43054.44,6.76,0.11,60.36,,,FALSE,2/14/13,2/14/13,,
102-CD-T30,FPQ-9906,SO-42340,DN-2812,"Congo, DRC",PMO - US,From RDC,N/A - From RDC,Air,ARV,Adult,SCMS from RDC,"Lamivudine/Tenofovir Disoproxil Fumarate 300/300mg, tablets, 30 Tabs",Lamivudine/Tenofovir Disoproxil Fumarate,Generic,300/300mg,Tablet - FDC,Mylan (formerly Matrix) Nashik,83618,30,369,1977.84,5.36,0.18,2.77,,,FALSE,2/14/13,2/14/13,,
102-CD-T30,FPQ-9906,SO-42340,DN-2812,"Congo, DRC",PMO - US,From RDC,N/A - From RDC,Air,ARV,Pediatric,SCMS from RDC,"Nevirapine 10mg/ml, oral suspension w/syringe, Bottle, 240 ml",Nevirapine,Generic,10mg/ml,Oral suspension,"Aurobindo Unit III, India",83619,240,6172,12035.4,1.95,0.01,16.87,,,FALSE,2/14/13,2/14/13,,
103-ZW-T30,FPQ-9907,SO-42240,DN-2826,Zimbabwe,PMO - US,From RDC,N/A - From RDC,Truck,ARV,Pediatric,SCMS from RDC,"Abacavir 20mg/ml, oral solution w/syringe, Bottle, 240 ml",Abacavir,Generic,20mg/ml,Oral solution,"Aurobindo Unit III, India",83620,240,100,1250,12.5,0.05,1.75,37,588.71,TRUE,8/31/12,9/11/12,,
110-ZM-T30,FPQ-9472,SO-41700,DN-2847,Zambia,PMO - US,From RDC,N/A - From RDC,Truck,ARV,Adult,SCMS from RDC,"Efavirenz/Emtricitabine/Tenofovir Disoproxil Fumarate 600/200/300mg, tablets, 30 Tabs",Efavirenz/Emtricitabine/Tenofovir Disoproxil Fumarate,Generic,600/200/300mg,Tablet - FDC,Mylan (formerly Matrix) Nashik,83621,30,60000,902400,15.04,0.5,1265.16,6801,7317.47,TRUE,9/28/12,9/7/12,,
106-HT-T30,FPQ-10378,SO-43020,DN-2854,Haiti,PMO - US,From RDC,N/A - From RDC,Air,ARV,Pediatric,SCMS from RDC,"Zidovudine 10mg/ml, oral solution w/syringe, Bottle, 240 ml",Zidovudine,Generic,10mg/ml,Oral solution,"Aurobindo Unit III, India",83622,240,4000,8400,2.1,0.01,11.78,1596,16840.67,TRUE,9/28/12,9/11/12,,
900-SS-T30,FPQ-10514,SO-43050,DN-2857,South Sudan,PMO - US,From RDC,N/A - From RDC,Air,ARV,Pediatric,SCMS from RDC,"Nevirapine 10mg/ml, oral suspension w/syringe, Bottle, 240 ml",Nevirapine,Generic,10mg/ml,Oral suspension,"Aurobindo Unit III, India",83623,240,4320,8424,1.95,0.01,11.81,1624,15446.4,TRUE,10/18/12,10/3/12,,
104-CI-T30,FPQ-9749,SO-42383,DN-2869,Côte d'Ivoire,PMO - US,From RDC,N/A - From RDC,Truck,ARV,Adult,SCMS from RDC,"Tenofovir Disoproxil Fumarate 300mg, tablets, 30 Tabs",Tenofovir Disoproxil Fumarate,Generic,300mg,Tablet,Mylan (formerly Matrix) Nashik,83625,30,2832,13650.24,4.82,0.16,19.14,159,1984.83,TRUE,11/30/12,10/5/12,,
900-SS-T30,FPQ-10514,SO-43060,DN-2871,South Sudan,PMO - US,From RDC,N/A - From RDC,Air,ARV,Adult,SCMS from RDC,"Lamivudine/Zidovudine 150/300mg, tablets, 60 Tabs",Lamivudine/Zidovudine,Generic,150/300mg,Tablet - FDC,Mylan (formerly Matrix) Nashik,83626,60,300,2316,7.72,0.13,3.25,39,742.98,TRUE,11/30/12,11/30/12,,
109-TZ-T30,FPQ-9774,SO-42660,DN-2874,Tanzania,PMO - US,From RDC,N/A - From RDC,Truck,ARV,Adult,SCMS from RDC,"Efavirenz/Emtricitabine/Tenofovir Disoproxil Fumarate 600/200/300mg, tablets, 30 Tabs",Efavirenz/Emtricitabine/Tenofovir Disoproxil Fumarate,Generic,600/200/300mg,Tablet - FDC,Mylan (formerly Matrix) Nashik,83627,30,152880,2198414.5,14.38,0.48,3082.18,17227,7134.39,TRUE,10/18/12,10/31/12,,
114-UG-T30,FPQ-9875,SO-42061,DN-2875,Uganda,PMO - US,From RDC,N/A - From RDC,Air,ARV,Adult,SCMS from RDC,"Efavirenz 600mg, tablets, 30 Tabs",Efavirenz,Generic,600mg,Tablet,"Aurobindo Unit III, India",83628,30,33373,121477.72,3.64,0.12,170.31,2870,14974.6,TRUE,10/17/12,10/11/12,,
102-ZW-T30,FPQ-9927,SO-42302,DN-2881,Zimbabwe,PMO - US,From RDC,N/A - From RDC,Truck,ARV,Adult,SCMS from RDC,"Lamivudine/Zidovudine 150/300mg, tablets, 60 Tabs",Lamivudine/Zidovudine,Generic,150/300mg,Tablet - FDC,"Cipla, Goa, India",83629,60,69990,540322.8,7.72,0.13,757.53,6408,,TRUE,10/31/12,10/18/12,,
109-TZ-T30,FPQ-9774,SO-42650,DN-2883,Tanzania,PMO - US,From RDC,N/A - From RDC,Truck,ARV,Adult,SCMS from RDC,"Lopinavir/Ritonavir 200/50mg, tablets, 120 Tabs",Lopinavir/Ritonavir,Generic,200/50mg,Tablet,Mylan (formerly Matrix) Nashik,83630,120,22920,611964,26.7,0.22,857.97,12181,7134.39,TRUE,11/30/12,10/31/12,,
109-TZ-T30,FPQ-9303,SO-41551,DN-2889,Tanzania,PMO - US,From RDC,N/A - From RDC,Truck,ARV,Pediatric,SCMS from RDC,"Lamivudine/Nevirapine/Stavudine 60/100/12mg, dispersible tablets, 60 Tabs",Lamivudine/Nevirapine/Stavudine,Generic,60/100/12mg,Chewable/dispersible tablet - FDC,"Cipla, Goa, India",83631,60,844,3629.2,4.3,0.07,5.09,466,1696,TRUE,11/30/12,11/6/12,,
151-NG-T30,FPQ-9968,SO-42682,DN-2901,Nigeria,PMO - US,From RDC,N/A - From RDC,Air,ARV,Adult,SCMS from RDC,"Lamivudine/Tenofovir Disoproxil Fumarate 300/300mg, tablets, 30 Tabs",Lamivudine/Tenofovir Disoproxil Fumarate,Generic,300/300mg,Tablet - FDC,"Cipla, Kurkumbh, India",83632,30,41514,222515.05,5.36,0.18,311.97,4052,15459.09,TRUE,11/6/12,11/6/12,,
151-NG-T30,FPQ-9968,SO-42684,DN-2903,Nigeria,PMO - US,From RDC,N/A - From RDC,Air,ARV,Adult,SCMS from RDC,"Efavirenz/Lamivudine/Tenofovir Disoproxil Fumarate 600/300/300mg, tablets, 30 Tabs",Efavirenz/Lamivudine/Tenofovir Disoproxil Fumarate,Generic,600/300/300mg,Tablet - FDC,Mylan (formerly Matrix) Nashik,83633,30,31560,418801.2,13.27,0.44,587.16,3856,15459.09,TRUE,11/6/12,11/6/12,,
151-NG-T30,FPQ-9968,SO-42689,DN-2908,Nigeria,PMO - US,From RDC,N/A - From RDC,Air,ARV,Adult,SCMS from RDC,"Abacavir 300mg, tablets, 60 Tabs",Abacavir,Generic,300mg,Tablet,Mylan (formerly Matrix) Nashik,83634,60,11837,153407.52,12.96,0.22,215.08,1319,15459.09,TRUE,11/6/12,11/6/12,,
103-ZW-T30,FPQ-9907,SO-42270,DN-2914,Zimbabwe,PMO - US,From RDC,N/A - From RDC,Truck,ARV,Pediatric,SCMS from RDC,"Lamivudine/Zidovudine 30/60mg, tablets, 60 Tabs",Lamivudine/Zidovudine,Generic,30/60mg,Tablet - FDC,"Aurobindo Unit III, India",83635,60,19733,54463.08,2.76,0.05,76.36,,,FALSE,11/19/12,11/19/12,,
114-UG-T30,FPQ-10780,SO-43480,DN-2927,Uganda,PMO - US,From RDC,N/A - From RDC,Air,ARV,Adult,SCMS from RDC,"Efavirenz 600mg, tablets, 30 Tabs",Efavirenz,Generic,600mg,Tablet,"Aurobindo Unit III, India",83636,30,4938,17974.32,3.64,0.12,25.2,430,2154,TRUE,1/3/13,11/28/12,,
111-MZ-T30,FPQ-10210,SO-42850,DN-2928,Mozambique,PMO - US,From RDC,N/A - From RDC,Truck,ARV,Adult,SCMS from RDC,"Nevirapine 200mg, tablets, 60 Tabs",Nevirapine,Generic,200mg,Tablet,"Aurobindo Unit III, India",83637,60,1890,4573.8,2.42,0.04,6.41,4145,7433.02,TRUE,1/11/13,1/11/13,,
106-HT-T30,FPQ-10883,SO-43610,DN-2933,Haiti,PMO - US,From RDC,N/A - From RDC,Air,ARV,Adult,SCMS from RDC,"Efavirenz 600mg, tablets, 30 Tabs",Efavirenz,Generic,600mg,Tablet,"Aurobindo Unit III, India",83638,30,19656,71547.84,3.64,0.12,88.5,1679,18028.41,TRUE,12/3/12,11/16/12,,
103-ZW-T30,FPQ-9907,SO-42220,DN-2942,Zimbabwe,PMO - US,From RDC,N/A - From RDC,Truck,ARV,Pediatric,SCMS from RDC,"Lamivudine/Nevirapine/Zidovudine 30/50/60mg, dispersible tablets, 60 Tabs",Lamivudine/Nevirapine/Zidovudine,Generic,30/50/60mg,Chewable/dispersible tablet - FDC,Mylan (formerly Matrix) Nashik,83639,60,135933,564121.94,4.15,0.07,790.9,,,FALSE,12/14/12,12/11/12,,
151-NG-T30,FPQ-9968,SO-43432,DN-2943,Nigeria,PMO - US,From RDC,N/A - From RDC,Air,ARV,Adult,SCMS from RDC,"Lamivudine/Zidovudine 150/300mg, tablets, 60 Tabs",Lamivudine/Zidovudine,Generic,150/300mg,Tablet - FDC,"Aurobindo Unit III, India",83640,60,187168,1444937,7.72,0.13,2025.8,18234,51090,TRUE,12/4/12,12/4/12,,
104-CI-T30,FPQ-9749,SO-42390,DN-2935,Côte d'Ivoire,PMO - US,From RDC,N/A - From RDC,Truck,ARV,Adult,SCMS from RDC,"Lamivudine/Zidovudine 150/300mg, tablets, 60 Tabs",Lamivudine/Zidovudine,Generic,150/300mg,Tablet - FDC,Mylan (formerly Matrix) Nashik,83641,60,90000,694800,7.72,0.13,974.11,10611,38492.46,TRUE,12/14/12,11/30/12,,
151-NG-T30,FPQ-9968,SO-42680,DN-2947,Nigeria,PMO - US,From RDC,N/A - From RDC,Air,ARV,Adult,SCMS from RDC,"Lamivudine/Nevirapine/Zidovudine 150/200/300mg, tablets, 60 Tabs",Lamivudine/Nevirapine/Zidovudine,Generic,150/300/200mg,Tablet - FDC,Hetero Unit III Hyderabad IN,83642,60,204417,1966491.5,9.62,0.16,2757.02,50634,51090,TRUE,12/4/12,12/4/12,,
114-UG-T30,FPQ-10556,SO-43190,DN-2951,Uganda,PMO - US,From RDC,N/A - From RDC,Air,ARV,Adult,SCMS from RDC,"Lamivudine/Zidovudine 150/300mg, tablets, 60 Tabs",Lamivudine/Zidovudine,Generic,150/300mg,Tablet - FDC,Hetero Unit III Hyderabad IN,83643,60,1470,11348.4,7.72,0.13,15.91,,,FALSE,2/1/13,2/1/13,,
104-CI-T30,FPQ-9749,SO-42370,DN-2970,Côte d'Ivoire,PMO - US,From RDC,N/A - From RDC,Truck,ARV,Adult,SCMS from RDC,"Lamivudine/Nevirapine/Zidovudine 150/200/300mg, tablets, 60 Tabs",Lamivudine/Nevirapine/Zidovudine,Generic,150/300/200mg,Tablet - FDC,"Aurobindo Unit III, India",83644,60,9577,92130.74,9.62,0.16,129.17,6889,24138.35,TRUE,1/31/13,1/25/12,,
113-ZW-T30,FPQ-10632,SO-43221,DN-2975,Zimbabwe,PMO - US,From RDC,N/A - From RDC,Truck,ARV,Adult,SCMS from RDC,"Efavirenz 600mg, tablets, 30 Tabs",Efavirenz,Generic,600mg,Tablet,"Emcure Plot No.P-2, I.T-B.T. Park, Phase II, MIDC, Hinjwadi, Pune, India",83645,30,252,897.12,3.56,0.12,1.26,,,FALSE,12/21/12,12/13/12,,
103-AO-T30,FPQ-11071,SO-43980,DN-2980,Angola,PMO - US,From RDC,N/A - From RDC,Air,ARV,Pediatric,SCMS from RDC,"Abacavir 20mg/ml, oral solution w/syringe, Bottle, 240 ml",Abacavir,Generic,20mg/ml,Oral solution,"Aurobindo Unit III, India",83646,240,480,6000,12.5,0.05,7.42,173,2322.47,TRUE,5/20/13,5/20/13,,
101-CD-T30,FPQ-11054,SO-43680,DN-2981,"Congo, DRC",PMO - US,From RDC,N/A - From RDC,Air,ARV,Adult,SCMS from RDC,"Lopinavir/Ritonavir 200/50mg, tablets, 120 Tabs",Lopinavir/Ritonavir,Generic,200/50mg,Tablet,"Aurobindo Unit III, India",83647,120,159,3936.84,24.76,0.21,4.87,,,FALSE,9/11/13,9/11/13,,
151-NG-T30,FPQ-10477,SO-43043,DN-2995,Nigeria,PMO - US,From RDC,N/A - From RDC,Air Charter,ARV,Adult,SCMS from RDC,"Efavirenz/Emtricitabine/Tenofovir Disoproxil Fumarate 600/200/300mg, tablets, 30 Tabs",Efavirenz/Emtricitabine/Tenofovir Disoproxil Fumarate,Generic,600/200/300mg,Tablet - FDC,Mylan (formerly Matrix) Nashik,83648,30,98791,1352448.8,13.69,0.46,1896.13,12135,29780.5,TRUE,2/11/13,2/11/13,,
151-NG-T30,FPQ-10477,SO-43046,DN-2998,Nigeria,PMO - US,From RDC,N/A - From RDC,Air Charter,ARV,Adult,SCMS from RDC,"Tenofovir Disoproxil Fumarate 300mg, tablets, 30 Tabs",Tenofovir Disoproxil Fumarate,Generic,300mg,Tablet,Mylan (formerly Matrix) Nashik,83649,30,7395,29875.8,4.04,0.13,41.89,779,29780.5,TRUE,2/11/13,2/11/13,,
114-UG-T30,FPQ-11143,SO-43921,DN-2999,Uganda,PMO - US,From RDC,N/A - From RDC,Air,ARV,Adult,SCMS from RDC,"Lamivudine/Nevirapine/Zidovudine 150/200/300mg, tablets, 60 Tabs",Lamivudine/Nevirapine/Zidovudine,Generic,150/300/200mg,Tablet - FDC,"Aurobindo Unit III, India",83650,60,39792,356934.25,8.97,0.15,441.53,4658,41595.5,TRUE,2/22/13,2/28/13,,
114-UG-T30,FPQ-11143,SO-43961,DN-3001,Uganda,PMO - US,From RDC,N/A - From RDC,Air,ARV,Adult,SCMS from RDC,"Efavirenz 600mg, tablets, 30 Tabs",Efavirenz,Generic,600mg,Tablet,"Strides, Bangalore, India.",83651,30,24966,88878.96,3.56,0.12,109.94,5391,28382.05,TRUE,2/22/13,2/20/13,,
113-ZW-T30,FPQ-11514,SO-44330,DN-3007,Zimbabwe,PMO - US,From RDC,N/A - From RDC,Truck,ARV,Pediatric,SCMS from RDC,"Nevirapine 10mg/ml, oral suspension w/syringe, Bottle, 240 ml",Nevirapine,Generic,10mg/ml,Oral suspension,"Aurobindo Unit III, India",83652,240,62500,121875,1.95,0.01,150.76,23176,17308.69,TRUE,2/21/13,2/4/13,,
104-CI-T30,FPQ-9749,SO-42374,DN-3010,Côte d'Ivoire,PMO - US,From RDC,N/A - From RDC,Truck,ARV,Adult,SCMS from RDC,"Efavirenz/Lamivudine/Tenofovir Disoproxil Fumarate 600/300/300mg, tablets, 30 Tabs",Efavirenz/Lamivudine/Tenofovir Disoproxil Fumarate,Generic,600/300/300mg,Tablet - FDC,Mylan (formerly Matrix) Nashik,83653,30,14406,174456.66,12.11,0.4,244.59,1639,7690.06,TRUE,2/28/13,2/26/13,,
111-MZ-T30,FPQ-11033,SO-43760,DN-3012,Mozambique,PMO - US,From RDC,N/A - From RDC,Truck,ARV,Adult,SCMS from RDC,"Nevirapine 200mg, tablets, 60 Tabs",Nevirapine,Generic,200mg,Tablet,Hetero Unit III Hyderabad IN,83654,60,1820,4204.2,2.31,0.04,5.2,,,FALSE,4/1/13,3/22/13,,
106-HT-T30,FPQ-11281,SO-44410,DN-3014,Haiti,PMO - US,From RDC,N/A - From RDC,Air,ARV,Pediatric,SCMS from RDC,"Lamivudine/Stavudine 30/6mg, dispersible tablets, 60 Tabs",Lamivudine/Stavudine,Generic,30/6mg,Chewable/dispersible tablet - FDC,"Cipla, Goa, India",83655,60,888,1687.2,1.9,0.03,2.09,119,1896.49,TRUE,4/9/13,1/3/13,,
106-HT-T30,FPQ-11281,SO-44420,DN-3016,Haiti,PMO - US,From RDC,N/A - From RDC,Air,ARV,Adult,SCMS from RDC,"Efavirenz/Lamivudine/Tenofovir Disoproxil Fumarate 600/300/300mg, tablets, 30 Tabs",Efavirenz/Lamivudine/Tenofovir Disoproxil Fumarate,Generic,600/300/300mg,Tablet - FDC,Mylan (formerly Matrix) Nashik,83656,30,15890,192427.9,12.11,0.4,238.03,1807,30844.1,TRUE,4/23/13,3/14/13,,
113-ZW-T30,FPQ-10632,SO-43210,DN-3030,Zimbabwe,PMO - US,From RDC,N/A - From RDC,Truck,ARV,Adult,SCMS from RDC,"Efavirenz 600mg, tablets, 30 Tabs",Efavirenz,Generic,600mg,Tablet,"Strides, Bangalore, India.",83657,30,48960,163036.8,3.33,0.11,228.58,,,FALSE,3/14/13,3/14/13,,
113-ZW-T30,FPQ-10895,SO-43580,DN-3033,Zimbabwe,PMO - US,From RDC,N/A - From RDC,Truck,ARV,Adult,SCMS from RDC,"Efavirenz 600mg, tablets, 30 Tabs",Efavirenz,Generic,600mg,Tablet,"Hetero, Jadcherla, unit 5, IN",83658,30,4800,15984,3.33,0.11,19.77,3082,9405.8,TRUE,3/31/13,3/14/13,,
114-UG-T30,FPQ-11143,SO-43920,DN-3035,Uganda,PMO - US,From RDC,N/A - From RDC,Air,ARV,Adult,SCMS from RDC,"Abacavir/Lamivudine 600/300mg, scored tablets, 30 Tabs",Abacavir/Lamivudine,Generic,600/300mg,Tablet - FDC,Mylan (formerly Matrix) Nashik,83659,30,5009,69925.64,13.96,0.47,86.5,467,6637.16,TRUE,3/15/13,3/1/13,,
106-HT-T30,FPQ-11526,SO-44440,DN-3044,Haiti,PMO - US,From RDC,N/A - From RDC,Air,ARV,Pediatric,SCMS from RDC,"Lamivudine/Nevirapine/Stavudine 30/50/6mg, dispersible tablets, 60 Tabs",Lamivudine/Nevirapine/Stavudine,Generic,30/50/6mg,Chewable/dispersible tablet - FDC,"Cipla, Goa, India",83660,60,619,1423.7,2.3,0.04,1.76,,,FALSE,4/30/13,3/21/13,,
106-HT-T30,FPQ-11281,SO-44400,DN-3015,Haiti,PMO - US,From RDC,N/A - From RDC,Air,ARV,Adult,SCMS from RDC,"Lopinavir/Ritonavir 200/50mg, tablets, 120 Tabs",Lopinavir/Ritonavir,Generic,200/50mg,Tablet,Mylan (formerly Matrix) Nashik,83661,120,6160,152521.6,24.76,0.21,188.67,,,FALSE,4/9/13,3/14/13,,
106-HT-T30,FPQ-11281,SO-44400,DN-3015,Haiti,PMO - US,From RDC,N/A - From RDC,Air,ARV,Pediatric,SCMS from RDC,"Nevirapine 10mg/ml, oral suspension w/syringe, Bottle, 240 ml",Nevirapine,Generic,10mg/ml,Oral suspension,"Aurobindo Unit III, India",83662,240,1716,3346.2,1.95,0.01,4.14,,,FALSE,4/9/13,3/14/13,,
114-UG-T30,FPQ-11143,SO-43960,DN-3042,Uganda,PMO - US,From RDC,N/A - From RDC,Air,ARV,Adult,SCMS from RDC,"Efavirenz/Lamivudine/Tenofovir Disoproxil Fumarate 600/300/300mg, tablets, 30 Tabs",Efavirenz/Lamivudine/Tenofovir Disoproxil Fumarate,Generic,600/300/300mg,Tablet - FDC,Mylan (formerly Matrix) Nashik,83663,30,5277,63904.47,12.11,0.4,79.05,1366,8507.01,TRUE,3/9/13,3/7/13,,
103-ZW-T30,FPQ-11478,SO-44280,DN-3050,Zimbabwe,PMO - US,From RDC,N/A - From RDC,Truck,ARV,Pediatric,SCMS from RDC,"Abacavir/Lamivudine 60/30mg, tablets, 60 Tabs",Abacavir/Lamivudine,Generic,60/30mg,Tablet - FDC,"Aurobindo Unit III, India",83664,60,2599,11955.4,4.6,0.08,14.79,120,1800,TRUE,4/30/13,3/23/13,,
105-GY-T30,FPQ-11547,SO-44540,DN-3058,Guyana,PMO - US,From RDC,N/A - From RDC,Air,ARV,Pediatric,SCMS from RDC,"Lamivudine 10mg/ml, oral solution w/syringe, Bottle, 240 ml",Lamivudine,Generic,10mg/ml,Oral solution,"Aurobindo Unit III, India",83665,240,238,440.3,1.85,0.01,0.54,76,2180,TRUE,4/3/13,3/15/13,,
105-GY-T30,FPQ-11546,SO-44520,DN-3060,Guyana,PMO - US,From RDC,N/A - From RDC,Air,ARV,Adult,SCMS from RDC,"Abacavir 300mg, tablets, 60 Tabs",Abacavir,Generic,300mg,Tablet,Mylan (formerly Matrix) Nashik,83666,60,182,2358.72,12.96,0.22,2.92,,,FALSE,4/18/13,3/15/13,,
104-CI-T30,FPQ-9749,SO-42411,DN-3073,Côte d'Ivoire,PMO - US,From RDC,N/A - From RDC,Truck,ARV,Pediatric,SCMS from RDC,"Lamivudine/Nevirapine/Zidovudine 30/50/60mg, dispersible tablets, 60 Tabs",Lamivudine/Nevirapine/Zidovudine,Generic,30/50/60mg,Chewable/dispersible tablet - FDC,Mylan (formerly Matrix) Nashik,83667,60,5701,23659.15,4.15,0.07,33.17,335,2527.41,TRUE,5/31/13,4/29/13,,
111-MZ-T30,FPQ-11033,SO-43771,DN-3078,Mozambique,PMO - US,From RDC,N/A - From RDC,Truck,ARV,Adult,SCMS from RDC,"Lamivudine 150mg, tablets, 60 Tabs",Lamivudine,Generic,150mg,Tablet,Hetero Unit III Hyderabad IN,83668,60,2890,5751.1,1.99,0.03,7.11,168,4120.69,TRUE,7/1/13,4/16/13,,
106-HT-T30,FPQ-11281,SO-44421,DN-3091,Haiti,PMO - US,From RDC,N/A - From RDC,Air,ARV,Adult,SCMS from RDC,"Efavirenz/Lamivudine/Tenofovir Disoproxil Fumarate 600/300/300mg, tablets, 30 Tabs",Efavirenz/Lamivudine/Tenofovir Disoproxil Fumarate,Generic,600/300/300mg,Tablet - FDC,Mylan (formerly Matrix) Nashik,83670,30,22000,266420,12.11,0.4,329.56,2435,25984.75,TRUE,4/23/13,4/2/13,,
102-BI-T30,FPQ-11661,SO-44640,DN-3096,Burundi,PMO - US,From RDC,N/A - From RDC,Air,ARV,Pediatric,SCMS from RDC,"Zidovudine 10mg/ml, oral solution w/syringe, Bottle, 240 ml",Zidovudine,Generic,10mg/ml,Oral solution,"Aurobindo Unit III, India",83671,240,574,1205.4,2.1,0.01,1.49,422,5384.96,TRUE,5/2/13,5/10/13,,
109-TZ-T30,FPQ-11393,SO-44381,DN-3101,Tanzania,PMO - US,From RDC,N/A - From RDC,Truck,ARV,Adult,SCMS from RDC,"Lopinavir/Ritonavir 200/50mg, tablets, 120 Tabs",Lopinavir/Ritonavir,Generic,200/50mg,Tablet,"Aurobindo Unit III, India",83672,120,12837,317844.12,24.76,0.21,393.17,4613,3592.8,TRUE,5/31/13,5/14/13,,
109-TZ-T30,FPQ-10545,SO-43130,DN-3103,Tanzania,PMO - US,From RDC,N/A - From RDC,Truck,ARV,Adult,SCMS from RDC,"Emtricitabine/Tenofovir Disoproxil Fumarate 200/300mg, tablets, 30 Tabs",Emtricitabine/Tenofovir Disoproxil Fumarate,Generic,200/300mg,Tablet - FDC,Mylan (formerly Matrix) Nashik,83673,30,24042,145934.94,6.07,0.2,204.6,2006,3300.95,TRUE,5/31/13,4/22/13,,
114-UG-T30,FPQ-11143,SO-43951,DN-3119,Uganda,PMO - US,From RDC,N/A - From RDC,Truck,ARV,Adult,SCMS from RDC,"Lamivudine/Nevirapine/Zidovudine 150/200/300mg, tablets, 60 Tabs",Lamivudine/Nevirapine/Zidovudine,Generic,150/300/200mg,Tablet - FDC,Hetero Unit III Hyderabad IN,83674,60,15795,135521.1,8.58,0.14,167.64,2234,6582.95,TRUE,5/8/13,5/9/13,,
114-UG-T30,FPQ-11143,SO-43962,DN-3123,Uganda,PMO - US,From RDC,N/A - From RDC,Air,ARV,Adult,SCMS from RDC,"Efavirenz/Lamivudine/Tenofovir Disoproxil Fumarate 600/300/300mg, tablets, 30 Tabs",Efavirenz/Lamivudine/Tenofovir Disoproxil Fumarate,Generic,600/300/300mg,Tablet - FDC,Hetero Unit III Hyderabad IN,83675,30,52127,548376.06,10.52,0.35,678.34,6874,16177.09,TRUE,4/30/13,5/9/13,,
114-UG-T30,FPQ-11143,SO-43942,DN-3124,Uganda,PMO - US,From RDC,N/A - From RDC,Air,ARV,Adult,SCMS from RDC,"Efavirenz/Lamivudine/Tenofovir Disoproxil Fumarate 600/300/300mg, tablets, 30 Tabs",Efavirenz/Lamivudine/Tenofovir Disoproxil Fumarate,Generic,600/300/300mg,Tablet - FDC,Hetero Unit III Hyderabad IN,83676,30,17310,182101.2,10.52,0.35,225.26,2291,10542.15,TRUE,4/30/13,5/9/13,,
114-UG-T30,FPQ-10946,SO-43650,DN-3121,Uganda,PMO - US,From RDC,N/A - From RDC,Air,ARV,Adult,SCMS from RDC,"Lamivudine/Tenofovir Disoproxil Fumarate 300/300mg, tablets, 30 Tabs",Lamivudine/Tenofovir Disoproxil Fumarate,Generic,300/300mg,Tablet - FDC,Hetero Unit III Hyderabad IN,83677,30,30685,144219.5,4.7,0.16,178.4,5426,6506.75,TRUE,8/9/13,8/9/13,,
103-SS-T30,FPQ-11489,SO-44630,DN-3125,South Sudan,PMO - US,From RDC,N/A - From RDC,Air,ARV,Adult,SCMS from RDC,"Lamivudine/Nevirapine/Zidovudine 150/200/300mg, tablets, 60 Tabs",Lamivudine/Nevirapine/Zidovudine,Generic,150/300/200mg,Tablet - FDC,Hetero Unit III Hyderabad IN,83678,60,3746,32140.68,8.58,0.14,39.76,,,FALSE,4/30/13,4/24/13,,
103-SS-T30,FPQ-11489,SO-44630,DN-3125,South Sudan,PMO - US,From RDC,N/A - From RDC,Air,ARV,Adult,SCMS from RDC,"Nevirapine 200mg, tablets, 60 Tabs",Nevirapine,Generic,200mg,Tablet,Hetero Unit III Hyderabad IN,83679,60,378,854.28,2.26,0.04,1.06,,,FALSE,4/30/13,4/24/13,,
113-ZW-T30,FPQ-11002,SO-43710,DN-3131,Zimbabwe,PMO - US,From RDC,N/A - From RDC,Truck,ARV,Adult,SCMS from RDC,"Nevirapine 200mg, tablets, 60 Tabs",Nevirapine,Generic,200mg,Tablet,Hetero Unit III Hyderabad IN,83680,60,91000,205660,2.26,0.04,254.4,,,FALSE,5/6/13,4/29/13,,
113-ZW-T30,FPQ-11002,SO-43720,DN-3132,Zimbabwe,PMO - US,From RDC,N/A - From RDC,Truck,ARV,Adult,SCMS from RDC,"Lamivudine/Tenofovir Disoproxil Fumarate 300/300mg, tablets, 30 Tabs",Lamivudine/Tenofovir Disoproxil Fumarate,Generic,300/300mg,Tablet - FDC,"Aurobindo Unit VII, IN",83681,30,90986,427634.2,4.7,0.16,528.98,22001,21173.75,TRUE,5/30/13,4/29/13,,
111-MZ-T30,FPQ-11033,SO-43791,DN-3112,Mozambique,PMO - US,From RDC,N/A - From RDC,Truck,ARV,Pediatric,SCMS from RDC,"Zidovudine 10mg/ml, oral solution w/syringe, Bottle, 240 ml",Zidovudine,Generic,10mg/ml,Oral solution,"Aurobindo Unit III, India",83682,240,18597,39053.7,2.1,0.01,48.31,7141,5496.08,TRUE,7/14/13,7/26/13,,
151-NG-T30,FPQ-11771,SO-44751,DN-3144,Nigeria,PMO - US,From RDC,N/A - From RDC,Air Charter,ARV,Adult,SCMS from RDC,"Abacavir/Lamivudine 600/300mg, scored tablets, 30 Tabs",Abacavir/Lamivudine,Generic,600/300mg,Tablet - FDC,"Aurobindo Unit III, India",83683,30,3820,55657.4,14.57,0.49,68.85,3917,14547.55,TRUE,8/21/13,5/3/13,,
107-RW-T30,FPQ-11807,SO-44761,DN-3160,Rwanda,PMO - US,From RDC,N/A - From RDC,Air,ARV,Pediatric,SCMS from RDC,"Zidovudine 10mg/ml, oral solution w/syringe, Bottle, 240 ml",Zidovudine,Generic,10mg/ml,Oral solution,"Aurobindo Unit III, India",83684,240,1500,3150,2.1,0.01,3.9,575,4095.24,TRUE,6/28/13,5/27/13,,
151-NG-T30,FPQ-11022,SO-43849,DN-3171,Nigeria,PMO - US,From RDC,N/A - From RDC,Air Charter,ARV,Adult,SCMS from RDC,"Lamivudine/Zidovudine 150/300mg, tablets, 60 Tabs",Lamivudine/Zidovudine,Generic,150/300mg,Tablet - FDC,"Aurobindo Unit III, India",83685,60,35000,245000,7,0.12,303.06,12877,20666.07,TRUE,5/21/13,5/10/13,,
151-NG-T30,FPQ-11022,SO-44262,DN-3172,Nigeria,PMO - US,From RDC,N/A - From RDC,Air Charter,ARV,Adult,SCMS from RDC,"Efavirenz/Lamivudine/Tenofovir Disoproxil Fumarate 600/300/300mg, tablets, 30 Tabs",Efavirenz/Lamivudine/Tenofovir Disoproxil Fumarate,Generic,600/300/300mg,Tablet - FDC,Hetero Unit III Hyderabad IN,83686,30,120000,1262400,10.52,0.35,1561.59,17470,20666.07,TRUE,5/28/13,5/10/13,,
151-NG-T30,FPQ-11022,SO-43852,DN-3173,Nigeria,PMO - US,From RDC,N/A - From RDC,Air Charter,ARV,Adult,SCMS from RDC,"Efavirenz 600mg, tablets, 30 Tabs",Efavirenz,Generic,600mg,Tablet,"Aurobindo Unit III, India",83687,30,36390,121178.7,3.33,0.11,149.9,17455,20666.07,TRUE,6/4/13,5/10/13,,
110-ZM-T30,FPQ-10728,SO-43460,DN-3186,Zambia,PMO - US,From RDC,N/A - From RDC,Truck,ARV,Adult,SCMS from RDC,"Lamivudine/Zidovudine 150/300mg, tablets, 60 Tabs",Lamivudine/Zidovudine,Generic,150/300mg,Tablet - FDC,"Cipla, Goa, India",83688,60,62168,435176,7,0.12,610.12,22497,11941.65,TRUE,6/28/13,6/7/13,,
109-TZ-T30,FPQ-11393,SO-44383,DN-3194,Tanzania,PMO - US,From RDC,N/A - From RDC,Air,ARV,Adult,SCMS from RDC,"Efavirenz/Emtricitabine/Tenofovir Disoproxil Fumarate 600/200/300mg, tablets, 30 Tabs",Efavirenz/Emtricitabine/Tenofovir Disoproxil Fumarate,Generic,600/200/300mg,Tablet - FDC,"Cipla, Goa, India",83694,30,30598,396550.1,12.96,0.43,490.53,3637,22904.02,TRUE,5/31/13,6/18/13,,
109-TZ-T30,FPQ-12015,SO-44982,DN-3207,Tanzania,PMO - US,From RDC,N/A - From RDC,Truck,ARV,Adult,SCMS from RDC,"Abacavir 300mg, tablets, 60 Tabs",Abacavir,Generic,300mg,Tablet,Mylan (formerly Matrix) Nashik,83695,60,10347,134097.12,12.96,0.22,165.88,1064,4203,TRUE,8/23/13,6/18/13,,
114-UG-T30,FPQ-11133,SO-43870,DN-3221,Uganda,PMO - US,From RDC,N/A - From RDC,Truck,ARV,Adult,SCMS from RDC,"Efavirenz/Lamivudine/Tenofovir Disoproxil Fumarate 600/300/300mg, tablets, 30 Tabs",Efavirenz/Lamivudine/Tenofovir Disoproxil Fumarate,Generic,600/300/300mg,Tablet - FDC,Hetero Unit III Hyderabad IN,83699,30,36273,381591.97,10.52,0.35,472.03,4846,13743.46,TRUE,7/31/13,7/18/13,,
114-UG-T30,FPQ-11133,SO-43910,DN-3237,Uganda,PMO - US,From RDC,N/A - From RDC,Truck,ARV,Adult,SCMS from RDC,"Lamivudine/Nevirapine/Zidovudine 150/200/300mg, tablets, 60 Tabs",Lamivudine/Nevirapine/Zidovudine,Generic,150/300/200mg,Tablet - FDC,"Strides, Bangalore, India.",83700,60,15117,124866.42,8.26,0.14,154.46,8057,10734.13,TRUE,7/31/13,8/26/13,,
104-CI-T30,FPQ-11253,SO-44220,DN-3216,Côte d'Ivoire,PMO - US,From RDC,N/A - From RDC,Truck,ARV,Adult,SCMS from RDC,"Lopinavir/Ritonavir 200/50mg, tablets, 120 Tabs",Lopinavir/Ritonavir,Generic,200/50mg,Tablet,"Aurobindo Unit III, India",83701,120,20000,420000,21,0.18,519.54,5633,17548.42,TRUE,7/31/13,8/6/13,,
151-NG-T30,FPQ-11864,SO-44922,DN-3242,Nigeria,PMO - US,From RDC,N/A - From RDC,Air Charter,ARV,Adult,SCMS from RDC,"Lamivudine/Zidovudine 150/300mg, tablets, 60 Tabs",Lamivudine/Zidovudine,Generic,150/300mg,Tablet - FDC,"Aurobindo Unit III, India",83702,60,4026,29269.02,7.27,0.12,36.21,410,,TRUE,9/4/13,7/23/13,,
114-UG-T30,FPQ-12253,SO-45470,DN-3256,Uganda,PMO - US,From RDC,N/A - From RDC,Air,ARV,Adult,SCMS from RDC,"Efavirenz 600mg, tablets, 30 Tabs",Efavirenz,Generic,600mg,Tablet,"Aurobindo Unit III, India",83704,30,96480,321278.4,3.33,0.11,397.42,,,FALSE,8/6/13,8/20/13,,
114-UG-T30,FPQ-12253,SO-45470,DN-3256,Uganda,PMO - US,From RDC,N/A - From RDC,Air,ARV,Adult,SCMS from RDC,"Lamivudine/Zidovudine 150/300mg, tablets, 60 Tabs",Lamivudine/Zidovudine,Generic,150/300mg,Tablet - FDC,Hetero Unit III Hyderabad IN,83705,60,7619,53333,7,0.12,65.97,,,FALSE,8/6/13,8/20/13,,
110-ZM-T30,FPQ-12066,SO-45061,DN-3258,Zambia,PMO - US,From RDC,N/A - From RDC,Truck,ARV,Adult,SCMS from RDC,"Abacavir 300mg, tablets, 60 Tabs",Abacavir,Generic,300mg,Tablet,Mylan (formerly Matrix) Nashik,83706,60,1102,14281.92,12.96,0.22,17.67,645,5213.01,TRUE,9/6/13,7/30/13,,
114-UG-T30,FPQ-12473,SO-45880,DN-3263,Uganda,PMO - US,From RDC,N/A - From RDC,Air,ARV,Adult,SCMS from RDC,"Lamivudine/Tenofovir Disoproxil Fumarate 300/300mg, tablets, 30 Tabs",Lamivudine/Tenofovir Disoproxil Fumarate,Generic,300/300mg,Tablet - FDC,"Aurobindo Unit VII, IN",83707,30,65615,308390.5,4.7,0.16,381.48,,,FALSE,9/27/13,9/27/13,,
114-UG-T30,FPQ-12473,SO-45870,DN-3267,Uganda,PMO - US,From RDC,N/A - From RDC,Air,ARV,Adult,SCMS from RDC,"Efavirenz 600mg, tablets, 30 Tabs",Efavirenz,Generic,600mg,Tablet,"Aurobindo Unit III, India",83708,30,36007,119903.31,3.33,0.11,148.32,19158,106022.37,TRUE,8/29/13,9/13/13,,
101-CD-T30,FPQ-12033,SO-45020,DN-3268,"Congo, DRC",PMO - US,From RDC,N/A - From RDC,Air,ARV,Adult,SCMS from RDC,"Efavirenz 600mg, tablets, 30 Tabs",Efavirenz,Generic,600mg,Tablet,"Strides, Bangalore, India.",83709,30,238,792.54,3.33,0.11,0.98,,,FALSE,8/27/13,2/8/14,,
101-CD-T30,FPQ-12033,SO-45020,DN-3268,"Congo, DRC",PMO - US,From RDC,N/A - From RDC,Air,ARV,Adult,SCMS from RDC,"Lopinavir/Ritonavir 200/50mg, tablets, 120 Tabs",Lopinavir/Ritonavir,Generic,200/50mg,Tablet,Mylan (formerly Matrix) Nashik,83710,120,378,8232.84,21.78,0.18,10.18,,,FALSE,8/27/13,2/8/14,,
101-CD-T30,FPQ-12088,SO-45030,DN-3269,"Congo, DRC",PMO - US,From RDC,N/A - From RDC,Air,ARV,Adult,SCMS from RDC,"Lamivudine/Zidovudine 150/300mg, tablets, 60 Tabs",Lamivudine/Zidovudine,Generic,150/300mg,Tablet - FDC,Hetero Unit III Hyderabad IN,83711,60,864,6048,7,0.12,7.48,758,20499.33,TRUE,8/28/13,2/8/14,,
101-CD-T30,FPQ-12088,SO-45030,DN-3269,"Congo, DRC",PMO - US,From RDC,N/A - From RDC,Air,ARV,Pediatric,SCMS from RDC,"Efavirenz 200mg, scored tablets, 90 Tabs",Efavirenz,Generic,200mg,Tablet,"Strides, Bangalore, India.",83712,90,312,2277.6,7.3,0.08,2.82,,,FALSE,8/28/13,2/8/14,,
109-TZ-T30,FPQ-12587,SO-45991,DN-3304,Tanzania,PMO - US,From RDC,N/A - From RDC,Truck,ARV,Adult,SCMS from RDC,"Abacavir 300mg, tablets, 60 Tabs",Abacavir,Generic,300mg,Tablet,"Aurobindo Unit III, India",83713,60,2788,31950.48,11.46,0.19,39.52,285,1883,TRUE,11/20/13,9/9/13,,
114-UG-T30,FPQ-12253,SO-45490,DN-3305,Uganda,PMO - US,From RDC,N/A - From RDC,Air,ARV,Pediatric,SCMS from RDC,"Lamivudine/Stavudine 30/6mg, dispersible tablets, 60 Tabs",Lamivudine/Stavudine,Generic,30/6mg,Chewable/dispersible tablet - FDC,"Cipla, Goa, India",83714,60,638,1212.2,1.9,0.03,1.5,45,747.76,TRUE,11/29/13,10/16/13,,
109-TZ-T30,FPQ-10551,SO-43141,DN-3308,Tanzania,PMO - US,From RDC,N/A - From RDC,Truck,ARV,Pediatric,SCMS from RDC,"Nevirapine 10mg/ml, oral suspension w/syringe, Bottle, 240 ml",Nevirapine,Generic,10mg/ml,Oral suspension,"Aurobindo Unit III, India",83715,240,2191,4272.45,1.95,0.01,5.99,823,3524,TRUE,10/15/13,9/18/13,,
111-MZ-T30,FPQ-11884,SO-44865,DN-3318,Mozambique,PMO - US,From RDC,N/A - From RDC,Truck,ARV,Adult,SCMS from RDC,"Efavirenz 600mg, tablets, 30 Tabs",Efavirenz,Generic,600mg,Tablet,"Strides, Bangalore, India.",83716,30,9357,31158.81,3.33,0.11,38.54,12264,5902.4,TRUE,10/31/13,10/31/13,,
105-GY-T30,FPQ-12047,SO-45040,DN-3332,Guyana,PMO - US,From RDC,N/A - From RDC,Air,ARV,Pediatric,SCMS from RDC,"Efavirenz 200mg, scored tablets, 90 Tabs",Efavirenz,Generic,200mg,Tablet,"Strides, Bangalore, India.",83717,90,98,911.4,9.3,0.1,1.13,7,4317.96,TRUE,9/30/13,10/4/13,,
111-MZ-T30,FPQ-11884,SO-44870,DN-3339,Mozambique,PMO - US,From RDC,N/A - From RDC,Truck,ARV,Adult,SCMS from RDC,"Lamivudine/Zidovudine 150/300mg, tablets, 60 Tabs",Lamivudine/Zidovudine,Generic,150/300mg,Tablet - FDC,"Cipla, Goa, India",83718,60,3035,22064.45,7.27,0.12,27.29,1722,5950.17,TRUE,10/31/13,11/13/13,,
110-ZM-T30,FPQ-10728,SO-43462,DN-3340,Zambia,PMO - US,From RDC,N/A - From RDC,Truck,ARV,Adult,SCMS from RDC,"Lamivudine/Zidovudine 150/300mg, tablets, 60 Tabs",Lamivudine/Zidovudine,Generic,150/300mg,Tablet - FDC,"Cipla, Goa, India",83719,60,67271,470897,7,0.12,660.2,6041,10651.44,TRUE,11/5/13,11/5/13,,
103-DO-T30,FPQ-11920,SO-46130,DN-3349,Dominican Republic,PMO - US,From RDC,N/A - From RDC,Air,ARV,Adult,SCMS from RDC,"Lamivudine/Tenofovir Disoproxil Fumarate 300/300mg, tablets, 30 Tabs",Lamivudine/Tenofovir Disoproxil Fumarate,Generic,300/300mg,Tablet - FDC,Mylan (formerly Matrix) Nashik,83720,30,48,225.6,4.7,0.16,0.28,29,594.4,TRUE,10/29/13,10/16/13,,
103-DO-T30,FPQ-11920,SO-46150,DN-3355,Dominican Republic,PMO - US,From RDC,N/A - From RDC,Air,ARV,Adult,SCMS from RDC,"Efavirenz 600mg, tablets, 30 Tabs",Efavirenz,Generic,600mg,Tablet,"Strides, Bangalore, India.",83726,30,4072,13559.76,3.33,0.11,16.77,7791,90360.12,TRUE,10/29/13,10/10/13,,
151-NG-T30,FPQ-11864,SO-44926,DN-3365,Nigeria,PMO - US,From RDC,N/A - From RDC,Air Charter,ARV,Pediatric,SCMS from RDC,"Abacavir/Lamivudine 60/30mg, tablets, 30 Tabs",Abacavir/Lamivudine,Generic,60/30mg,Tablet - FDC,Mylan (formerly Matrix) Nashik,83727,30,6000,24000,4,0.13,29.69,290,20225.07,TRUE,10/31/13,10/14/13,,
151-NG-T30,FPQ-11864,SO-44932,DN-3366,Nigeria,PMO - US,From RDC,N/A - From RDC,Air Charter,ARV,Adult,SCMS from RDC,"Lamivudine/Nevirapine/Zidovudine 150/200/300mg, tablets, 60 Tabs",Lamivudine/Nevirapine/Zidovudine,Generic,150/300/200mg,Tablet - FDC,Hetero Unit III Hyderabad IN,83728,60,75000,643500,8.58,0.14,796.01,,,FALSE,10/31/13,10/14/13,,
151-NG-T30,FPQ-12248,SO-45661,DN-3368,Nigeria,PMO - US,From RDC,N/A - From RDC,Air Charter,ARV,Adult,SCMS from RDC,"Efavirenz/Lamivudine/Tenofovir Disoproxil Fumarate 600/300/300mg, tablets, 30 Tabs",Efavirenz/Lamivudine/Tenofovir Disoproxil Fumarate,Generic,600/300/300mg,Tablet - FDC,Mylan (formerly Matrix) Nashik,83730,30,70000,780500,11.15,0.37,965.48,21510,20225.07,TRUE,11/18/13,10/14/13,,
151-NG-T30,FPQ-11864,SO-44934,DN-3370,Nigeria,PMO - US,From RDC,N/A - From RDC,Air Charter,ARV,Adult,SCMS from RDC,"Lamivudine/Nevirapine/Zidovudine 150/200/300mg, tablets, 60 Tabs",Lamivudine/Nevirapine/Zidovudine,Generic,150/300/200mg,Tablet - FDC,"Cipla, Goa, India",83731,60,12000,102960,8.58,0.14,127.36,1749,20225.07,TRUE,10/31/13,10/14/13,,
104-CI-T30,FPQ-11253,SO-44210,DN-3371,Côte d'Ivoire,PMO - US,From RDC,N/A - From RDC,Truck,ARV,Adult,SCMS from RDC,"Lopinavir/Ritonavir 200/50mg, tablets, 120 Tabs",Lopinavir/Ritonavir,Generic,200/50mg,Tablet,"Aurobindo Unit III, India",83732,120,228,4788,21,0.18,5.92,,,FALSE,10/31/13,10/22/13,,
111-MZ-T30,FPQ-12416,SO-45892,DN-3376,Mozambique,PMO - US,From RDC,N/A - From RDC,Truck,ARV,Adult,SCMS from RDC,"Efavirenz 600mg, tablets, 30 Tabs",Efavirenz,Generic,600mg,Tablet,"Strides, Bangalore, India.",83733,30,32000,106560,3.33,0.11,131.81,,,FALSE,11/29/13,11/28/13,,
114-UG-T30,FPQ-13094,SO-46830,DN-3402,Uganda,PMO - US,From RDC,N/A - From RDC,Truck,ARV,Pediatric,SCMS from RDC,"Lamivudine/Nevirapine/Zidovudine 30/50/60mg, dispersible tablets, 60 Tabs",Lamivudine/Nevirapine/Zidovudine,Generic,30/50/60mg,Chewable/dispersible tablet - FDC,Mylan (formerly Matrix) Nashik,83735,60,4637,18037.93,3.89,0.06,18.54,426,1761.5,TRUE,12/16/13,12/20/13,,
113-ZW-T30,FPQ-11545,SO-44360,DN-3413,Zimbabwe,PMO - US,From RDC,N/A - From RDC,Truck,ARV,Adult,SCMS from RDC,"Nevirapine 200mg, tablets, 60 Tabs",Nevirapine,Generic,200mg,Tablet,"Strides, Bangalore, India.",83736,60,80000,184800,2.31,0.04,228.6,,,FALSE,11/30/13,11/25/13,,
111-MZ-T30,FPQ-12416,SO-45893,DN-3428,Mozambique,PMO - US,From RDC,N/A - From RDC,Truck,ARV,Adult,SCMS from RDC,"Lopinavir/Ritonavir 200/50mg [Aluvia], tablets, 120 Tabs",Lopinavir/Ritonavir,Aluvia,200/50mg,Tablet,ABBVIE Ludwigshafen Germany,83738,120,12960,262051.2,20.22,0.17,324.16,,,FALSE,11/29/13,1/30/14,,
110-ZM-T30,FPQ-12066,SO-45080,DN-3432,Zambia,PMO - US,From RDC,N/A - From RDC,Truck,ARV,Adult,SCMS from RDC,"Efavirenz/Emtricitabine/Tenofovir Disoproxil Fumarate 600/200/300mg, tablets, 30 Tabs",Efavirenz/Emtricitabine/Tenofovir Disoproxil Fumarate,Generic,600/200/300mg,Tablet - FDC,"Aurobindo Unit VII, IN",83739,30,269030,3309069,12.3,0.41,4093.32,30923,34019.61,TRUE,1/24/14,1/24/14,,
151-NG-T30,FPQ-12248,SO-47221,DN-3436,Nigeria,PMO - US,From RDC,N/A - From RDC,Air Charter,ARV,Adult,SCMS from RDC,"Efavirenz/Lamivudine/Tenofovir Disoproxil Fumarate 600/300/300mg, tablets, 30 Tabs",Efavirenz/Lamivudine/Tenofovir Disoproxil Fumarate,Generic,600/300/300mg,Tablet - FDC,Hetero Unit III Hyderabad IN,83740,30,130437,1454372.5,11.15,0.37,1799.06,18633,26340,TRUE,11/18/13,11/26/13,,
104-CI-T30,FPQ-12800,SO-46331,DN-3446,Côte d'Ivoire,PMO - US,From RDC,N/A - From RDC,Air,ARV,Adult,SCMS from RDC,"Tenofovir Disoproxil Fumarate 300mg, tablets, 30 Tabs",Tenofovir Disoproxil Fumarate,Generic,300mg,Tablet,Mylan (formerly Matrix) Nashik,83742,30,3859,15590.36,4.04,0.13,19.29,242,3128.55,TRUE,1/3/14,1/3/14,,
104-CI-T30,FPQ-11253,SO-44180,DN-3447,Côte d'Ivoire,PMO - US,From RDC,N/A - From RDC,Truck,ARV,Pediatric,SCMS from RDC,"Lamivudine/Nevirapine/Zidovudine 30/50/60mg, dispersible tablets, 60 Tabs",Lamivudine/Nevirapine/Zidovudine,Generic,30/50/60mg,Chewable/dispersible tablet - FDC,"Strides, Bangalore, India.",83743,60,4200,16338,3.89,0.06,20.21,180,1965.57,TRUE,12/17/13,12/17/13,,
109-TZ-T30,FPQ-12587,SO-45995,DN-3458,Tanzania,PMO - US,From RDC,N/A - From RDC,Truck,ARV,Pediatric,SCMS from RDC,"Efavirenz 200mg, scored tablets, 90 Tabs",Efavirenz,Generic,200mg,Tablet,"Strides, Bangalore, India.",83746,90,5687,52889.1,9.3,0.1,65.42,,,FALSE,12/31/13,2/25/14,,
111-MZ-T30,FPQ-12416,SO-45895,DN-3459,Mozambique,PMO - US,From RDC,N/A - From RDC,Truck,ARV,Adult,SCMS from RDC,"Lamivudine/Nevirapine/Zidovudine 150/200/300mg, tablets, 60 Tabs",Lamivudine/Nevirapine/Zidovudine,Generic,150/300/200mg,Tablet - FDC,"Strides, Bangalore, India.",83747,60,59674,512002.9,8.58,0.14,633.35,6959,7150.25,TRUE,1/6/14,1/6/14,,
111-MZ-T30,FPQ-12573,SO-46170,DN-3554,Mozambique,PMO - US,From RDC,N/A - From RDC,Truck,ARV,Adult,SCMS from RDC,"Abacavir/Lamivudine 600/300mg, scored tablets, 30 Tabs",Abacavir/Lamivudine,Generic,600/300mg,Tablet - FDC,Mylan (formerly Matrix) Nashik,83748,30,4837,65396.24,13.52,0.45,80.9,1102,8406.81,TRUE,3/31/14,3/28/14,,
151-NG-T30,FPQ-11771,SO-47180,DN-3475,Nigeria,PMO - US,From RDC,N/A - From RDC,Air Charter,ARV,Adult,SCMS from RDC,"Lopinavir/Ritonavir 200/50mg [Aluvia], tablets, 120 Tabs",Lopinavir/Ritonavir,Aluvia,200/50mg,Tablet,ABBVIE Ludwigshafen Germany,83749,120,40435,817595.7,20.22,0.17,1011.37,9966,49199.75,TRUE,1/31/14,1/10/14,,
151-NG-T30,FPQ-12248,SO-45662,DN-3476,Nigeria,PMO - US,From RDC,N/A - From RDC,Air Charter,ARV,Adult,SCMS from RDC,"Lamivudine/Nevirapine/Zidovudine 150/200/300mg, tablets, 60 Tabs",Lamivudine/Nevirapine/Zidovudine,Generic,150/300/200mg,Tablet - FDC,"Aurobindo Unit III, India",83750,60,142000,1218360,8.58,0.14,1507.11,,,FALSE,1/17/14,1/10/14,,
107-RW-T30,FPQ-12766,SO-46482,DN-3479,Rwanda,PMO - US,From RDC,N/A - From RDC,Truck,ARV,Adult,SCMS from RDC,"Efavirenz/Lamivudine/Tenofovir Disoproxil Fumarate 600/300/300mg, tablets, 30 Tabs",Efavirenz/Lamivudine/Tenofovir Disoproxil Fumarate,Generic,600/300/300mg,Tablet - FDC,"Aurobindo Unit VII, IN",83751,30,83000,925450,11.15,0.37,1144.78,10998,75824.42,TRUE,1/31/14,1/23/14,,
111-MZ-T30,FPQ-12416,SO-45896,DN-3483,Mozambique,PMO - US,From RDC,N/A - From RDC,Truck,ARV,Adult,SCMS from RDC,"Efavirenz/Lamivudine/Tenofovir Disoproxil Fumarate 600/300/300mg, tablets, 30 Tabs",Efavirenz/Lamivudine/Tenofovir Disoproxil Fumarate,Generic,600/300/300mg,Tablet - FDC,Hetero Unit III Hyderabad IN,83752,30,66054,736502.1,11.15,0.37,911.05,,,FALSE,1/31/14,2/10/14,,
107-RW-T30,FPQ-12766,SO-46490,DN-3520,Rwanda,PMO - US,From RDC,N/A - From RDC,Truck,ARV,Adult,SCMS from RDC,"Lamivudine/Zidovudine 150/300mg, tablets, 60 Tabs",Lamivudine/Zidovudine,Generic,150/300mg,Tablet - FDC,"Cipla, Goa, India",83760,60,8600,57878,6.73,0.11,71.6,770,9828.73,TRUE,1/31/14,2/25/14,,
109-TZ-T30,FPQ-12587,SO-45999,DN-3531,Tanzania,PMO - US,From RDC,N/A - From RDC,Truck,ARV,Adult,SCMS from RDC,"Emtricitabine/Tenofovir Disoproxil Fumarate 200/300mg, tablets, 30 Tabs",Emtricitabine/Tenofovir Disoproxil Fumarate,Generic,200/300mg,Tablet - FDC,"Aurobindo Unit III, India",83761,30,40000,234800,5.87,0.2,290.45,7393,7083.18,TRUE,1/31/14,2/19/14,,
111-MZ-T30,FPQ-12416,SO-45897,DN-3535,Mozambique,PMO - US,From RDC,N/A - From RDC,Truck,ARV,Adult,SCMS from RDC,"Lamivudine/Nevirapine/Zidovudine 150/200/300mg, tablets, 60 Tabs",Lamivudine/Nevirapine/Zidovudine,Generic,150/300/200mg,Tablet - FDC,Mylan (formerly Matrix) Nashik,83762,60,145400,1247532,8.58,0.14,1543.2,10673,15392.43,TRUE,1/31/14,2/19/14,,
104-CI-T30,FPQ-12144,SO-45631,DN-3547,Côte d'Ivoire,PMO - US,From RDC,N/A - From RDC,Truck,ARV,Pediatric,SCMS from RDC,"Abacavir/Lamivudine 60/30mg, tablets, 60 Tabs",Abacavir/Lamivudine,Generic,60/30mg,Tablet - FDC,Mylan (formerly Matrix) Nashik,83763,60,2085,8340,4,0.07,10.32,699,8127.62,TRUE,2/28/14,1/18/14,,
104-CI-T30,FPQ-12800,SO-46391,DN-3548,Côte d'Ivoire,PMO - US,From RDC,N/A - From RDC,Air,ARV,Pediatric,SCMS from RDC,"Lamivudine/Zidovudine 30/60mg, tablets, 60 Tabs",Lamivudine/Zidovudine,Generic,30/60mg,Tablet - FDC,Mylan (formerly Matrix) Nashik,83764,60,15000,32250,2.15,0.04,39.89,,,TRUE,2/28/14,2/18/14,,
104-CI-T30,FPQ-12800,SO-46330,DN-3557,Côte d'Ivoire,PMO - US,From RDC,N/A - From RDC,Air,ARV,Adult,SCMS from RDC,"Tenofovir Disoproxil Fumarate 300mg, tablets, 30 Tabs",Tenofovir Disoproxil Fumarate,Generic,300mg,Tablet,Mylan (formerly Matrix) Nashik,83765,30,4641,18749.64,4.04,0.13,23.19,285,1335.15,TRUE,2/28/14,3/1/14,,
111-MZ-T30,FPQ-13123,SO-47081,DN-3558,Mozambique,PMO - US,From RDC,N/A - From RDC,Truck,ARV,Adult,SCMS from RDC,"Lamivudine/Nevirapine/Zidovudine 150/200/300mg, tablets, 60 Tabs",Lamivudine/Nevirapine/Zidovudine,Generic,150/300/200mg,Tablet - FDC,"Strides, Bangalore, India.",83766,60,41076,339287.75,8.26,0.14,348.79,5170,8406.81,TRUE,4/15/14,3/28/14,,
111-MZ-T30,FPQ-13123,SO-47081,DN-3558,Mozambique,PMO - US,From RDC,N/A - From RDC,Truck,ARV,Adult,SCMS from RDC,"Nevirapine 200mg, tablets, 60 Tabs",Nevirapine,Generic,200mg,Tablet,Hetero Unit III Hyderabad IN,83767,60,2100,4746,2.26,0.04,4.88,,,FALSE,4/15/14,3/28/14,,
101-CD-T30,FPQ-13554,SO-47630,DN-3561,"Congo, DRC",PMO - US,From RDC,N/A - From RDC,Air,ARV,Pediatric,SCMS from RDC,"Efavirenz 200mg, scored tablets, 90 Tabs",Efavirenz,Generic,200mg,Tablet,"Strides, Bangalore, India.",83768,90,510,4743,9.3,0.1,4.88,,,FALSE,5/30/14,5/19/14,,
110-ZM-T30,FPQ-12066,SO-45082,DN-3570,Zambia,PMO - US,From RDC,N/A - From RDC,Truck,ARV,Adult,SCMS from RDC,"Efavirenz/Emtricitabine/Tenofovir Disoproxil Fumarate 600/200/300mg, tablets, 30 Tabs",Efavirenz/Emtricitabine/Tenofovir Disoproxil Fumarate,Generic,600/200/300mg,Tablet - FDC,"Cipla, Goa, India",83771,30,25511,303325.78,11.89,0.4,375.21,3041,3526.69,TRUE,2/28/14,3/25/14,,
111-MZ-T30,FPQ-13123,SO-47083,DN-3580,Mozambique,PMO - US,From RDC,N/A - From RDC,Truck,ARV,Adult,SCMS from RDC,"Efavirenz/Lamivudine/Tenofovir Disoproxil Fumarate 600/300/300mg, tablets, 30 Tabs",Efavirenz/Lamivudine/Tenofovir Disoproxil Fumarate,Generic,600/300/300mg,Tablet - FDC,Mylan (formerly Matrix) Nashik,83772,30,137189,1529657.4,11.15,0.37,1572.49,28696,22890.82,TRUE,4/15/14,4/14/14,,
109-TZ-T30,FPQ-12587,SO-46002,DN-3582,Tanzania,PMO - US,From RDC,N/A - From RDC,Truck,ARV,Pediatric,SCMS from RDC,"Lamivudine/Nevirapine/Zidovudine 30/50/60mg, dispersible tablets, 60 Tabs",Lamivudine/Nevirapine/Zidovudine,Generic,30/50/60mg,Chewable/dispersible tablet - FDC,Mylan (formerly Matrix) Nashik,83773,60,43460,162975,3.75,0.06,201.6,,,FALSE,4/30/14,5/2/14,,
105-GY-T30,FPQ-13071,SO-46800,DN-3585,Guyana,PMO - US,From RDC,N/A - From RDC,Air,ARV,Adult,SCMS from RDC,"Lamivudine 150mg, tablets, 60 Tabs",Lamivudine,Generic,150mg,Tablet,"Aurobindo Unit III, India",83774,60,188,374.12,1.99,0.03,0.38,,,FALSE,3/31/14,4/3/14,,
106-HT-T30,FPQ-13608,SO-47690,DN-3586,Haiti,PMO - US,From RDC,N/A - From RDC,Air,ARV,Adult,SCMS from RDC,"Lopinavir/Ritonavir 200/50mg, tablets, 120 Tabs",Lopinavir/Ritonavir,Generic,200/50mg,Tablet,Mylan (formerly Matrix) Nashik,83775,120,2000,40960,20.48,0.17,42.11,,,FALSE,3/30/14,3/24/14,,
106-HT-T30,FPQ-13648,SO-47800,DN-3587,Haiti,PMO - US,From RDC,N/A - From RDC,Air,ARV,Pediatric,SCMS from RDC,"Lamivudine 10mg/ml, oral solution w/syringe, Bottle, 240 ml",Lamivudine,Generic,10mg/ml,Oral solution,"Aurobindo Unit III, India",83776,240,4000,5720,1.43,0.01,5.88,2769,29216.84,TRUE,5/5/14,3/24/14,,
114-UG-T30,FPQ-13108,SO-46882,DN-3602,Uganda,PMO - US,From RDC,N/A - From RDC,Truck,ARV,Adult,SCMS from RDC,"Nevirapine 200mg, tablets, 60 Tabs",Nevirapine,Generic,200mg,Tablet,"Aurobindo Unit III, India",83777,60,12965,29300.9,2.26,0.04,30.12,1243,,TRUE,4/30/14,4/18/14,,
109-TZ-T30,FPQ-13042,SO-46660,DN-3613,Tanzania,PMO - US,From RDC,N/A - From RDC,Truck,ARV,Adult,SCMS from RDC,"Efavirenz/Emtricitabine/Tenofovir Disoproxil Fumarate 600/200/300mg, tablets, 30 Tabs",Efavirenz/Emtricitabine/Tenofovir Disoproxil Fumarate,Generic,600/200/300mg,Tablet - FDC,Mylan (formerly Matrix) Nashik,83779,30,206508,2455380,11.89,0.4,3037.31,22895,13649.14,TRUE,5/9/14,5/10/14,,
151-NG-T30,FPQ-12248,SO-45666,DN-3620,Nigeria,PMO - US,From RDC,N/A - From RDC,Air Charter,ARV,Adult,SCMS from RDC,"Efavirenz/Lamivudine/Tenofovir Disoproxil Fumarate 600/300/300mg, tablets, 30 Tabs",Efavirenz/Lamivudine/Tenofovir Disoproxil Fumarate,Generic,600/300/300mg,Tablet - FDC,Hetero Unit III Hyderabad IN,83780,30,40409,439245.84,10.87,0.36,543.35,5977,29674.92,TRUE,4/15/14,4/20/14,,
105-GY-T30,FPQ-13567,SO-47730,DN-3626,Guyana,PMO - US,From RDC,N/A - From RDC,Air,ARV,Adult,SCMS from RDC,"Zidovudine 300mg, tablets, 60 Tabs",Zidovudine,Generic,300mg,Tablet,"Aurobindo Unit III, India",83781,60,1135,6333.3,5.58,0.09,6.51,282,5380.36,TRUE,6/30/14,4/14/14,,
111-MZ-T30,FPQ-13123,SO-47084,DN-3627,Mozambique,PMO - US,From RDC,N/A - From RDC,Truck,ARV,Adult,SCMS from RDC,"Abacavir 300mg, tablets, 60 Tabs",Abacavir,Generic,300mg,Tablet,Mylan (formerly Matrix) Nashik,83782,60,3386,38024.78,11.23,0.19,39.09,15942,4768.06,TRUE,6/3/14,6/3/14,,
111-MZ-T30,FPQ-13123,SO-47084,DN-3627,Mozambique,PMO - US,From RDC,N/A - From RDC,Truck,ARV,Adult,SCMS from RDC,"Lopinavir/Ritonavir 200/50mg [Aluvia], tablets, 120 Tabs",Lopinavir/Ritonavir,Aluvia,200/50mg,Tablet,ABBVIE Ludwigshafen Germany,83783,120,10040,189756,18.9,0.16,195.07,,,FALSE,6/3/14,6/3/14,,
104-CI-T30,FPQ-13142,SO-47151,DN-3633,Côte d'Ivoire,PMO - US,From RDC,N/A - From RDC,Truck,ARV,Adult,SCMS from RDC,"Tenofovir Disoproxil Fumarate 300mg, tablets, 30 Tabs",Tenofovir Disoproxil Fumarate,Generic,300mg,Tablet,Hetero Unit III Hyderabad IN,83784,30,4300,16254,3.78,0.13,16.71,,,FALSE,4/30/14,4/22/14,,
105-GY-T30,FPQ-13071,SO-46802,DN-3635,Guyana,PMO - US,From RDC,N/A - From RDC,Air,ARV,Adult,SCMS from RDC,"Zidovudine 300mg, tablets, 60 Tabs",Zidovudine,Generic,300mg,Tablet,"Aurobindo Unit III, India",83785,60,62,341,5.5,0.09,0.35,4,660.44,TRUE,4/30/14,4/22/14,,
104-CI-T30,FPQ-12712,SO-46310,DN-3679,Côte d'Ivoire,PMO - US,From RDC,N/A - From RDC,Truck,ARV,Pediatric,SCMS from RDC,"Lamivudine/Nevirapine/Zidovudine 30/50/60mg, dispersible tablets, 60 Tabs",Lamivudine/Nevirapine/Zidovudine,Generic,30/50/60mg,Chewable/dispersible tablet - FDC,"Strides, Bangalore, India.",83787,60,18800,70500,3.75,0.06,87.21,802,4625.27,TRUE,5/15/14,5/12/14,,
106-HT-T30,FPQ-13608,SO-47680,DN-3683,Haiti,PMO - US,From RDC,N/A - From RDC,Air,ARV,Adult,SCMS from RDC,"Lamivudine/Zidovudine 150/300mg, tablets, 60 Tabs",Lamivudine/Zidovudine,Generic,150/300mg,Tablet - FDC,Mylan (formerly Matrix) Nashik,83788,60,4000,26400,6.6,0.11,27.14,305,3282.33,TRUE,5/15/14,5/12/14,,
106-HT-T30,FPQ-13608,SO-47681,DN-3684,Haiti,PMO - US,From RDC,N/A - From RDC,Air,ARV,Adult,SCMS from RDC,"Lamivudine/Zidovudine 150/300mg, tablets, 60 Tabs",Lamivudine/Zidovudine,Generic,150/300mg,Tablet - FDC,Hetero Unit III Hyderabad IN,83789,60,20000,132000,6.6,0.11,135.7,1777,15330.56,TRUE,5/17/14,5/29/14,,
104-CI-T30,FPQ-13142,SO-47134,DN-3693,Côte d'Ivoire,PMO - US,From RDC,N/A - From RDC,Truck,ARV,Pediatric,SCMS from RDC,"Lamivudine/Nevirapine/Zidovudine 30/50/60mg, dispersible tablets, 60 Tabs",Lamivudine/Nevirapine/Zidovudine,Generic,30/50/60mg,Chewable/dispersible tablet - FDC,Mylan (formerly Matrix) Nashik,83791,60,20000,75000,3.75,0.06,77.1,1041,5156.93,TRUE,5/30/14,5/16/14,,
104-CI-T30,FPQ-13142,SO-47153,DN-3694,Côte d'Ivoire,PMO - US,From RDC,N/A - From RDC,Truck,ARV,Adult,SCMS from RDC,"Lopinavir/Ritonavir 200/50mg [Aluvia], tablets, 120 Tabs",Lopinavir/Ritonavir,Aluvia,200/50mg,Tablet,ABBVIE Ludwigshafen Germany,83792,120,33171,626931.9,18.9,0.16,644.49,7355,28647.52,TRUE,5/30/14,5/17/14,,
110-ZM-T30,FPQ-13221,SO-47203,DN-3701,Zambia,PMO - US,From RDC,N/A - From RDC,Truck,ARV,Adult,SCMS from RDC,"Lamivudine/Tenofovir Disoproxil Fumarate 300/300mg, tablets, 30 Tabs",Lamivudine/Tenofovir Disoproxil Fumarate,Generic,300/300mg,Tablet - FDC,Hetero Unit III Hyderabad IN,83793,30,166295,771608.8,4.64,0.15,793.21,17177,29971.59,TRUE,5/30/14,6/6/14,,
102-BI-T30,FPQ-13627,SO-47670,DN-3712,Burundi,PMO - US,From RDC,N/A - From RDC,Air,ARV,Adult,SCMS from RDC,"Efavirenz/Lamivudine/Tenofovir Disoproxil Fumarate 600/300/300mg, tablets, 30 Tabs",Efavirenz/Lamivudine/Tenofovir Disoproxil Fumarate,Generic,600/300/300mg,Tablet - FDC,Mylan (formerly Matrix) Nashik,83795,30,2880,31046.4,10.78,0.36,31.92,546,4195.64,TRUE,5/30/14,6/25/14,,
102-BI-T30,FPQ-13627,SO-47670,DN-3712,Burundi,PMO - US,From RDC,N/A - From RDC,Air,ARV,Adult,SCMS from RDC,"Lamivudine/Nevirapine/Zidovudine 150/200/300mg, tablets, 60 Tabs",Lamivudine/Nevirapine/Zidovudine,Generic,150/300/200mg,Tablet - FDC,Hetero Unit III Hyderabad IN,83796,60,1152,9342.72,8.11,0.14,9.6,,,FALSE,5/30/14,6/25/14,,
102-BI-T30,FPQ-13627,SO-47670,DN-3712,Burundi,PMO - US,From RDC,N/A - From RDC,Air,ARV,Adult,SCMS from RDC,"Nevirapine 200mg, tablets, 60 Tabs",Nevirapine,Generic,200mg,Tablet,"Aurobindo Unit III, India",83797,60,450,994.5,2.21,0.04,1.02,,,FALSE,5/30/14,6/25/14,,
102-BI-T30,FPQ-12602,SO-46023,DN-3739,Burundi,PMO - US,From RDC,N/A - From RDC,Air,ARV,Adult,SCMS from RDC,"Lamivudine/Zidovudine 150/300mg, tablets, 60 Tabs",Lamivudine/Zidovudine,Generic,150/300mg,Tablet - FDC,Hetero Unit III Hyderabad IN,83804,60,790,5150.8,6.52,0.11,6.37,186,29.21,TRUE,6/16/14,6/4/14,,
107-RW-T30,FPQ-12190,SO-45402,DN-3748,Rwanda,PMO - US,From RDC,N/A - From RDC,Truck,ARV,Pediatric,SCMS from RDC,"Lamivudine 10mg/ml, oral solution w/syringe, Bottle, 240 ml",Lamivudine,Generic,10mg/ml,Oral solution,"Aurobindo Unit III, India",83806,240,507,937.95,1.85,0.01,1.16,185,2342.16,TRUE,6/30/14,6/12/14,,
114-UG-T30,FPQ-12255,SO-45591,DN-3766,Uganda,PMO - US,From RDC,N/A - From RDC,Air,ARV,Adult,SCMS from RDC,"Lopinavir/Ritonavir 200/50mg [Aluvia], tablets, 120 Tabs",Lopinavir/Ritonavir,Aluvia,200/50mg,Tablet,ABBVIE Ludwigshafen Germany,83808,120,84,1587.6,18.9,0.16,1.96,9014,892.92,TRUE,6/30/14,6/20/14,,
110-ZM-T30,FPQ-13222,SO-47210,DN-3756,Zambia,PMO - US,From RDC,N/A - From RDC,Truck,ARV,Adult,SCMS from RDC,"Lamivudine/Stavudine 150/30mg, tablets, 60 Tabs",Lamivudine/Stavudine,Generic,150/30mg,Tablet - FDC,Hetero Unit III Hyderabad IN,83809,60,5232,13027.68,2.49,0.04,13.39,414,770.14,TRUE,6/30/14,7/4/14,,
114-UG-T30,FPQ-13108,SO-46874,DN-3760,Uganda,PMO - US,From RDC,N/A - From RDC,Truck,ARV,Pediatric,SCMS from RDC,"Nevirapine 10mg/ml, oral suspension w/syringe, Bottle, 100 ml",Nevirapine,Generic,10mg/ml,Oral suspension,"Aurobindo Unit III, India",83810,100,45000,58500,1.3,0.01,60.14,9014,52211.42,TRUE,6/30/14,6/20/14,,
117-ET-T30,FPQ-14544,SO-49240,DN-3892,Ethiopia,PMO - US,From RDC,N/A - From RDC,Air,ARV,Pediatric,SCMS from RDC,"Abacavir/Lamivudine 60/30mg, dispersible tablets, 60 Tabs",Abacavir/Lamivudine,Generic,60/30mg,Chewable/dispersible tablet - FDC,"Cipla, Patalganga, India",83813,60,429,2415.27,5.63,0.09,2.48,39,792.12,TRUE,9/15/14,8/29/14,,
104-CI-T30,FPQ-13142,SO-47156,DN-3900,Côte d'Ivoire,PMO - US,From RDC,N/A - From RDC,Truck,ARV,Pediatric,SCMS from RDC,"Zidovudine 10mg/ml, oral solution w/syringe, Bottle, 240 ml",Zidovudine,Generic,10mg/ml,Oral solution,"Aurobindo Unit III, India",83815,240,156,327.6,2.1,0.01,0.34,100,396.32,TRUE,9/30/14,9/8/14,,
111-MZ-T30,FPQ-14226,SO-49390,DN-3886,Mozambique,PMO - US,From RDC,N/A - From RDC,Truck,ARV,Adult,SCMS from RDC,"Lopinavir/Ritonavir 200/50mg [Aluvia], tablets, 120 Tabs",Lopinavir/Ritonavir,Aluvia,200/50mg,Tablet,ABBVIE Ludwigshafen Germany,83817,120,49000,926100,18.9,0.16,952.03,11107,5982.43,TRUE,9/30/14,10/30/14,,
107-RW-T30,FPQ-13812,SO-48161,DN-3787,Rwanda,PMO - US,From RDC,N/A - From RDC,Truck,ARV,Pediatric,SCMS from RDC,"Efavirenz 200mg, scored tablets, 90 Tabs",Efavirenz,Generic,200mg,Tablet,"Strides, Bangalore, India.",83818,90,2900,23954,8.26,0.09,24.62,5621,10640.81,TRUE,8/19/14,8/13/14,,
151-NG-T30,FPQ-13293,SO-47272,DN-3794,Nigeria,PMO - US,From RDC,N/A - From RDC,Air Charter,ARV,Adult,SCMS from RDC,"Lamivudine/Nevirapine/Zidovudine 150/200/300mg, tablets, 60 Tabs",Lamivudine/Nevirapine/Zidovudine,Generic,150/300/200mg,Tablet - FDC,Mylan (formerly Matrix) Nashik,83819,60,63285,513241.34,8.11,0.14,527.61,,,FALSE,6/30/14,6/20/14,,
105-GY-T30,FPQ-14042,SO-48510,DN-3817,Guyana,PMO - US,From RDC,N/A - From RDC,Air,ARV,Pediatric,SCMS from RDC,"Nevirapine 10mg/ml, oral suspension w/syringe, Bottle, 240 ml",Nevirapine,Generic,10mg/ml,Oral suspension,"Aurobindo Unit III, India",83822,240,129,210.27,1.63,0.01,0.22,253,3519.7,TRUE,9/30/14,8/29/14,,
113-ZW-T30,FPQ-13508,SO-47540,DN-3825,Zimbabwe,PMO - US,From RDC,N/A - From RDC,Truck,ARV,Adult,SCMS from RDC,"Nevirapine 200mg, tablets, 60 Tabs",Nevirapine,Generic,200mg,Tablet,Hetero Unit III Hyderabad IN,83823,60,68113,148486.34,2.18,0.04,152.64,,,FALSE,9/30/14,6/29/14,,
111-MZ-T30,FPQ-13124,SO-47060,DN-3830,Mozambique,PMO - US,From RDC,N/A - From RDC,Truck,ARV,Adult,SCMS from RDC,"Abacavir 300mg, tablets, 60 Tabs",Abacavir,Generic,300mg,Tablet,Mylan (formerly Matrix) Nashik,83824,60,10868,122047.64,11.23,0.19,125.46,1026,1138.29,TRUE,8/29/14,8/15/14,,
101-CD-T30,FPQ-14252,SO-48860,DN-3836,"Congo, DRC",PMO - US,From RDC,N/A - From RDC,Air,ARV,Pediatric,SCMS from RDC,"Nevirapine 10mg/ml, oral suspension w/syringe, Bottle, 100 ml",Nevirapine,Generic,10mg/ml,Oral suspension,"Aurobindo Unit III, India",83825,100,1330,1729,1.3,0.01,1.78,416,5347.37,TRUE,9/24/14,10/28/14,,
103-SS-T30,FPQ-14409,SO-49130,DN-3837,South Sudan,PMO - US,From RDC,N/A - From RDC,Air,ARV,Pediatric,SCMS from RDC,"Nevirapine 10mg/ml, oral suspension w/syringe, Bottle, 240 ml",Nevirapine,Generic,10mg/ml,Oral suspension,"Aurobindo Unit III, India",83826,240,2125,3463.75,1.63,0.01,3.56,759,9664.79,TRUE,8/19/14,10/17/14,,
103-SS-T30,FPQ-14409,SO-49120,DN-3842,South Sudan,PMO - US,From RDC,N/A - From RDC,Air,ARV,Pediatric,SCMS from RDC,"Efavirenz 200mg, scored tablets, 90 Tabs",Efavirenz,Generic,200mg,Tablet,"Strides, Bangalore, India.",83827,90,1016,9448.8,9.3,0.1,9.71,,,FALSE,9/1/14,9/1/14,,
101-CD-T30,FPQ-14252,SO-48850,DN-3843,"Congo, DRC",PMO - US,From RDC,N/A - From RDC,Air,ARV,Pediatric,SCMS from RDC,"Lamivudine/Nevirapine/Zidovudine 30/50/60mg, dispersible tablets, 60 Tabs",Lamivudine/Nevirapine/Zidovudine,Generic,30/50/60mg,Chewable/dispersible tablet - FDC,"Strides, Bangalore, India.",83828,60,2825,10537.25,3.73,0.06,10.83,,,FALSE,8/13/14,9/24/14,,
105-GY-T30,FPQ-14042,SO-48520,DN-3844,Guyana,PMO - US,From RDC,N/A - From RDC,Air,ARV,Adult,SCMS from RDC,"Lamivudine 150mg, tablets, 60 Tabs",Lamivudine,Generic,150mg,Tablet,"Aurobindo Unit III, India",83829,60,320,556.8,1.74,0.03,0.57,,,FALSE,9/30/14,7/30/14,,
107-RW-T30,FPQ-13812,SO-48150,DN-3845,Rwanda,PMO - US,From RDC,N/A - From RDC,Truck,ARV,Adult,SCMS from RDC,"Tenofovir Disoproxil Fumarate 300mg, tablets, 30 Tabs",Tenofovir Disoproxil Fumarate,Generic,300mg,Tablet,Mylan (formerly Matrix) Nashik,83830,30,715,2888.6,4.04,0.13,2.97,44,1171.2,TRUE,9/16/14,8/1/14,,
104-CI-T30,FPQ-10633,SO-43360,DN-3850,Côte d'Ivoire,PMO - US,From RDC,N/A - From RDC,Truck,ARV,Adult,SCMS from RDC,"Efavirenz 600mg, tablets, 30 Tabs",Efavirenz,Generic,600mg,Tablet,"Strides, Bangalore, India.",83832,30,29804,95670.84,3.21,0.11,134.13,1766,7481.81,TRUE,8/29/14,8/18/14,,
102-BI-T30,FPQ-14112,SO-48580,DN-3852,Burundi,PMO - US,From RDC,N/A - From RDC,Air,ARV,Adult,SCMS from RDC,"Lopinavir/Ritonavir 200/50mg, tablets, 120 Tabs",Lopinavir/Ritonavir,Generic,200/50mg,Tablet,Mylan (formerly Matrix) Nashik,83833,120,280,5518.8,19.71,0.16,5.67,75,1855.34,TRUE,9/30/14,9/5/14,,
110-ZM-T30,FPQ-13221,SO-48410,DN-3861,Zambia,PMO - US,From RDC,N/A - From RDC,Truck,ARV,Adult,SCMS from RDC,"Lopinavir/Ritonavir 200/50mg, tablets, 120 Tabs",Lopinavir/Ritonavir,Generic,200/50mg,Tablet,Mylan (formerly Matrix) Nashik,83842,120,312,6149.52,19.71,0.16,6.32,80,87.87,TRUE,7/31/14,9/23/14,,
114-UG-T30,FPQ-14396,SO-48980,DN-3863,Uganda,PMO - US,From RDC,N/A - From RDC,Truck,ARV,Adult,SCMS from RDC,"Lopinavir/Ritonavir 200/50mg [Aluvia], tablets, 120 Tabs",Lopinavir/Ritonavir,Aluvia,200/50mg,Tablet,ABBVIE Ludwigshafen Germany,83843,120,12713,240275.7,18.9,0.16,247,2630,6926.9,TRUE,9/11/14,8/9/14,,
114-UG-T30,FPQ-14396,SO-49000,DN-3908,Uganda,PMO - US,From RDC,N/A - From RDC,Truck,ARV,Pediatric,SCMS from RDC,"Lamivudine/Nevirapine/Zidovudine 30/50/60mg, dispersible tablets, 60 Tabs",Lamivudine/Nevirapine/Zidovudine,Generic,30/50/60mg,Chewable/dispersible tablet - FDC,"Strides, Bangalore, India.",83844,60,11553,43092.69,3.73,0.06,44.3,516,2042.9,TRUE,9/30/14,9/17/14,,
101-CD-T30,FPQ-14576,SO-49300,DN-3927,"Congo, DRC",PMO - US,From RDC,N/A - From RDC,Air,ARV,Adult,SCMS from RDC,"Abacavir 300mg, tablets, 60 Tabs",Abacavir,Generic,300mg,Tablet,Mylan (formerly Matrix) Nashik,83845,60,715,8029.45,11.23,0.19,8.25,116,891,TRUE,10/30/14,10/27/14,,
109-TZ-T30,FPQ-13042,SO-46700,DN-3967,Tanzania,PMO - US,From RDC,N/A - From RDC,Truck,ARV,Pediatric,SCMS from RDC,"Lamivudine/Nevirapine/Zidovudine 30/50/60mg, dispersible tablets, 60 Tabs",Lamivudine/Nevirapine/Zidovudine,Generic,30/50/60mg,Chewable/dispersible tablet - FDC,Mylan (formerly Matrix) Nashik,83847,60,18317,71253.13,3.89,0.06,88.14,581,6311.88,TRUE,11/28/14,11/20/14,,
109-TZ-T30,FPQ-13566,SO-47661,DN-3968,Tanzania,PMO - US,From RDC,N/A - From RDC,Air,ARV,Pediatric,SCMS from RDC,"Lamivudine/Nevirapine/Zidovudine 30/50/60mg, dispersible tablets, 60 Tabs",Lamivudine/Nevirapine/Zidovudine,Generic,30/50/60mg,Chewable/dispersible tablet - FDC,Mylan (formerly Matrix) Nashik,83848,60,31153,116823.75,3.75,0.06,120.09,1739,10506.44,TRUE,1/30/15,12/17/14,,
103-ZW-T30,FPQ-13990,SO-48470,DN-3970,Zimbabwe,PMO - US,From RDC,N/A - From RDC,Truck,ARV,Pediatric,SCMS from RDC,"Abacavir/Lamivudine 60/30mg, tablets, 60 Tabs",Abacavir/Lamivudine,Generic,60/30mg,Tablet - FDC,Mylan (formerly Matrix) Nashik,83849,60,27847,109995.65,3.95,0.07,113.08,1153,1489.8,TRUE,10/31/14,10/30/14,,
103-ZW-T30,FPQ-13967,SO-49890,DN-3972,Zimbabwe,PMO - US,From RDC,N/A - From RDC,Truck,ARV,Pediatric,SCMS from RDC,"Lamivudine/Nevirapine/Zidovudine 30/50/60mg, dispersible tablets, 60 Tabs",Lamivudine/Nevirapine/Zidovudine,Generic,30/50/60mg,Chewable/dispersible tablet - FDC,"Cipla, Goa, India",83850,60,37963,136666.8,3.6,0.06,140.49,,,FALSE,11/14/14,10/30/14,,
104-CI-T30,FPQ-14370,SO-49101,DN-3981,Côte d'Ivoire,PMO - US,From RDC,N/A - From RDC,Truck,ARV,Adult,SCMS from RDC,"Abacavir/Lamivudine 600/300mg, tablets, 30 Tabs",Abacavir/Lamivudine,Generic,600/300mg,Tablet - FDC,Mylan (formerly Matrix) Nashik,83853,30,3244,43761.56,13.49,0.45,44.99,288,1922.75,TRUE,10/31/14,10/24/14,,
101-CD-T30,FPQ-14576,SO-49290,DN-3975,"Congo, DRC",PMO - US,From RDC,N/A - From RDC,Air,ARV,Adult,SCMS from RDC,"Efavirenz 600mg, tablets, 30 Tabs",Efavirenz,Generic,600mg,Tablet,"Micro labs, Verna, Goa, India",83855,30,2660,8352.4,3.14,0.1,8.59,,,FALSE,1/30/15,2/18/15,,
103-ZW-T30,FPQ-14459,SO-49182,DN-4004,Zimbabwe,PMO - US,From RDC,N/A - From RDC,Truck,ARV,Pediatric,SCMS from RDC,"Lamivudine/Zidovudine 30/60mg, dispersible tablets, 60 Tabs",Lamivudine/Zidovudine,Generic,30/60mg,Chewable/dispersible tablet - FDC,"Cipla, Goa, India",83859,60,10893,21677.07,1.99,0.03,22.28,735,6331.93,TRUE,11/24/14,11/11/14,,
107-RW-T30,FPQ-14111,SO-48790,DN-4012,Rwanda,PMO - US,From RDC,N/A - From RDC,Truck,ARV,Adult,SCMS from RDC,"Nevirapine 200mg, tablets, 60 Tabs",Nevirapine,Generic,200mg,Tablet,Hetero Unit III Hyderabad IN,83860,60,49941,110369.61,2.21,0.04,113.46,,,FALSE,2/16/15,1/14/15,,
111-MZ-T30,FPQ-14226,SO-48880,DN-4032,Mozambique,PMO - US,From RDC,N/A - From RDC,Truck,ARV,Adult,SCMS from RDC,"Abacavir 300mg, tablets, 60 Tabs",Abacavir,Generic,300mg,Tablet,Mylan (formerly Matrix) Nashik,83861,60,7700,86471,11.23,0.19,88.89,,,FALSE,3/2/15,3/2/15,,
111-MZ-T30,FPQ-14226,SO-48880,DN-4032,Mozambique,PMO - US,From RDC,N/A - From RDC,Truck,ARV,Adult,SCMS from RDC,"Lopinavir/Ritonavir 200/50mg, tablets, 120 Tabs",Lopinavir/Ritonavir,Generic,200/50mg,Tablet,Mylan (formerly Matrix) Nashik,83862,120,29998,581361.25,19.38,0.16,597.64,,,FALSE,3/2/15,3/2/15,,
114-UG-T30,FPQ-15294,SO-50051,DN-4061,Uganda,PMO - US,From RDC,N/A - From RDC,Truck,ARV,Adult,SCMS from RDC,"Efavirenz/Lamivudine/Tenofovir Disoproxil Fumarate 600/300/300mg, tablets, 30 Tabs",Efavirenz/Lamivudine/Tenofovir Disoproxil Fumarate,Generic,600/300/300mg,Tablet - FDC,Mylan (formerly Matrix) Nashik,83864,30,350000,3416000,9.76,0.33,4020.63,41041,40616.15,TRUE,6/15/15,1/16/15,,
104-CI-T30,FPQ-14370,SO-49052,DN-4064,Côte d'Ivoire,PMO - US,From RDC,N/A - From RDC,Truck,ARV,Adult,SCMS from RDC,"Efavirenz 600mg, tablets, 30 Tabs",Efavirenz,Generic,600mg,Tablet,Hetero Unit III Hyderabad IN,83866,30,29996,93587.52,3.12,0.1,96.21,,,FALSE,2/16/15,1/19/15,,
114-UG-T30,FPQ-14396,SO-48971,DN-4070,Uganda,PMO - US,From RDC,N/A - From RDC,Truck,ARV,Adult,SCMS from RDC,"Efavirenz 600mg, tablets, 30 Tabs",Efavirenz,Generic,600mg,Tablet,"Cipla, Goa, India",83867,30,37500,120375,3.21,0.11,123.75,3961,3562.44,TRUE,2/16/15,1/24/15,,
114-UG-T30,FPQ-14396,SO-48972,DN-4071,Uganda,PMO - US,From RDC,N/A - From RDC,Truck,ARV,Adult,SCMS from RDC,"Lamivudine/Tenofovir Disoproxil Fumarate 300/300mg, tablets, 30 Tabs",Lamivudine/Tenofovir Disoproxil Fumarate,Generic,300/300mg,Tablet - FDC,"Cipla, Kurkumbh, India",83868,30,14420,66764.6,4.63,0.15,68.63,1467,1319.21,TRUE,2/2/15,1/24/15,,
104-CI-T30,FPQ-13628,SO-47900,DN-4039,Côte d'Ivoire,PMO - US,From RDC,N/A - From RDC,Truck,ARV,Pediatric,SCMS from RDC,"Lamivudine/Zidovudine 30/60mg, dispersible tablets, 60 Tabs",Lamivudine/Zidovudine,Generic,30/60mg,Chewable/dispersible tablet - FDC,"Mylan,  H-12 & H-13, India",83869,60,14344,28544.56,1.99,0.03,29.34,1023,5942.68,TRUE,1/30/15,2/11/15,,
111-MZ-T30,FPQ-13575,SO-47705,DN-4081,Mozambique,PMO - US,From RDC,N/A - From RDC,Truck,ARV,Adult,SCMS from RDC,"Abacavir 300mg, tablets, 60 Tabs",Abacavir,Generic,300mg,Tablet,Mylan (formerly Matrix) Nashik,83872,60,2173,24685.28,11.36,0.19,25.38,4076,4834.6,TRUE,2/27/15,3/3/15,,
109-TZ-T30,FPQ-14135,SO-48921,DN-4089,Tanzania,PMO - US,From RDC,N/A - From RDC,Truck,ARV,Pediatric,SCMS from RDC,"Lamivudine/Zidovudine 30/60mg, dispersible tablets, 60 Tabs",Lamivudine/Zidovudine,Generic,30/60mg,Chewable/dispersible tablet - FDC,"Cipla, Goa, India",83876,60,20000,40000,2,0.03,41.12,1386,7061.2,TRUE,2/25/15,1/27/15,,
111-MZ-T30,FPQ-14843,SO-49710,DN-4096,Mozambique,PMO - US,From RDC,N/A - From RDC,Truck,ARV,Adult,SCMS from RDC,"Efavirenz/Lamivudine/Tenofovir Disoproxil Fumarate 600/300/300mg, tablets, 30 Tabs",Efavirenz/Lamivudine/Tenofovir Disoproxil Fumarate,Generic,600/300/300mg,Tablet - FDC,Cipla Ltd A-42 MIDC Mahar. IN,83877,30,380000,3708800,9.76,0.33,3812.65,,,FALSE,2/28/15,3/13/15,,
114-UG-T30,FPQ-14396,SO-48994,DN-4101,Uganda,PMO - US,From RDC,N/A - From RDC,Truck,ARV,Pediatric,SCMS from RDC,"Abacavir/Lamivudine 60/30mg, tablets, 60 Tabs",Abacavir/Lamivudine,Generic,60/30mg,Tablet - FDC,Mylan (formerly Matrix) Nashik,83878,60,11106,45423.54,4.09,0.07,46.7,,,FALSE,2/27/15,2/25/15,,
151-NG-T30,FPQ-14766,SO-49681,DN-4099,Nigeria,PMO - US,From RDC,N/A - From RDC,Air Charter,ARV,Adult,SCMS from RDC,"Efavirenz/Lamivudine/Tenofovir Disoproxil Fumarate 600/300/300mg, tablets, 30 Tabs",Efavirenz/Lamivudine/Tenofovir Disoproxil Fumarate,Generic,600/300/300mg,Tablet - FDC,Hetero Unit III Hyderabad IN,83879,30,117112,1143013.1,9.76,0.33,1175.02,15735,37929,TRUE,2/28/15,1/14/15,,
114-UG-T30,FPQ-15294,SO-50090,DN-4102,Uganda,PMO - US,From RDC,N/A - From RDC,Truck,ARV,Adult,SCMS from RDC,"Efavirenz/Lamivudine/Tenofovir Disoproxil Fumarate 600/300/300mg, tablets, 30 Tabs",Efavirenz/Lamivudine/Tenofovir Disoproxil Fumarate,Generic,600/300/300mg,Tablet - FDC,"Aurobindo Unit VII, IN",83880,30,2361,24200.25,10.25,0.34,28.48,1255,4438,TRUE,2/27/15,2/24/15,,
114-UG-T30,FPQ-15638,SO-50650,DN-4106,Uganda,PMO - US,From RDC,N/A - From RDC,Truck,ARV,Adult,SCMS from RDC,"Nevirapine 200mg, tablets, 60 Tabs",Nevirapine,Generic,200mg,Tablet,Hetero Unit III Hyderabad IN,83881,60,10059,21928.62,2.18,0.04,25.81,632,2643.5,TRUE,2/17/15,1/31/15,,
110-ZM-T30,FPQ-14784,SO-49630,DN-4111,Zambia,PMO - US,From RDC,N/A - From RDC,Truck,ARV,Adult,SCMS from RDC,"Efavirenz 600mg, tablets, 30 Tabs",Efavirenz,Generic,600mg,Tablet,"Strides, Bangalore, India.",83882,30,41416,132945.36,3.21,0.11,136.67,7521,8265.26,TRUE,3/31/15,2/19/15,,
111-MZ-T30,FPQ-14226,SO-48886,DN-4115,Mozambique,PMO - US,From RDC,N/A - From RDC,Truck,ARV,Adult,SCMS from RDC,"Abacavir 300mg, tablets, 60 Tabs",Abacavir,Generic,300mg,Tablet,"Aurobindo Unit III, India",83883,60,5280,59294.4,11.23,0.19,60.95,,,FALSE,3/16/15,3/30/15,,
151-NG-T30,FPQ-14156,SO-48909,DN-4123,Nigeria,PMO - US,From RDC,N/A - From RDC,Air Charter,ARV,Adult,SCMS from RDC,"Lamivudine/Zidovudine 150/300mg, tablets, 60 Tabs",Lamivudine/Zidovudine,Generic,150/300mg,Tablet - FDC,Mylan (formerly Matrix) Nashik,83885,60,164867,1088122.2,6.6,0.11,1118.59,14794,34099.18,TRUE,3/2/15,2/5/15,,
151-NG-T30,FPQ-14766,SO-49683,DN-4128,Nigeria,PMO - US,From RDC,N/A - From RDC,Air Charter,ARV,Adult,SCMS from RDC,"Lamivudine/Nevirapine/Zidovudine 150/200/300mg, tablets, 60 Tabs",Lamivudine/Nevirapine/Zidovudine,Generic,150/300/200mg,Tablet - FDC,Hetero Unit III Hyderabad IN,83886,60,42500,328100,7.72,0.13,337.29,6229,12045.84,TRUE,2/28/15,2/5/15,,
113-ZW-T30,FPQ-14458,SO-49150,DN-4129,Zimbabwe,PMO - US,From RDC,N/A - From RDC,Truck,ARV,Adult,SCMS from RDC,"Efavirenz/Lamivudine/Tenofovir Disoproxil Fumarate 600/300/300mg, tablets, 30 Tabs",Efavirenz/Lamivudine/Tenofovir Disoproxil Fumarate,Generic,600/300/300mg,Tablet - FDC,Mylan (formerly Matrix) Nashik,83888,30,400000,3904000,9.76,0.33,4013.31,45186,47401.47,TRUE,2/9/15,2/10/15,,
104-CI-T30,FPQ-14370,SO-49050,DN-4138,Côte d'Ivoire,PMO - US,From RDC,N/A - From RDC,Truck,ARV,Adult,SCMS from RDC,"Lamivudine/Zidovudine 150/300mg, tablets, 60 Tabs",Lamivudine/Zidovudine,Generic,150/300mg,Tablet - FDC,Hetero Unit III Hyderabad IN,83890,60,100000,652000,6.52,0.11,670.26,8855,33900.99,TRUE,2/27/15,3/11/15,,
114-UG-T30,FPQ-14396,SO-49010,DN-4151,Uganda,PMO - US,From RDC,N/A - From RDC,Truck,ARV,Pediatric,SCMS from RDC,"Lamivudine/Nevirapine/Zidovudine 30/50/60mg, dispersible tablets, 60 Tabs",Lamivudine/Nevirapine/Zidovudine,Generic,30/50/60mg,Chewable/dispersible tablet - FDC,Mylan (formerly Matrix) Nashik,83891,60,6384,22982.4,3.6,0.06,23.63,382,1587.3,TRUE,3/16/15,3/12/15,,
102-ZW-T30,FPQ-15196,SO-50000,DN-4156,Zimbabwe,PMO - US,From RDC,N/A - From RDC,Truck,ARV,Adult,SCMS from RDC,"Efavirenz/Lamivudine/Tenofovir Disoproxil Fumarate 600/300/300mg, tablets, 30 Tabs",Efavirenz/Lamivudine/Tenofovir Disoproxil Fumarate,Generic,600/300/300mg,Tablet - FDC,"Aurobindo Unit VII, IN",83893,30,81589,783254.4,9.6,0.32,921.89,21668,23559.93,TRUE,4/30/15,3/17/15,,
102-BI-T30,FPQ-15406,SO-50270,DN-4144,Burundi,PMO - US,From RDC,N/A - From RDC,Air,ARV,Adult,SCMS from RDC,"Lopinavir/Ritonavir 200/50mg [Aluvia], tablets, 120 Tabs",Lopinavir/Ritonavir,Aluvia,200/50mg,Tablet,ABBVIE Ludwigshafen Germany,83894,120,320,6048,18.9,0.16,7.12,,,FALSE,2/27/15,2/28/15,,
107-RW-T30,FPQ-14811,SO-49940,DN-4162,Rwanda,PMO - US,From RDC,N/A - From RDC,Truck,ARV,Pediatric,SCMS from RDC,"Abacavir/Lamivudine 60/30mg, dispersible tablets, 60 Tabs",Abacavir/Lamivudine,Generic,60/30mg,Chewable/dispersible tablet - FDC,"Cipla, Patalganga, India",83897,60,24174,123045.66,5.09,0.08,126.49,,,FALSE,3/31/15,3/24/15,,
102-ZW-T30,FPQ-13991,SO-48491,DN-4164,Zimbabwe,PMO - US,From RDC,N/A - From RDC,Truck,ARV,Adult,SCMS from RDC,"Abacavir/Lamivudine 600/300mg, tablets, 30 Tabs",Abacavir/Lamivudine,Generic,600/300mg,Tablet - FDC,Mylan (formerly Matrix) Nashik,83898,30,1087,14294.05,13.15,0.44,14.69,102,129.75,TRUE,4/30/15,3/17/15,,
107-RW-T30,FPQ-15632,SO-50741,DN-4180,Rwanda,PMO - US,From RDC,N/A - From RDC,Air,ARV,Pediatric,SCMS from RDC,"Lamivudine/Zidovudine 30/60mg, dispersible tablets, 60 Tabs",Lamivudine/Zidovudine,Generic,30/60mg,Chewable/dispersible tablet - FDC,"Mylan,  H-12 & H-13, India",83899,60,3813,7435.35,1.95,0.03,8.75,,,TRUE,4/30/15,3/27/15,,
111-MZ-T30,FPQ-15195,SO-50140,DN-4191,Mozambique,PMO - US,From RDC,N/A - From RDC,Truck,ARV,Adult,SCMS from RDC,"Efavirenz/Lamivudine/Tenofovir Disoproxil Fumarate 600/300/300mg, tablets, 30 Tabs",Efavirenz/Lamivudine/Tenofovir Disoproxil Fumarate,Generic,600/300/300mg,Tablet - FDC,Hetero Unit III Hyderabad IN,83900,30,619999,5951990.5,9.6,0.32,7005.49,90446,68874.85,TRUE,5/31/15,5/13/15,,
111-MZ-T30,FPQ-15195,SO-50140,DN-4191,Mozambique,PMO - US,From RDC,N/A - From RDC,Truck,ARV,Adult,SCMS from RDC,"Efavirenz/Lamivudine/Tenofovir Disoproxil Fumarate 600/300/300mg, tablets, 30 Tabs",Efavirenz/Lamivudine/Tenofovir Disoproxil Fumarate,Generic,600/300/300mg,Tablet - FDC,Mylan (formerly Matrix) Nashik,83901,30,122449,1175510.4,9.6,0.32,1383.58,,,FALSE,5/31/15,5/13/15,,
114-UG-T30,FPQ-15294,SO-50050,DN-4218,Uganda,PMO - US,From RDC,N/A - From RDC,Truck,ARV,Pediatric,SCMS from RDC,"Abacavir/Lamivudine 60/30mg, tablets, 60 Tabs",Abacavir/Lamivudine,Generic,60/30mg,Tablet - FDC,Mylan (formerly Matrix) Nashik,83903,60,28524,112669.8,3.95,0.07,132.61,,,FALSE,6/15/15,5/14/15,,
114-UG-T30,FPQ-14396,SO-49012,DN-4217,Uganda,PMO - US,From RDC,N/A - From RDC,Truck,ARV,Pediatric,SCMS from RDC,"Lamivudine/Nevirapine/Zidovudine 30/50/60mg, dispersible tablets, 60 Tabs",Lamivudine/Nevirapine/Zidovudine,Generic,30/50/60mg,Chewable/dispersible tablet - FDC,"Strides, Bangalore, India.",83904,60,832,2995.2,3.6,0.06,3.08,,,TRUE,4/30/15,4/22/15,,
114-UG-T30,FPQ-15294,SO-50050,DN-4218,Uganda,PMO - US,From RDC,N/A - From RDC,Truck,ARV,Adult,SCMS from RDC,"Lamivudine/Tenofovir Disoproxil Fumarate 300/300mg, tablets, 30 Tabs",Lamivudine/Tenofovir Disoproxil Fumarate,Generic,300/300mg,Tablet - FDC,"Cipla, Kurkumbh, India",83905,30,120742,554205.75,4.59,0.15,652.3,,,FALSE,6/15/15,5/14/15,,
102-BI-T30,FPQ-15406,SO-50290,DN-4210,Burundi,PMO - US,From RDC,N/A - From RDC,Air,ARV,Adult,SCMS from RDC,"Efavirenz/Lamivudine/Tenofovir Disoproxil Fumarate 600/300/300mg, tablets, 30 Tabs",Efavirenz/Lamivudine/Tenofovir Disoproxil Fumarate,Generic,600/300/300mg,Tablet - FDC,Mylan (formerly Matrix) Nashik,83906,30,8190,78624,9.6,0.32,92.54,1208,7564.47,TRUE,6/30/15,4/22/15,,
103-ZW-T30,FPQ-15197,SO-50010,DN-4243,Zimbabwe,PMO - US,From RDC,N/A - From RDC,Truck,ARV,Pediatric,SCMS from RDC,"Lamivudine/Nevirapine/Zidovudine 30/50/60mg, dispersible tablets, 60 Tabs",Lamivudine/Nevirapine/Zidovudine,Generic,30/50/60mg,Chewable/dispersible tablet - FDC,Mylan (formerly Matrix) Nashik,83907,60,15935,57366,3.6,0.06,67.52,13469,16679.87,TRUE,4/30/15,4/30/15,,
111-MZ-T30,FPQ-15195,SO-50122,DN-4248,Mozambique,PMO - US,From RDC,N/A - From RDC,Truck,ARV,Adult,SCMS from RDC,"Lamivudine/Tenofovir Disoproxil Fumarate 300/300mg, tablets, 30 Tabs",Lamivudine/Tenofovir Disoproxil Fumarate,Generic,300/300mg,Tablet - FDC,"Hetero, Jadcherla, unit 5, IN",83908,30,56994,263312.28,4.62,0.15,309.92,5358,5894.11,TRUE,6/30/15,6/15/15,,
114-UG-T30,FPQ-15639,SO-50671,DN-4249,Uganda,PMO - US,From RDC,N/A - From RDC,Truck,ARV,Adult,SCMS from RDC,"Lamivudine/Zidovudine 150/300mg, tablets, 60 Tabs",Lamivudine/Zidovudine,Generic,150/300mg,Tablet - FDC,Hetero Unit III Hyderabad IN,83909,60,45671,297774.9,6.52,0.11,350.48,4055,4112.56,TRUE,4/30/15,5/15/15,,
151-NG-T30,FPQ-14989,SO-49933,DN-4229,Nigeria,PMO - US,From RDC,N/A - From RDC,Air Charter,ARV,Adult,SCMS from RDC,"Lamivudine/Nevirapine/Zidovudine 150/200/300mg, tablets, 60 Tabs",Lamivudine/Nevirapine/Zidovudine,Generic,150/300/200mg,Tablet - FDC,Mylan (formerly Matrix) Nashik,83910,60,131607,1016006.06,7.72,0.13,1044.45,,,FALSE,6/30/15,4/15/15,,
104-CI-T30,FPQ-15259,SO-50100,DN-4255,Côte d'Ivoire,PMO - US,From RDC,N/A - From RDC,Truck,ARV,Adult,SCMS from RDC,"Efavirenz 600mg, tablets, 30 Tabs",Efavirenz,Generic,600mg,Tablet,"Cipla, Goa, India",83911,30,14996,46787.52,3.12,0.1,55.07,33428,49314.37,TRUE,6/19/15,6/8/15,,
101-CD-T30,FPQ-16158,SO-51260,DN-4283,"Congo, DRC",PMO - US,From RDC,N/A - From RDC,Air,ARV,Adult,SCMS from RDC,"Lamivudine/Nevirapine/Zidovudine 150/200/300mg, tablets, 60 Tabs",Lamivudine/Nevirapine/Zidovudine,Generic,150/300/200mg,Tablet - FDC,"Hetero, Jadcherla, unit 5, IN",83912,60,70971,547896.1,7.72,0.13,644.87,,,TRUE,7/8/15,8/7/15,,
101-CD-T30,FPQ-16158,SO-51270,DN-4285,"Congo, DRC",PMO - US,From RDC,N/A - From RDC,Air,ARV,Adult,SCMS from RDC,"Abacavir/Lamivudine 600/300mg, tablets, 30 Tabs",Abacavir/Lamivudine,Generic,600/300mg,Tablet - FDC,Mylan (formerly Matrix) Nashik,83913,30,820,10783,13.15,0.44,12.69,,,FALSE,7/8/15,7/30/15,,
103-SS-T30,FPQ-16212,SO-51450,DN-4287,South Sudan,PMO - US,From RDC,N/A - From RDC,Air,ARV,Adult,SCMS from RDC,"Efavirenz/Lamivudine/Tenofovir Disoproxil Fumarate 600/300/300mg, tablets, 30 Tabs",Efavirenz/Lamivudine/Tenofovir Disoproxil Fumarate,Generic,600/300/300mg,Tablet - FDC,Mylan (formerly Matrix) Nashik,83914,30,56400,541440,9.6,0.32,637.27,,,TRUE,7/28/15,6/19/15,,
A01-SN-T50,FPQ-15899,SO-51380,DN-4293,Senegal,PMO - US,From RDC,N/A - From RDC,Air,ARV,Adult,SCMS from RDC,"Lopinavir/Ritonavir 200/50mg [Aluvia], tablets, 120 Tabs",Lopinavir/Ritonavir,Aluvia,200/50mg,Tablet,ABBVIE Ludwigshafen Germany,83915,120,100,1864,18.64,0.16,2.19,21,632.63,TRUE,6/22/15,6/25/15,,
102-BI-T30,FPQ-15406,SO-50291,DN-4306,Burundi,PMO - US,From RDC,N/A - From RDC,Air,ARV,Adult,SCMS from RDC,"Lopinavir/Ritonavir 200/50mg, tablets, 120 Tabs",Lopinavir/Ritonavir,Generic,200/50mg,Tablet,"Aurobindo Unit III, India",83916,120,240,4646.4,19.36,0.16,5.47,58,1289.48,TRUE,7/31/15,7/10/15,,
107-RW-T30,FPQ-14811,SO-49942,DN-4297,Rwanda,PMO - US,From RDC,N/A - From RDC,Truck,ARV,Pediatric,SCMS from RDC,"Abacavir/Lamivudine 60/30mg, dispersible tablets, 60 Tabs",Abacavir/Lamivudine,Generic,60/30mg,Chewable/dispersible tablet - FDC,"Cipla, Patalganga, India",83917,60,11584,58962.56,5.09,0.08,60.61,1043,8819.61,TRUE,6/30/15,6/29/15,,
151-NG-T30,FPQ-16313,SO-51440,DN-4282,Nigeria,PMO - US,From RDC,N/A - From RDC,Air,ARV,Adult,SCMS from RDC,"Lamivudine/Tenofovir Disoproxil Fumarate 300/300mg, tablets, 30 Tabs",Lamivudine/Tenofovir Disoproxil Fumarate,Generic,300/300mg,Tablet - FDC,Hetero Unit III Hyderabad IN,83919,30,55851,256356.1,4.59,0.15,301.73,6183,47281.56,TRUE,6/30/15,6/22/15,,
103-ZW-T30,FPQ-15197,SO-50020,DN-4307,Zimbabwe,PMO - US,From RDC,N/A - From RDC,Truck,ARV,Pediatric,SCMS from RDC,"Lamivudine/Zidovudine 30/60mg, dispersible tablets, 60 Tabs",Lamivudine/Zidovudine,Generic,30/60mg,Chewable/dispersible tablet - FDC,"Mylan,  H-12 & H-13, India",83920,60,21000,41790,1.99,0.03,49.19,25880,46111.55,TRUE,7/31/15,7/15/15,,
104-CI-T30,FPQ-15259,SO-50102,DN-4313,Côte d'Ivoire,PMO - US,From RDC,N/A - From RDC,Truck,ARV,Adult,SCMS from RDC,"Lamivudine/Tenofovir Disoproxil Fumarate 300/300mg, tablets, 30 Tabs",Lamivudine/Tenofovir Disoproxil Fumarate,Generic,300/300mg,Tablet - FDC,"Hetero, Jadcherla, unit 5, IN",83921,30,6750,31185,4.62,0.15,36.7,4426,14734.92,TRUE,7/31/15,8/6/15,,
103-CM-T30,FPQ-16539,SO-51670,DN-4320,Cameroon,PMO - US,From RDC,N/A - From RDC,Air,ARV,Adult,SCMS from RDC,"Lopinavir/Ritonavir 200/50mg, tablets, 120 Tabs",Lopinavir/Ritonavir,Generic,200/50mg,Tablet,"Aurobindo Unit III, India",83922,120,12000,232320,19.36,0.16,273.44,2912,32165.56,TRUE,8/10/15,8/19/15,,
110-ZM-T30,FPQ-14784,SO-49610,DN-4328,Zambia,PMO - US,From RDC,N/A - From RDC,Truck,ARV,Adult,SCMS from RDC,"Abacavir 300mg, tablets, 60 Tabs",Abacavir,Generic,300mg,Tablet,"Aurobindo Unit III, India",83925,60,19099,211807.9,11.09,0.18,217.74,9459,,TRUE,8/17/15,8/25/15,,
110-ZM-T30,FPQ-14575,SO-49283,DN-4331,Zambia,PMO - US,From RDC,N/A - From RDC,Truck,ARV,Adult,SCMS from RDC,"Nevirapine 200mg, tablets, 60 Tabs",Nevirapine,Generic,200mg,Tablet,"Cipla, Goa, India",83926,60,61154,133315.72,2.18,0.04,137.05,7957,,TRUE,8/14/15,8/25/15,,
103-ZW-T30,FPQ-16162,SO-51300,DN-4335,Zimbabwe,PMO - US,From RDC,N/A - From RDC,Truck,ARV,Pediatric,SCMS from RDC,"Efavirenz 200mg, scored tablets, 90 Tabs",Efavirenz,Generic,200mg,Tablet,"Strides, Bangalore, India.",83929,90,1482,13782.6,9.3,0.1,16.22,90,,TRUE,12/31/15,8/4/15,,
151-NG-T30,FPQ-16541,SO-51790,DN-4343,Nigeria,PMO - US,From RDC,N/A - From RDC,Air,ARV,Adult,SCMS from RDC,"Abacavir/Lamivudine 600/300mg, tablets, 30 Tabs",Abacavir/Lamivudine,Generic,600/300mg,Tablet - FDC,Mylan (formerly Matrix) Nashik,83930,30,5025,65877.75,13.11,0.44,77.54,,,TRUE,9/30/15,8/28/15,,
107-RW-T30,FPQ-16571,SO-51741,DN-4347,Rwanda,PMO - US,From RDC,N/A - From RDC,Air,ARV,Pediatric,SCMS from RDC,"Lamivudine/Nevirapine/Zidovudine 30/50/60mg, dispersible tablets, 60 Tabs",Lamivudine/Nevirapine/Zidovudine,Generic,30/50/60mg,Chewable/dispersible tablet - FDC,"Strides, Bangalore, India.",83932,60,3408,12098.4,3.55,0.06,14.24,,,TRUE,9/8/15,8/26/15,,
154-NG-T30,FPQ-3815,SO-32270,DN-1311,Nigeria,PMO - US,From RDC,N/A - From RDC,Air Charter,ARV,Adult,SCMS from RDC,"Lamivudine/Zidovudine 150/300mg, tablets, 60 Tabs",Lamivudine/Zidovudine,Generic,150/300mg,Tablet - FDC,"Aurobindo Unit III, India",83948,60,214,1874.64,8.76,0.15,3.67,,,FALSE,7/30/09,8/4/09,,
154-NG-T30,FPQ-3815,SO-32270,DN-1311,Nigeria,PMO - US,From RDC,N/A - From RDC,Air Charter,ARV,Pediatric,SCMS from RDC,"Lamivudine 10mg/ml, oral solution, Bottle, 240 ml",Lamivudine,Generic,10mg/ml,Oral solution,"Aurobindo Unit III, India",83949,240,75,142.5,1.9,0.01,0.28,,,FALSE,7/30/09,8/4/09,,
154-NG-T30,FPQ-3815,SO-32260,DN-1452,Nigeria,PMO - US,From RDC,N/A - From RDC,Air Charter,ARV,Pediatric,SCMS from RDC,"Efavirenz 200mg, capsule, 90 Caps",Efavirenz,Generic,200mg,Capsule,"Aurobindo Unit III, India",83950,90,24,290.88,12.12,0.13,0.57,,,FALSE,10/30/09,10/20/09,,
154-NG-T30,FPQ-3815,SO-32260,DN-1452,Nigeria,PMO - US,From RDC,N/A - From RDC,Air Charter,ARV,Adult,SCMS from RDC,"Lamivudine/Nevirapine/Stavudine 150/200/30mg, tablets, 60 Tabs",Lamivudine/Nevirapine/Stavudine,Generic,150/200/30mg,Tablet - FDC,"Strides, Bangalore, India.",83951,60,63,441,7,0.12,0.86,,,FALSE,10/30/09,10/20/09,,
112-NG-T30,FPQ-4040,SO-32980,DN-1456,Nigeria,PMO - US,From RDC,N/A - From RDC,Air Charter,ARV,Adult,SCMS from RDC,"Lamivudine 150mg, tablets, 60 Tabs",Lamivudine,Generic,150mg,Tablet,Mylan (formerly Matrix) Nashik,83952,60,5500,13420,2.44,0.04,26.3,836,9341.49,TRUE,10/15/09,10/20/09,,
123-NG-T30,FPQ-4395,SO-32971,DN-1493,Nigeria,PMO - US,From RDC,N/A - From RDC,Air Charter,ARV,Adult,SCMS from RDC,"Stavudine 30mg, capsules, 60 Caps",Stavudine,Generic,30mg,Capsule,"Aurobindo Unit III, India",83953,60,4050,5913,1.46,0.02,11.59,,,FALSE,12/18/09,11/20/09,,
123-NG-T30,FPQ-4395,SO-32971,DN-1493,Nigeria,PMO - US,From RDC,N/A - From RDC,Air Charter,ARV,Adult,SCMS from RDC,"Zidovudine 300mg, tablets, 60 Tabs",Zidovudine,Generic,300mg,Tablet,"Aurobindo Unit III, India",83954,60,8383,63123.99,7.53,0.13,123.72,,,FALSE,12/18/09,11/20/09,,
111-MZ-T30,FPQ-4479,SO-30441,DN-1495,Mozambique,PMO - US,From RDC,N/A - From RDC,Truck,ARV,Adult,SCMS from RDC,"Zidovudine 300mg, tablets, 60 Tabs",Zidovudine,Generic,300mg,Tablet,Hetero Unit III Hyderabad IN,83955,60,16566,127723.86,7.71,0.13,250.34,921,4468.51,TRUE,12/1/09,11/18/09,,
113-ZW-T30,FPQ-4472,SO-27190,DN-1500,Zimbabwe,PMO - US,From RDC,N/A - From RDC,Truck,ARV,Adult,SCMS from RDC,"Efavirenz 600mg, tablets, 30 Tabs",Efavirenz,Generic,600mg,Tablet,"Aurobindo Unit III, India",83956,30,4000,23120,5.78,0.19,45.32,,,FALSE,11/15/09,11/9/09,,
113-ZW-T30,FPQ-4472,SO-27190,DN-1500,Zimbabwe,PMO - US,From RDC,N/A - From RDC,Truck,ARV,Adult,SCMS from RDC,"Lamivudine/Stavudine 150/30mg, tablets, 60 Tabs",Lamivudine/Stavudine,Generic,150/30mg,Tablet - FDC,"Cipla, Goa, India",83957,60,4000,16000,4,0.07,31.36,,,FALSE,11/15/09,11/9/09,,
106-HT-T30,FPQ-4469,SO-34220,DN-1503,Haiti,PMO - US,From RDC,N/A - From RDC,Air,ARV,Adult,SCMS from RDC,"Lamivudine 150mg, tablets, 60 Tabs",Lamivudine,Generic,150mg,Tablet,"Aurobindo Unit III, India",83958,60,10167,24807.48,2.44,0.04,53.48,487,6113.34,TRUE,11/18/09,11/5/09,,
110-ZM-T30,FPQ-4035,SO-34330,DN-1504,Zambia,PMO - US,From RDC,N/A - From RDC,Truck,ARV,Adult,SCMS from RDC,"Efavirenz 600mg, tablets, 30 Tabs",Efavirenz,Generic,600mg,Tablet,"Emcure Plot No.P-2, I.T-B.T. Park, Phase II, MIDC, Hinjwadi, Pune, India",83959,30,61059,352921.03,5.78,0.19,691.73,4305,9935.88,TRUE,11/15/09,11/13/09,,
114-UG-T30,FPQ-4453,SO-34150,DN-1507,Uganda,PMO - US,From RDC,N/A - From RDC,Air,ARV,Adult,SCMS from RDC,"Efavirenz 600mg, tablets, 30 Tabs",Efavirenz,Generic,600mg,Tablet,"Aurobindo Unit III, India",83960,30,200,1156,5.78,0.19,2.27,22,709.02,TRUE,11/21/09,11/12/09,,
104-CI-T30,FPQ-3964,SO-34500,DN-1523,Côte d'Ivoire,PMO - US,From RDC,N/A - From RDC,Air,ARV,Pediatric,SCMS from RDC,"Zidovudine 100mg, capsules, 100 Caps",Zidovudine,Generic,100mg,Capsule,"Aurobindo Unit III, India",83961,100,2352,11760,5,0.05,23.05,3189,1211.48,TRUE,12/1/09,12/2/09,,
104-CI-T30,FPQ-3964,SO-33170,DN-1524,Côte d'Ivoire,PMO - US,From RDC,N/A - From RDC,Air,ARV,Pediatric,SCMS from RDC,"Didanosine 200mg, chewable/dispersible tablets, 60 Tabs",Didanosine,Generic,200mg,Chewable/dispersible tablet,"Aurobindo Unit III, India",83962,60,1833,28411.5,15.5,0.26,55.69,378,1211.48,TRUE,12/1/09,12/2/09,,
104-CI-T30,FPQ-4378,SO-34460,DN-1527,Côte d'Ivoire,PMO - US,From RDC,N/A - From RDC,Air,ARV,Adult,SCMS from RDC,"Abacavir 300mg, tablets, 60 Tabs",Abacavir,Generic,300mg,Tablet,Mylan (formerly Matrix) Nashik,83963,60,2590,55477.8,21.42,0.36,108.74,257,1211.48,TRUE,11/30/09,12/2/09,,
106-HT-T30,FPQ-4469,SO-34240,DN-1530,Haiti,PMO - US,From RDC,N/A - From RDC,Air,ARV,Adult,SCMS from RDC,"Stavudine 20mg, capsules, 60 Caps",Stavudine,Generic,20mg,Capsule,"Aurobindo Unit III, India",83964,60,108,180.36,1.67,0.03,0.39,1857,11091.78,TRUE,11/30/09,11/30/09,,
106-HT-T30,FPQ-4469,SO-34190,DN-1531,Haiti,PMO - US,From RDC,N/A - From RDC,Air,ARV,Adult,SCMS from RDC,"Zidovudine 300mg, tablets, 60 Tabs",Zidovudine,Generic,300mg,Tablet,"Aurobindo Unit III, India",83965,60,990,7454.7,7.53,0.13,16.07,109,10331.78,TRUE,12/2/09,11/30/09,,
110-ZM-T30,FPQ-4029,SO-33190,DN-1521,Zambia,PMO - US,From RDC,N/A - From RDC,Air,ARV,Adult,SCMS from RDC,"Lamivudine 150mg, tablets, 60 Tabs",Lamivudine,Generic,150mg,Tablet,"Aurobindo Unit III, India",83966,60,16539,40355.16,2.44,0.04,79.1,796,4234.42,TRUE,11/30/09,11/11/09,,
114-UG-T30,FPQ-4454,SO-34270,DN-1541,Uganda,PMO - US,From RDC,N/A - From RDC,Air,ARV,Adult,SCMS from RDC,"Lamivudine/Zidovudine 150/300mg, tablets, 60 Tabs",Lamivudine/Zidovudine,Generic,150/300mg,Tablet - FDC,Mylan (formerly Matrix) Nashik,83967,60,3350,29346,8.76,0.15,57.52,,,FALSE,12/7/09,11/30/09,,
151-NG-T30,FPQ-4105,SO-33140,DN-1562,Nigeria,PMO - US,From RDC,N/A - From RDC,Air Charter,ARV,Adult,SCMS from RDC,"Lamivudine/Nevirapine/Zidovudine 150/200/300mg, tablets, 60 Tabs",Lamivudine/Nevirapine/Zidovudine,Generic,150/300/200mg,Tablet - FDC,"Aurobindo Unit III, India",83968,60,28000,317800,11.35,0.19,622.89,3239,11637.64,TRUE,12/18/09,12/18/09,,
110-ZM-T30,FPQ-4035,SO-34760,DN-1573,Zambia,PMO - US,From RDC,N/A - From RDC,Truck,ARV,Adult,SCMS from RDC,"Nevirapine 200mg, tablets, 60 Tabs",Nevirapine,Generic,200mg,Tablet,"Cipla, Goa, India",83969,60,29683,86080.7,2.9,0.05,168.72,3254,8104.79,TRUE,1/15/10,12/3/09,,
114-UG-T30,FPQ-4497,SO-34810,DN-1595,Uganda,PMO - US,From RDC,N/A - From RDC,Air,ARV,Adult,SCMS from RDC,"Stavudine 30mg, capsules, 60 Caps",Stavudine,Generic,30mg,Capsule,"Aurobindo Unit III, India",83970,60,100,146,1.46,0.02,0.31,7,523.64,TRUE,2/3/10,12/23/09,,
108-VN-T30,FPQ-4689,SO-35250,DN-1602,Vietnam,PMO - US,From RDC,N/A - From RDC,Air,ARV,Adult,SCMS from RDC,"Lamivudine/Zidovudine 150/300mg, tablets, 60 Tabs",Lamivudine/Zidovudine,Generic,150/300mg,Tablet - FDC,"Aurobindo Unit III, India",83971,60,6384,55923.84,8.76,0.15,120.57,579,3119.75,TRUE,2/11/10,12/18/09,,
106-HT-T30,FPQ-4469,SO-35170,DN-1605,Haiti,PMO - US,From RDC,N/A - From RDC,Air,ARV,Adult,SCMS from RDC,"Efavirenz 600mg, tablets, 30 Tabs",Efavirenz,Generic,600mg,Tablet,"Aurobindo Unit III, India",83972,30,13577,78475.06,5.78,0.19,169.19,,,FALSE,1/11/10,1/8/10,,
117-ET-T30,FPQ-4828,SO-35470,DN-1616,Ethiopia,PMO - US,From RDC,N/A - From RDC,Air,ARV,Adult,SCMS from RDC,"Lamivudine/Zidovudine 150/300mg, tablets, 60 Tabs",Lamivudine/Zidovudine,Generic,150/300mg,Tablet - FDC,"Aurobindo Unit III, India",83973,60,16019,140326.44,8.76,0.15,302.54,1454,5187.5,TRUE,2/28/10,1/15/10,,
104-CI-T30,FPQ-3964,SO-34521,DN-1620,Côte d'Ivoire,PMO - US,From RDC,N/A - From RDC,Air,ARV,Adult,SCMS from RDC,"Efavirenz 600mg, tablets, 30 Tabs",Efavirenz,Generic,600mg,Tablet,"Aurobindo Unit III, India",83974,30,8676,50147.28,5.78,0.19,98.29,4845,5254.1,TRUE,2/8/10,1/23/10,,
114-UG-T30,FPQ-4497,SO-34850,DN-1636,Uganda,PMO - US,From RDC,N/A - From RDC,Truck,ARV,Adult,SCMS from RDC,"Lamivudine/Zidovudine 150/300mg, tablets, 60 Tabs",Lamivudine/Zidovudine,Generic,150/300mg,Tablet - FDC,Mylan (formerly Matrix) Nashik,83975,60,380,3328.8,8.76,0.15,7.18,67,1549.83,TRUE,2/11/10,1/29/10,,
104-CI-T30,FPQ-4378,SO-35800,DN-1642,Côte d'Ivoire,PMO - US,From RDC,N/A - From RDC,Air,ARV,Adult,SCMS from RDC,"Nevirapine 200mg, tablets, 60 Tabs",Nevirapine,Generic,200mg,Tablet,"Aurobindo Unit III, India",83976,60,4319,11790.87,2.73,0.05,23.11,409,1083.3,TRUE,4/6/10,2/15/10,,
110-ZM-T30,FPQ-4273,SO-33690,DN-1643,Zambia,PMO - US,From RDC,N/A - From RDC,Truck,ARV,Adult,SCMS from RDC,"Lamivudine/Nevirapine/Stavudine 150/200/30mg, tablets, 60 Tabs",Lamivudine/Nevirapine/Stavudine,Generic,150/200/30mg,Tablet - FDC,"Cipla, Goa, India",83977,60,20602,133294.94,6.47,0.11,261.26,,,FALSE,3/15/10,3/5/10,,
110-ZM-T30,FPQ-4273,SO-33690,DN-1643,Zambia,PMO - US,From RDC,N/A - From RDC,Truck,ARV,Adult,SCMS from RDC,"Nevirapine 200mg, tablets, 60 Tabs",Nevirapine,Generic,200mg,Tablet,"Cipla, Goa, India",83978,60,50000,136500,2.73,0.05,267.54,,,FALSE,3/15/10,3/5/10,,
110-ZM-T30,FPQ-4273,SO-33690,DN-1643,Zambia,PMO - US,From RDC,N/A - From RDC,Truck,ARV,Adult,SCMS from RDC,"Lamivudine/Nevirapine/Stavudine 150/200/30mg, tablets, 60 Tabs",Lamivudine/Nevirapine/Stavudine,Generic,150/200/30mg,Tablet - FDC,"Strides, Bangalore, India.",83979,60,1541,9970.27,6.47,0.11,19.54,,,FALSE,3/15/10,3/5/10,,
113-ZW-T30,FPQ-4472,SO-27210,DN-1657,Zimbabwe,PMO - US,From RDC,N/A - From RDC,Truck,ARV,Adult,SCMS from RDC,"Lamivudine/Stavudine 150/30mg, tablets, 60 Tabs",Lamivudine/Stavudine,Generic,150/30mg,Tablet - FDC,"Cipla, Goa, India",83980,60,4000,13600,3.4,0.06,26.66,632,3302.14,TRUE,3/31/10,3/12/10,,
104-CI-T30,FPQ-4378,SO-34410,DN-1662,Côte d'Ivoire,PMO - US,From RDC,N/A - From RDC,Air,ARV,Pediatric,SCMS from RDC,"Efavirenz 200mg, capsule, 90 Caps",Efavirenz,Generic,200mg,Capsule,"Aurobindo Unit III, India",83981,90,2066,20804.62,10.07,0.11,40.78,1560,3688.33,TRUE,3/9/10,3/1/10,,
106-HT-T30,FPQ-4384,SO-35920,DN-1667,Haiti,PMO - US,From RDC,N/A - From RDC,Air,ARV,Adult,SCMS from RDC,"Stavudine 15mg, capsules, 60 Caps",Stavudine,Generic,15mg,Capsule,"Aurobindo Unit III, India",83982,60,84,126,1.5,0.02,0.27,,,FALSE,3/10/10,3/3/10,,
106-HT-T30,FPQ-4384,SO-34690,DN-1673,Haiti,PMO - US,From RDC,N/A - From RDC,Air,ARV,Adult,SCMS from RDC,"Nevirapine 200mg, tablets, 60 Tabs",Nevirapine,Generic,200mg,Tablet,Hetero Unit III Hyderabad IN,83983,60,11500,31395,2.73,0.05,67.69,1870,13122.39,TRUE,3/15/10,3/15/10,,
106-HT-T30,FPQ-4384,SO-34690,DN-1673,Haiti,PMO - US,From RDC,N/A - From RDC,Air,ARV,Pediatric,SCMS from RDC,"Lamivudine 10mg/ml, oral solution, Bottle, 240 ml",Lamivudine,Generic,10mg/ml,Oral solution,"Cipla, Goa, India",83984,240,3136,5958.4,1.9,0.01,12.85,,,FALSE,3/15/10,3/15/10,,
114-UG-T30,FPQ-4496,SO-35630,DN-1675,Uganda,PMO - US,From RDC,N/A - From RDC,Air,ARV,Adult,SCMS from RDC,"Efavirenz 600mg, tablets, 30 Tabs",Efavirenz,Generic,600mg,Tablet,"Aurobindo Unit III, India",83985,30,5000,25650,5.13,0.17,55.3,456,5186.68,TRUE,3/22/10,3/17/10,,
104-CI-T30,FPQ-4378,SO-34414,DN-1676,Côte d'Ivoire,PMO - US,From RDC,N/A - From RDC,Air,ARV,Pediatric,SCMS from RDC,"Efavirenz 200mg, capsule, 90 Caps",Efavirenz,Generic,200mg,Capsule,"Aurobindo Unit III, India",83986,90,769,7743.83,10.07,0.11,15.18,93,4519.96,TRUE,3/9/10,3/10/10,,
151-NG-T30,FPQ-4537,SO-35050,DN-1715,Nigeria,PMO - US,From RDC,N/A - From RDC,Air Charter,ARV,Adult,SCMS from RDC,"Lamivudine/Zidovudine 150/300mg, tablets, 60 Tabs",Lamivudine/Zidovudine,Generic,150/300mg,Tablet - FDC,"Aurobindo Unit III, India",83987,60,5000,43800,8.76,0.15,94.43,452,,TRUE,4/19/10,3/31/10,,
151-NG-T30,FPQ-4537,SO-35060,DN-1720,Nigeria,PMO - US,From RDC,N/A - From RDC,Air Charter,ARV,Adult,SCMS from RDC,"Lamivudine/Nevirapine/Zidovudine 150/200/300mg, tablets, 60 Tabs",Lamivudine/Nevirapine/Zidovudine,Generic,150/300/200mg,Tablet - FDC,"Aurobindo Unit III, India",83988,60,100000,1122000,11.22,0.19,2419.03,11725,,TRUE,4/19/10,3/31/10,,
151-NG-T30,FPQ-4537,SO-35061,DN-1723,Nigeria,PMO - US,From RDC,N/A - From RDC,Air Charter,ARV,Adult,SCMS from RDC,"Lamivudine/Nevirapine/Zidovudine 150/200/300mg, tablets, 60 Tabs",Lamivudine/Nevirapine/Zidovudine,Generic,150/300/200mg,Tablet - FDC,"Aurobindo Unit III, India",83989,60,20518,230211.95,11.22,0.19,496.34,2407,,TRUE,4/19/10,3/30/10,,
151-NG-T30,FPQ-4537,SO-35080,DN-1728,Nigeria,PMO - US,From RDC,N/A - From RDC,Air Charter,ARV,Adult,SCMS from RDC,"Lamivudine/Tenofovir Disoproxil Fumarate 300/300mg, tablets, 30 Tabs",Lamivudine/Tenofovir Disoproxil Fumarate,Generic,300/300mg,Tablet - FDC,Mylan (formerly Matrix) Nashik,83990,30,40148,401480,10,0.33,865.59,3312,9736.1,TRUE,4/19/10,5/18/10,,
151-NG-T30,FPQ-4537,SO-35096,DN-1746,Nigeria,PMO - US,From RDC,N/A - From RDC,Air Charter,ARV,Adult,SCMS from RDC,"Zidovudine 300mg, tablets, 60 Tabs",Zidovudine,Generic,300mg,Tablet,Mylan (formerly Matrix) Nashik,83991,60,905,6787.5,7.5,0.12,14.63,47,,TRUE,4/19/10,3/31/10,,
114-UG-T30,FPQ-4496,SO-35000,DN-1751,Uganda,PMO - US,From RDC,N/A - From RDC,Truck,ARV,Adult,SCMS from RDC,"Lamivudine/Zidovudine 150/300mg, tablets, 60 Tabs",Lamivudine/Zidovudine,Generic,150/300mg,Tablet - FDC,Hetero Unit III Hyderabad IN,83992,60,4200,36792,8.76,0.15,79.32,275,11991.12,TRUE,4/12/10,3/25/10,,
114-UG-T30,FPQ-5275,SO-36250,DN-1769,Uganda,PMO - US,From RDC,N/A - From RDC,Air,ARV,Adult,SCMS from RDC,"Zidovudine 300mg, tablets, 60 Tabs",Zidovudine,Generic,300mg,Tablet,"Aurobindo Unit III, India",83993,60,90,675,7.5,0.12,1.46,4,521.52,TRUE,6/4/10,4/12/10,,
107-RW-T30,FPQ-5393,SO-36390,DN-1773,Rwanda,PMO - US,From RDC,N/A - From RDC,Air,ARV,Adult,SCMS from RDC,"Lamivudine/Nevirapine/Zidovudine 150/200/300mg, tablets, 60 Tabs",Lamivudine/Nevirapine/Zidovudine,Generic,150/300/200mg,Tablet - FDC,"Aurobindo Unit III, India",83995,60,25000,280500,11.22,0.19,604.76,2930,42573.95,TRUE,6/15/10,4/19/10,,
151-NG-T30,FPQ-4537,SO-34918,DN-1783,Nigeria,PMO - US,From RDC,N/A - From RDC,Air Charter,ARV,Adult,SCMS from RDC,"Efavirenz 600mg, tablets, 30 Tabs",Efavirenz,Generic,600mg,Tablet,"Aurobindo Unit III, India",83996,30,210,997.5,4.75,0.16,2.15,19,9736.1,TRUE,5/31/10,5/18/10,,
151-NG-T30,FPQ-4537,SO-35090,DN-1784,Nigeria,PMO - US,From RDC,N/A - From RDC,Air Charter,ARV,Adult,SCMS from RDC,"Zidovudine 300mg, tablets, 60 Tabs",Zidovudine,Generic,300mg,Tablet,"Aurobindo Unit III, India",83997,60,9924,74430,7.5,0.12,160.47,544,9736.1,TRUE,5/31/10,5/18/10,,
105-GY-T30,FPQ-5470,SO-36640,DN-1800,Guyana,PMO - US,From RDC,N/A - From RDC,Air,ARV,Pediatric,SCMS from RDC,"Zidovudine 100mg, capsules, 100 Caps",Zidovudine,Generic,100mg,Capsule,"Aurobindo Unit III, India",83998,100,564,2729.76,4.84,0.05,5.89,,,FALSE,6/30/10,5/27/10,,
151-NG-T30,FPQ-4537,SO-35024,DN-1807,Nigeria,PMO - US,From RDC,N/A - From RDC,Air Charter,ARV,Adult,SCMS from RDC,"Efavirenz/Emtricitabine/Tenofovir Disoproxil Fumarate 600/200/300mg, tablets, 30 Tabs",Efavirenz/Emtricitabine/Tenofovir Disoproxil Fumarate,Generic,600/200/300mg,Tablet - FDC,Mylan (formerly Matrix) Nashik,83999,30,1590,31672.8,19.92,0.66,68.29,174,9736.1,TRUE,5/31/10,5/18/10,,
151-NG-T30,FPQ-4537,SO-36002,DN-1814,Nigeria,PMO - US,From RDC,N/A - From RDC,Air Charter,ARV,Adult,SCMS from RDC,"Nevirapine 200mg, tablets, 60 Tabs",Nevirapine,Generic,200mg,Tablet,"Strides, Bangalore, India.",84000,60,46001,122362.66,2.66,0.04,263.81,2526,9736.1,TRUE,5/31/10,5/18/10,,
110-ZM-T30,FPQ-4273,SO-33700,DN-1828,Zambia,PMO - US,From RDC,N/A - From RDC,Truck,ARV,Adult,SCMS from RDC,"Lamivudine/Zidovudine 150/300mg, tablets, 60 Tabs",Lamivudine/Zidovudine,Generic,150/300mg,Tablet - FDC,"Aurobindo Unit III, India",84001,60,27440,240374.4,8.76,0.15,471.13,2475,4964.27,TRUE,5/17/10,5/11/10,,
113-ZW-T30,FPQ-4688,SO-35900,DN-1830,Zimbabwe,PMO - US,From RDC,N/A - From RDC,Air,ARV,Adult,SCMS from RDC,"Lamivudine/Nevirapine/Stavudine 150/200/30mg, tablets, 60 Tabs",Lamivudine/Nevirapine/Stavudine,Generic,150/200/30mg,Tablet - FDC,"Cipla, Goa, India",84002,60,298,1743.3,5.85,0.1,3.76,31,3833.17,TRUE,5/28/10,5/31/10,,
111-MZ-T30,FPQ-4711,SO-35730,DN-1832,Mozambique,PMO - US,From RDC,N/A - From RDC,Truck,ARV,Adult,SCMS from RDC,"Lamivudine/Nevirapine/Zidovudine 150/200/300mg, tablets, 60 Tabs",Lamivudine/Nevirapine/Zidovudine,Generic,150/300/200mg,Tablet - FDC,Mylan (formerly Matrix) Nashik,84003,60,46000,516120,11.22,0.19,1112.75,,,FALSE,6/30/10,6/14/10,,
114-UG-T30,FPQ-5275,SO-36270,DN-1834,Uganda,PMO - US,From RDC,N/A - From RDC,Air,ARV,Adult,SCMS from RDC,"Lamivudine/Nevirapine/Stavudine 150/200/30mg, tablets, 60 Tabs",Lamivudine/Nevirapine/Stavudine,Generic,150/200/30mg,Tablet - FDC,"Strides, Bangalore, India.",84004,60,7800,47658,6.11,0.1,102.75,580,6637.05,TRUE,5/31/10,5/19/10,,
113-ZW-T30,FPQ-4694,SO-35350,DN-1839,Zimbabwe,PMO - US,From RDC,N/A - From RDC,Truck,ARV,Adult,SCMS from RDC,"Efavirenz 600mg, tablets, 30 Tabs",Efavirenz,Generic,600mg,Tablet,"Aurobindo Unit III, India",84005,30,5900,28025,4.75,0.16,60.42,509,3833.17,TRUE,7/30/10,5/31/10,,
114-UG-T30,FPQ-5239,SO-36151,DN-1841,Uganda,PMO - US,From RDC,N/A - From RDC,Air,ARV,Adult,SCMS from RDC,"Lamivudine/Nevirapine/Zidovudine 150/200/300mg, tablets, 60 Tabs",Lamivudine/Nevirapine/Zidovudine,Generic,150/300/200mg,Tablet - FDC,Mylan (formerly Matrix) Nashik,84006,60,4782,53654.04,11.22,0.19,115.68,617,8676.9,TRUE,6/9/10,5/25/10,,
106-HT-T30,FPQ-4384,SO-34640,DN-1842,Haiti,PMO - US,From RDC,N/A - From RDC,Air,ARV,Pediatric,SCMS from RDC,"Lamivudine 10mg/ml, oral solution, Bottle, 240 ml",Lamivudine,Generic,10mg/ml,Oral solution,"Cipla, Goa, India",84007,240,3168,6336,2,0.01,13.66,1765,18473.1,TRUE,6/2/10,6/9/10,,
114-UG-T30,FPQ-5239,SO-36140,DN-1853,Uganda,PMO - US,From RDC,N/A - From RDC,Air,ARV,Adult,SCMS from RDC,"Emtricitabine/Tenofovir Disoproxil Fumarate 200/300mg, tablets, 30 Tabs",Emtricitabine/Tenofovir Disoproxil Fumarate,Generic,200/300mg,Tablet - FDC,Mylan (formerly Matrix) Nashik,84008,30,2797,32864.75,11.75,0.39,70.86,210,5841.92,TRUE,6/9/10,6/15/10,,
117-ET-T30,FPQ-5668,SO-36811,DN-1869,Ethiopia,PMO - US,From RDC,N/A - From RDC,Air,ARV,Adult,SCMS from RDC,"Lamivudine 150mg, tablets, 60 Tabs",Lamivudine,Generic,150mg,Tablet,"Aurobindo Unit III, India",84009,60,20000,46600,2.33,0.04,100.47,955,6154.8,TRUE,6/30/10,6/18/10,,
107-RW-T30,FPQ-5394,SO-36580,DN-1870,Rwanda,PMO - US,From RDC,N/A - From RDC,Air,ARV,Adult,SCMS from RDC,"Lamivudine/Nevirapine/Zidovudine 150/200/300mg, tablets, 60 Tabs",Lamivudine/Nevirapine/Zidovudine,Generic,150/300/200mg,Tablet - FDC,Mylan (formerly Matrix) Nashik,84010,60,5869,65850.18,11.22,0.19,141.97,758,8929.51,TRUE,7/15/10,7/7/10,,
114-UG-T30,FPQ-5239,SO-36180,DN-1874,Uganda,PMO - US,From RDC,N/A - From RDC,Air,ARV,Adult,SCMS from RDC,"Efavirenz 600mg, tablets, 30 Tabs",Efavirenz,Generic,600mg,Tablet,Mylan (formerly Matrix) Nashik,84011,30,950,4370,4.6,0.15,9.42,76,1017.15,TRUE,7/28/10,7/22/10,,
110-ZM-T30,FPQ-5702,SO-36850,DN-1875,Zambia,PMO - US,From RDC,N/A - From RDC,Truck,ARV,Adult,SCMS from RDC,"Efavirenz 600mg, tablets, 30 Tabs",Efavirenz,Generic,600mg,Tablet,Hetero Unit III Hyderabad IN,84012,30,100000,460000,4.6,0.15,991.76,,,FALSE,11/4/10,6/29/10,,
111-MZ-T30,FPQ-4473,SO-37050,DN-1891,Mozambique,PMO - US,From RDC,N/A - From RDC,Air,ARV,Adult,SCMS from RDC,"Nevirapine 200mg, tablets, 60 Tabs",Nevirapine,Generic,200mg,Tablet,"Strides, Bangalore, India.",84013,60,3000,7980,2.66,0.04,15.64,210,1894.2,TRUE,8/31/10,7/20/10,,
151-NG-T30,FPQ-5023,SO-36462,DN-1895,Nigeria,PMO - US,From RDC,N/A - From RDC,Air,ARV,Adult,SCMS from RDC,"Nevirapine 200mg, tablets, 60 Tabs",Nevirapine,Generic,200mg,Tablet,"Aurobindo Unit III, India",84014,60,46678,127430.94,2.73,0.05,274.74,4490,,TRUE,7/15/10,6/28/10,,
151-NG-T30,FPQ-5023,SO-36441,DN-1899,Nigeria,PMO - US,From RDC,N/A - From RDC,Air,ARV,Adult,SCMS from RDC,"Efavirenz 600mg, tablets, 30 Tabs",Efavirenz,Generic,600mg,Tablet,"Aurobindo Unit III, India",84015,30,28500,131100,4.6,0.15,282.65,2442,,TRUE,7/15/10,6/28/10,,
151-NG-T30,FPQ-5023,SO-36445,DN-1903,Nigeria,PMO - US,From RDC,N/A - From RDC,Air,ARV,Adult,SCMS from RDC,"Efavirenz 600mg, tablets, 30 Tabs",Efavirenz,Generic,600mg,Tablet,"Aurobindo Unit III, India",84016,30,804,3698.4,4.6,0.15,7.97,68,,TRUE,7/15/10,6/28/10,,
151-NG-T30,FPQ-5023,SO-36503,DN-1916,Nigeria,PMO - US,From RDC,N/A - From RDC,Air,ARV,Adult,SCMS from RDC,"Zidovudine 300mg, tablets, 60 Tabs",Zidovudine,Generic,300mg,Tablet,"Aurobindo Unit III, India",84017,60,200,1500,7.5,0.12,3.23,11,,TRUE,7/15/10,6/28/10,,
151-NG-T30,FPQ-5023,SO-36522,DN-1923,Nigeria,PMO - US,From RDC,N/A - From RDC,Air,ARV,Pediatric,SCMS from RDC,"Efavirenz 200mg, capsule, 90 Caps",Efavirenz,Generic,200mg,Capsule,"Aurobindo Unit III, India",84018,90,500,4855,9.71,0.11,10.47,60,,TRUE,7/15/10,6/28/10,,
109-TZ-T30,FPQ-5173,SO-36030,DN-1927,Tanzania,PMO - US,From RDC,N/A - From RDC,Air,ARV,Adult,SCMS from RDC,"Abacavir 300mg, tablets, 60 Tabs",Abacavir,Generic,300mg,Tablet,Mylan (formerly Matrix) Nashik,84019,60,23358,400356.12,17.14,0.29,863.17,2344,9309.52,TRUE,7/19/10,8/4/10,,
151-NG-T30,FPQ-5023,SO-36541,DN-1938,Nigeria,PMO - US,From RDC,N/A - From RDC,Air,ARV,Adult,SCMS from RDC,"Lamivudine/Zidovudine 150/300mg, tablets, 60 Tabs",Lamivudine/Zidovudine,Generic,150/300mg,Tablet - FDC,Mylan (formerly Matrix) Nashik,84020,60,23856,208978.56,8.76,0.15,450.56,1918,,TRUE,7/15/10,6/28/10,,
151-NG-T30,FPQ-5023,SO-36543,DN-1939,Nigeria,PMO - US,From RDC,N/A - From RDC,Air,ARV,Adult,SCMS from RDC,"Lamivudine/Zidovudine 150/300mg, tablets, 60 Tabs",Lamivudine/Zidovudine,Generic,150/300mg,Tablet - FDC,Mylan (formerly Matrix) Nashik,84021,60,4674,40944.24,8.76,0.15,88.28,376,,TRUE,7/15/10,6/28/10,,
109-TZ-T30,FPQ-5237,SO-36043,DN-1947,Tanzania,PMO - US,From RDC,N/A - From RDC,Air,ARV,Adult,SCMS from RDC,"Nevirapine 200mg, tablets, 60 Tabs",Nevirapine,Generic,200mg,Tablet,"Strides, Bangalore, India.",84022,60,38500,105105,2.73,0.05,226.61,2695,13457.25,TRUE,7/21/10,7/21/10,,
113-ZW-T30,FPQ-4694,SO-35351,DN-1948,Zimbabwe,PMO - US,From RDC,N/A - From RDC,Air,ARV,Adult,SCMS from RDC,"Lamivudine/Stavudine 150/30mg, tablets, 60 Tabs",Lamivudine/Stavudine,Generic,150/30mg,Tablet - FDC,"Cipla, Goa, India",84023,60,5900,19352,3.28,0.05,41.72,,,FALSE,7/30/10,7/22/10,,
113-ZW-T30,FPQ-4694,SO-35351,DN-1948,Zimbabwe,PMO - US,From RDC,N/A - From RDC,Air,ARV,Adult,SCMS from RDC,"Zidovudine 300mg, tablets, 60 Tabs",Zidovudine,Generic,300mg,Tablet,"Aurobindo Unit III, India",84024,60,5880,42394.8,7.21,0.12,91.4,,,FALSE,7/30/10,7/22/10,,
113-ZW-T30,FPQ-4694,SO-35351,DN-1948,Zimbabwe,PMO - US,From RDC,N/A - From RDC,Air,ARV,Adult,SCMS from RDC,"Lamivudine/Zidovudine 150/300mg, tablets, 60 Tabs",Lamivudine/Zidovudine,Generic,150/300mg,Tablet - FDC,"Aurobindo Unit III, India",84025,60,560,4905.6,8.76,0.15,10.58,,,FALSE,7/30/10,7/22/10,,
117-ET-T30,FPQ-5967,SO-37100,DN-1951,Ethiopia,PMO - US,From RDC,N/A - From RDC,Air,ARV,Adult,SCMS from RDC,"Lamivudine/Nevirapine/Stavudine 150/200/30mg, tablets, 60 Tabs",Lamivudine/Nevirapine/Stavudine,Generic,150/200/30mg,Tablet - FDC,"Cipla, Goa, India",84026,60,29315,167974.95,5.73,0.1,362.15,3931,13215.67,TRUE,9/21/10,7/19/10,,
151-NG-T30,FPQ-5023,SO-36436,DN-1955,Nigeria,PMO - US,From RDC,N/A - From RDC,Air Charter,ARV,Adult,SCMS from RDC,"Lamivudine/Nevirapine/Zidovudine 150/200/300mg, tablets, 60 Tabs",Lamivudine/Nevirapine/Zidovudine,Generic,150/300/200mg,Tablet - FDC,"Aurobindo Unit III, India",84027,60,28868,323898.97,11.22,0.19,698.33,3570,6147.18,TRUE,8/16/10,8/17/10,,
106-HT-T30,FPQ-5523,SO-36770,DN-1965,Haiti,PMO - US,From RDC,N/A - From RDC,Air,ARV,Adult,SCMS from RDC,"Zidovudine 300mg, tablets, 60 Tabs",Zidovudine,Generic,300mg,Tablet,"Aurobindo Unit III, India",84028,60,2280,16438.8,7.21,0.12,35.44,123,2136.1,TRUE,8/24/10,8/23/10,,
151-NG-T30,FPQ-5688,SO-36911,DN-1968,Nigeria,PMO - US,From RDC,N/A - From RDC,Air Charter,ARV,Adult,SCMS from RDC,"Emtricitabine/Tenofovir Disoproxil Fumarate 200/300mg, tablets, 30 Tabs",Emtricitabine/Tenofovir Disoproxil Fumarate,Generic,200/300mg,Tablet - FDC,Mylan (formerly Matrix) Nashik,84029,30,30000,352500,11.75,0.39,759.99,2700,6147.18,TRUE,8/31/10,8/17/10,,
151-NG-T30,FPQ-5688,SO-36931,DN-1975,Nigeria,PMO - US,From RDC,N/A - From RDC,Air Charter,ARV,Adult,SCMS from RDC,"Lamivudine/Nevirapine/Zidovudine 150/200/300mg, tablets, 60 Tabs",Lamivudine/Nevirapine/Zidovudine,Generic,150/300/200mg,Tablet - FDC,"Aurobindo Unit III, India",84030,60,54125,607282.5,11.22,0.19,1309.3,7050,6147.18,TRUE,8/31/10,8/17/10,,
117-ET-T30,FPQ-6142,SO-37190,DN-1981,Ethiopia,PMO - US,From RDC,N/A - From RDC,Air,ARV,Adult,SCMS from RDC,"Zidovudine 300mg, tablets, 60 Tabs",Zidovudine,Generic,300mg,Tablet,"Aurobindo Unit III, India",84031,60,5000,36050,7.21,0.12,77.72,196,1229.52,TRUE,8/17/10,8/9/10,,
104-CI-T30,FPQ-5623,SO-36890,DN-1984,Côte d'Ivoire,PMO - US,From RDC,N/A - From RDC,Air,ARV,Pediatric,SCMS from RDC,"Efavirenz 50mg, capsule, 30 Caps",Efavirenz,Generic,50mg,Capsule,"Aurobindo Unit III, India",84032,30,2436,5456.64,2.24,0.07,11.76,,,FALSE,8/31/10,8/23/10,,
100-DO-T30,FPQ-6079,SO-37200,DN-1985,Dominican Republic,PMO - US,From RDC,N/A - From RDC,Air,ARV,Adult,SCMS from RDC,"Lamivudine/Nevirapine/Zidovudine 150/200/300mg, tablets, 60 Tabs",Lamivudine/Nevirapine/Zidovudine,Generic,150/300/200mg,Tablet - FDC,"Aurobindo Unit III, India",84033,60,9000,100980,11.22,0.19,217.71,,,FALSE,8/30/10,8/28/10,,
151-NG-T30,FPQ-5023,SO-37080,DN-1990,Nigeria,PMO - US,From RDC,N/A - From RDC,Air Charter,ARV,Adult,SCMS from RDC,"Nevirapine 200mg, tablets, 60 Tabs",Nevirapine,Generic,200mg,Tablet,"Aurobindo Unit III, India",84034,60,13104,35773.92,2.73,0.05,77.13,1448,6147.18,TRUE,8/12/10,8/17/10,,
151-NG-T30,FPQ-5023,SO-36467,DN-1992,Nigeria,PMO - US,From RDC,N/A - From RDC,Air Charter,ARV,Adult,SCMS from RDC,"Nevirapine 200mg, tablets, 60 Tabs",Nevirapine,Generic,200mg,Tablet,"Aurobindo Unit III, India",84035,60,34801,95006.73,2.73,0.05,204.83,3951,6147.18,TRUE,8/12/10,8/17/10,,
109-TZ-T30,FPQ-6226,SO-37300,DN-2008,Tanzania,PMO - US,From RDC,N/A - From RDC,Air,ARV,Adult,SCMS from RDC,"Efavirenz 600mg, tablets, 30 Tabs",Efavirenz,Generic,600mg,Tablet,"Strides, Bangalore, India.",84038,30,15331,68222.95,4.45,0.15,147.09,4729,18390.42,TRUE,9/30/10,9/10/10,,
104-CI-T30,FPQ-4659,SO-35562,DN-2004,Côte d'Ivoire,PMO - US,From RDC,N/A - From RDC,Air,ARV,Pediatric,SCMS from RDC,"Didanosine 200mg, chewable/dispersible tablets, 60 Tabs",Didanosine,Generic,200mg,Chewable/dispersible tablet,"Aurobindo Unit III, India",84039,60,632,9796,15.5,0.26,21.12,134,8815.65,TRUE,9/30/10,9/6/10,,
104-CI-T30,FPQ-5623,SO-36881,DN-2012,Côte d'Ivoire,PMO - US,From RDC,N/A - From RDC,Truck,ARV,Adult,SCMS from RDC,"Nevirapine 200mg, tablets, 60 Tabs",Nevirapine,Generic,200mg,Tablet,"Aurobindo Unit III, India",84040,60,7925,21080.5,2.66,0.04,45.45,18041,8953.2,TRUE,10/19/10,9/25/10,,
104-CI-T30,FPQ-5623,SO-36881,DN-2012,Côte d'Ivoire,PMO - US,From RDC,N/A - From RDC,Truck,ARV,Adult,SCMS from RDC,"Nevirapine 200mg, tablets, 60 Tabs",Nevirapine,Generic,200mg,Tablet,Hetero Unit III Hyderabad IN,84041,60,12100,32186,2.66,0.04,69.39,,,FALSE,10/19/10,9/25/10,,
106-HT-T30,FPQ-5523,SO-36741,DN-2015,Haiti,PMO - US,From RDC,N/A - From RDC,Air,ARV,Adult,SCMS from RDC,"Nevirapine 200mg, tablets, 60 Tabs",Nevirapine,Generic,200mg,Tablet,Hetero Unit III Hyderabad IN,84042,60,27900,74214,2.66,0.04,160.01,,,FALSE,9/30/10,10/7/10,,
105-GY-T30,FPQ-6306,SO-37390,DN-2016,Guyana,PMO - US,From RDC,N/A - From RDC,Air,ARV,Adult,SCMS from RDC,"Zidovudine 300mg, tablets, 60 Tabs",Zidovudine,Generic,300mg,Tablet,"Aurobindo Unit III, India",84043,60,1002,7224.42,7.21,0.12,15.58,,,FALSE,11/23/10,9/19/10,,
105-GY-T30,FPQ-6307,SO-37400,DN-2017,Guyana,PMO - US,From RDC,N/A - From RDC,Air,ARV,Pediatric,SCMS from RDC,"Efavirenz 200mg, capsule, 90 Caps",Efavirenz,Generic,200mg,Capsule,"Aurobindo Unit III, India",84044,90,230,2233.3,9.71,0.11,4.81,,,FALSE,11/23/10,9/19/10,,
113-ZW-T30,FPQ-4694,SO-35380,DN-2019,Zimbabwe,PMO - US,From RDC,N/A - From RDC,Truck,ARV,Adult,SCMS from RDC,"Lamivudine/Nevirapine/Stavudine 150/200/30mg, tablets, 60 Tabs",Lamivudine/Nevirapine/Stavudine,Generic,150/200/30mg,Tablet - FDC,"Cipla, Goa, India",84045,60,112100,642333,5.73,0.1,1384.87,,,FALSE,9/30/10,10/4/10,,
105-GY-T30,FPQ-6439,SO-37490,DN-2022,Guyana,PMO - US,From RDC,N/A - From RDC,Air,ARV,Adult,SCMS from RDC,"Lopinavir/Ritonavir 200/50mg, tablets, 120 Tabs",Lopinavir/Ritonavir,Generic,200/50mg,Tablet,"Aurobindo Unit III, India",84046,120,140,5425,38.75,0.32,11.7,34,2027.42,TRUE,10/20/10,9/28/10,,
102-UG-T30,FPQ-6403,SO-37460,DN-2026,Uganda,PMO - US,From RDC,N/A - From RDC,Air,ARV,Adult,SCMS from RDC,"Efavirenz 600mg, tablets, 30 Tabs",Efavirenz,Generic,600mg,Tablet,Mylan (formerly Matrix) Nashik,84047,30,27304,118499.36,4.34,0.14,255.48,13087,56372.66,TRUE,10/20/10,10/25/10,,
102-UG-T30,FPQ-6403,SO-37460,DN-2026,Uganda,PMO - US,From RDC,N/A - From RDC,Air,ARV,Adult,SCMS from RDC,"Lamivudine/Nevirapine/Zidovudine 150/200/300mg, tablets, 60 Tabs",Lamivudine/Nevirapine/Zidovudine,Generic,150/300/200mg,Tablet - FDC,Mylan (formerly Matrix) Nashik,84048,60,31084,348762.47,11.22,0.19,751.93,,,FALSE,10/20/10,10/25/10,,
151-NG-T30,FPQ-5688,SO-37500,DN-2025,Nigeria,PMO - US,From RDC,N/A - From RDC,Air,ARV,Adult,SCMS from RDC,"Lamivudine/Nevirapine/Stavudine 150/200/30mg, tablets, 60 Tabs",Lamivudine/Nevirapine/Stavudine,Generic,150/200/30mg,Tablet - FDC,"Cipla, Goa, India",84049,60,2000,11460,5.73,0.1,24.71,,,FALSE,10/22/10,11/10/10,,
151-NG-T30,FPQ-5688,SO-37500,DN-2025,Nigeria,PMO - US,From RDC,N/A - From RDC,Air,ARV,Adult,SCMS from RDC,"Lamivudine/Zidovudine 150/300mg, tablets, 60 Tabs",Lamivudine/Zidovudine,Generic,150/300mg,Tablet - FDC,"Aurobindo Unit III, India",84050,60,72023,615796.6,8.55,0.14,1327.66,,,FALSE,10/22/10,11/10/10,,
117-ET-T30,FPQ-6428,SO-37940,DN-2049,Ethiopia,PMO - US,From RDC,N/A - From RDC,Air,ARV,Adult,SCMS from RDC,"Zidovudine 300mg, tablets, 60 Tabs",Zidovudine,Generic,300mg,Tablet,"Aurobindo Unit III, India",84051,60,1660,11968.6,7.21,0.12,25.8,90,866.71,TRUE,11/19/10,11/17/10,,
110-ZM-T30,FPQ-6221,SO-37320,DN-2054,Zambia,PMO - US,From RDC,N/A - From RDC,Truck,ARV,Adult,SCMS from RDC,"Lamivudine/Nevirapine/Stavudine 150/200/30mg, tablets, 60 Tabs",Lamivudine/Nevirapine/Stavudine,Generic,150/200/30mg,Tablet - FDC,"Cipla, Goa, India",84052,60,36562,198531.66,5.43,0.09,428.03,,,FALSE,12/31/10,11/25/10,,
106-HT-T30,FPQ-5523,SO-36730,DN-2059,Haiti,PMO - US,From RDC,N/A - From RDC,Air,ARV,Adult,SCMS from RDC,"Lamivudine/Zidovudine 150/300mg, tablets, 60 Tabs",Lamivudine/Zidovudine,Generic,150/300mg,Tablet - FDC,"Aurobindo Unit III, India",84053,60,36139,308988.44,8.55,0.14,666.18,7100,68243,TRUE,11/26/10,12/15/10,,
104-CI-T30,FPQ-5623,SO-36870,DN-2060,Côte d'Ivoire,PMO - US,From RDC,N/A - From RDC,Air,ARV,Adult,SCMS from RDC,"Nevirapine 200mg, tablets, 60 Tabs",Nevirapine,Generic,200mg,Tablet,Hetero Unit III Hyderabad IN,84054,60,19767,52580.22,2.66,0.04,113.36,,,FALSE,11/30/10,12/22/10,,
151-NG-T30,FPQ-6243,SO-37430,DN-2080,Nigeria,PMO - US,From RDC,N/A - From RDC,Air Charter,ARV,Adult,SCMS from RDC,"Lamivudine/Tenofovir Disoproxil Fumarate 300/300mg, tablets, 30 Tabs",Lamivudine/Tenofovir Disoproxil Fumarate,Generic,300/300mg,Tablet - FDC,Mylan (formerly Matrix) Nashik,84055,30,50000,441000,8.82,0.29,950.8,4502,27457,TRUE,3/30/11,1/9/11,,
114-UG-T30,FPQ-6427,SO-38180,DN-2084,Uganda,PMO - US,From RDC,N/A - From RDC,Truck,ARV,Adult,SCMS from RDC,"Lamivudine/Nevirapine/Zidovudine 150/200/300mg, tablets, 60 Tabs",Lamivudine/Nevirapine/Zidovudine,Generic,150/300/200mg,Tablet - FDC,"Aurobindo Unit III, India",84056,60,69202,776446.44,11.22,0.19,1674.02,9299,54009.25,TRUE,2/7/11,1/14/11,,
111-MZ-T30,FPQ-6426,SO-37600,DN-2086,Mozambique,PMO - US,From RDC,N/A - From RDC,Truck,ARV,Adult,SCMS from RDC,"Lamivudine/Stavudine 150/30mg, tablets, 60 Tabs",Lamivudine/Stavudine,Generic,150/30mg,Tablet - FDC,"Cipla, Goa, India",84057,60,23448,76909.44,3.28,0.05,165.82,1804,4815.8,TRUE,3/10/11,3/2/11,,
151-NG-T30,FPQ-6243,SO-38330,DN-2092,Nigeria,PMO - US,From RDC,N/A - From RDC,Air Charter,ARV,Adult,SCMS from RDC,"Lamivudine 150mg, tablets, 60 Tabs",Lamivudine,Generic,150mg,Tablet,"Aurobindo Unit III, India",84058,60,6700,15611,2.33,0.04,33.66,426,43548,TRUE,2/21/11,2/16/11,,
104-CI-T30,FPQ-6144,SO-38380,DN-2106,Côte d'Ivoire,PMO - US,From RDC,N/A - From RDC,Air,ARV,Pediatric,SCMS from RDC,"Lamivudine 10mg/ml, oral solution w/syringe, Bottle, 240 ml",Lamivudine,Generic,10mg/ml,Oral solution,"Aurobindo Unit III, India",84059,240,3660,6771,1.85,0.01,14.6,,,FALSE,1/31/11,2/22/11,,
117-ET-T30,FPQ-7001,SO-38460,DN-2111,Ethiopia,PMO - US,From RDC,N/A - From RDC,Air,ARV,Adult,SCMS from RDC,"Tenofovir Disoproxil Fumarate 300mg, tablets, 30 Tabs",Tenofovir Disoproxil Fumarate,Generic,300mg,Tablet,"Aurobindo Unit III, India",84060,30,6020,39551.4,6.57,0.22,65.26,542,3935.92,TRUE,2/9/11,2/7/11,,
110-ZM-T30,FPQ-6222,SO-37350,DN-2117,Zambia,PMO - US,From RDC,N/A - From RDC,Truck,ARV,Adult,SCMS from RDC,"Emtricitabine/Tenofovir Disoproxil Fumarate 200/300mg, tablets, 30 Tabs",Emtricitabine/Tenofovir Disoproxil Fumarate,Generic,200/300mg,Tablet - FDC,Mylan (formerly Matrix) Nashik,84061,30,200000,2184000,10.92,0.36,4708.7,43128,34543.36,TRUE,3/31/11,3/7/11,,
110-ZM-T30,FPQ-6221,SO-38110,DN-2118,Zambia,PMO - US,From RDC,N/A - From RDC,Truck,ARV,Adult,SCMS from RDC,"Emtricitabine/Tenofovir Disoproxil Fumarate 200/300mg, tablets, 30 Tabs",Emtricitabine/Tenofovir Disoproxil Fumarate,Generic,200/300mg,Tablet - FDC,Mylan (formerly Matrix) Nashik,84062,30,129998,1419578.1,10.92,0.36,3060.61,11115,16482.05,TRUE,3/10/11,2/25/11,,
104-CI-T30,FPQ-6144,SO-38400,DN-2123,Côte d'Ivoire,PMO - US,From RDC,N/A - From RDC,Air,ARV,Adult,SCMS from RDC,"Efavirenz 600mg, tablets, 30 Tabs",Efavirenz,Generic,600mg,Tablet,Mylan (formerly Matrix) Nashik,84063,30,57456,255679.2,4.45,0.15,551.24,4720,18611.92,TRUE,3/31/11,3/15/11,,
110-ZM-T30,FPQ-6221,SO-37950,DN-2125,Zambia,PMO - US,From RDC,N/A - From RDC,Truck,ARV,Adult,SCMS from RDC,"Lamivudine/Nevirapine/Stavudine 150/200/30mg, tablets, 60 Tabs",Lamivudine/Nevirapine/Stavudine,Generic,150/200/30mg,Tablet - FDC,"Strides, Bangalore, India.",84064,60,3355,19224.15,5.73,0.1,41.45,,,FALSE,3/31/11,4/5/11,,
105-GY-T30,FPQ-7128,SO-38840,DN-2129,Guyana,PMO - US,From RDC,N/A - From RDC,Air,ARV,Adult,SCMS from RDC,"Zidovudine 300mg, tablets, 60 Tabs",Zidovudine,Generic,300mg,Tablet,"Aurobindo Unit III, India",84065,60,1827,13172.67,7.21,0.12,21.73,,,FALSE,3/31/11,3/25/11,,
104-CI-T30,FPQ-6495,SO-37700,DN-2137,Côte d'Ivoire,PMO - US,From RDC,N/A - From RDC,Air,ARV,Adult,SCMS from RDC,"Lamivudine/Zidovudine 150/300mg, tablets, 60 Tabs",Lamivudine/Zidovudine,Generic,150/300mg,Tablet - FDC,Hetero Unit III Hyderabad IN,84066,60,40752,348429.6,8.55,0.14,751.21,,,FALSE,3/31/11,3/29/11,,
104-CI-T30,FPQ-5925,SO-38300,DN-2139,Côte d'Ivoire,PMO - US,From RDC,N/A - From RDC,Air,ARV,Pediatric,SCMS from RDC,"Didanosine 200mg, chewable/dispersible tablets, 60 Tabs",Didanosine,Generic,200mg,Chewable/dispersible tablet,"Aurobindo Unit III, India",84067,60,648,10044,15.5,0.26,21.65,138,17941.47,TRUE,3/15/11,3/29/11,,
109-TZ-T30,FPQ-7347,SO-39010,DN-2151,Tanzania,PMO - US,From RDC,N/A - From RDC,Air,ARV,Adult,SCMS from RDC,"Efavirenz 600mg, tablets, 30 Tabs",Efavirenz,Generic,600mg,Tablet,"Emcure Plot No.P-2, I.T-B.T. Park, Phase II, MIDC, Hinjwadi, Pune, India",84068,30,3493,14740.46,4.22,0.14,24.32,2996,9639.1,TRUE,4/7/11,3/31/11,,
104-CI-T30,FPQ-6891,SO-38540,DN-2153,Côte d'Ivoire,PMO - US,From RDC,N/A - From RDC,Air,ARV,Adult,SCMS from RDC,"Abacavir/Lamivudine 600/300mg, scored tablets, 30 Tabs",Abacavir/Lamivudine,Generic,600/300mg,Tablet - FDC,Mylan (formerly Matrix) Nashik,84069,30,1309,29452.5,22.5,0.75,48.6,,,FALSE,4/20/11,6/10/11,,
104-CI-T30,FPQ-6891,SO-38540,DN-2153,Côte d'Ivoire,PMO - US,From RDC,N/A - From RDC,Air,ARV,Adult,SCMS from RDC,"Lamivudine/Zidovudine 150/300mg, tablets, 60 Tabs",Lamivudine/Zidovudine,Generic,150/300mg,Tablet - FDC,Hetero Unit III Hyderabad IN,84070,60,20376,174214.8,8.55,0.14,287.45,,,FALSE,4/20/11,6/10/11,,
111-MZ-T30,FPQ-7053,SO-38670,DN-2160,Mozambique,PMO - US,From RDC,N/A - From RDC,Truck,ARV,Adult,SCMS from RDC,"Lamivudine 150mg, tablets, 60 Tabs",Lamivudine,Generic,150mg,Tablet,"Aurobindo Unit III, India",84074,60,4050,9436.5,2.33,0.04,15.57,195,3495.81,TRUE,5/31/11,4/6/11,,
104-CI-T30,FPQ-6499,SO-37730,DN-2158,Côte d'Ivoire,PMO - US,From RDC,N/A - From RDC,Air,ARV,Adult,SCMS from RDC,"Efavirenz/Emtricitabine/Tenofovir Disoproxil Fumarate 600/200/300mg, tablets, 30 Tabs",Efavirenz/Emtricitabine/Tenofovir Disoproxil Fumarate,Generic,600/200/300mg,Tablet - FDC,Mylan (formerly Matrix) Nashik,84075,30,11280,224697.6,19.92,0.66,370.75,1264,3380.35,TRUE,3/24/11,6/7/11,,
151-NG-T30,FPQ-7217,SO-39160,DN-2165,Nigeria,PMO - US,From RDC,N/A - From RDC,Air Charter,ARV,Adult,SCMS from RDC,"Lamivudine/Nevirapine/Stavudine 150/200/30mg, tablets, 60 Tabs",Lamivudine/Nevirapine/Stavudine,Generic,150/200/30mg,Tablet - FDC,"Cipla, Goa, India",84076,60,2000,11120,5.56,0.09,18.35,209,12601.07,TRUE,6/15/11,5/11/11,,
151-NG-T30,FPQ-6800,SO-38610,DN-2166,Nigeria,PMO - US,From RDC,N/A - From RDC,Air Charter,ARV,Adult,SCMS from RDC,"Emtricitabine/Tenofovir Disoproxil Fumarate 200/300mg, tablets, 30 Tabs",Emtricitabine/Tenofovir Disoproxil Fumarate,Generic,200/300mg,Tablet - FDC,Mylan (formerly Matrix) Nashik,84077,30,60756,640368.25,10.54,0.35,1056.61,5481,12601.07,TRUE,3/31/11,5/11/11,,
151-NG-T30,FPQ-6800,SO-39170,DN-2167,Nigeria,PMO - US,From RDC,N/A - From RDC,Air Charter,ARV,Adult,SCMS from RDC,"Efavirenz 600mg, tablets, 30 Tabs",Efavirenz,Generic,600mg,Tablet,Mylan (formerly Matrix) Nashik,84078,30,87744,370279.7,4.22,0.14,610.96,7194,12601.07,TRUE,6/21/11,5/11/11,,
106-HT-T30,FPQ-6484,SO-38080,DN-2176,Haiti,PMO - US,From RDC,N/A - From RDC,Air,ARV,Adult,SCMS from RDC,"Lamivudine 150mg, tablets, 60 Tabs",Lamivudine,Generic,150mg,Tablet,"Aurobindo Unit III, India",84079,60,2111,4918.63,2.33,0.04,10.6,101,1697.33,TRUE,3/24/11,4/28/11,,
200-ZW-T30,FPQ-6483,SO-39270,DN-2178,Zimbabwe,PMO - US,From RDC,N/A - From RDC,Truck,ARV,Pediatric,SCMS from RDC,"Didanosine 125mg, delayed-release capsules, 30 Caps",Didanosine,Generic,125mg,Delayed-release capsules,"Aurobindo Unit III, India",84080,30,105,892.5,8.5,0.28,1.92,10,3403.99,TRUE,4/4/11,5/20/11,,
200-ZW-T30,FPQ-6483,SO-39270,DN-2178,Zimbabwe,PMO - US,From RDC,N/A - From RDC,Truck,ARV,Pediatric,SCMS from RDC,"Didanosine 200mg, delayed-release capsules, 30 Caps",Didanosine,Generic,200mg,Delayed-release capsules,"Aurobindo Unit III, India",84081,30,45,495,11,0.37,1.07,,,FALSE,4/4/11,5/20/11,,
110-ZM-T30,FPQ-6665,SO-38070,DN-2182,Zambia,PMO - US,From RDC,N/A - From RDC,Truck,ARV,Adult,SCMS from RDC,"Lamivudine 150mg, tablets, 60 Tabs",Lamivudine,Generic,150mg,Tablet,"Aurobindo Unit III, India",84082,60,54869,127844.77,2.33,0.04,210.94,2630,3402.23,TRUE,4/14/11,5/20/11,,
110-ZM-T30,FPQ-6482,SO-38960,DN-2183,Zambia,PMO - US,From RDC,N/A - From RDC,Truck,ARV,Adult,SCMS from RDC,"Lamivudine/Zidovudine 150/300mg, tablets, 60 Tabs",Lamivudine/Zidovudine,Generic,150/300mg,Tablet - FDC,"Aurobindo Unit III, India",84083,60,120000,1026000,8.55,0.14,2212.06,11057,12049.4,TRUE,4/30/11,5/20/11,,
110-ZM-T30,FPQ-6482,SO-38970,DN-2154,Zambia,PMO - US,From RDC,N/A - From RDC,Truck,ARV,Adult,SCMS from RDC,"Nevirapine 200mg, tablets, 60 Tabs",Nevirapine,Generic,200mg,Tablet,Hetero Unit III Hyderabad IN,84084,60,7946,19944.46,2.51,0.04,43,1168,3402.23,TRUE,4/11/11,5/20/11,,
111-MZ-T30,FPQ-7053,SO-39340,DN-2193,Mozambique,PMO - US,From RDC,N/A - From RDC,Truck,ARV,Adult,SCMS from RDC,"Stavudine 30mg, capsules, 60 Caps",Stavudine,Generic,30mg,Capsule,"Aurobindo Unit III, India",84085,60,630,882,1.4,0.02,1.46,485,947.52,TRUE,5/31/11,6/23/11,,
110-ZM-T30,FPQ-6222,SO-38600,DN-2196,Zambia,PMO - US,From RDC,N/A - From RDC,Truck,ARV,Adult,SCMS from RDC,"Zidovudine 300mg, tablets, 60 Tabs",Zidovudine,Generic,300mg,Tablet,Hetero Unit III Hyderabad IN,84086,60,10394,72965.88,7.02,0.12,157.31,14935,15919.88,TRUE,4/14/11,6/10/11,,
117-ET-T30,FPQ-7001,SO-38420,DN-2199,Ethiopia,PMO - US,From RDC,N/A - From RDC,Air,ARV,Adult,SCMS from RDC,"Tenofovir Disoproxil Fumarate 300mg, tablets, 30 Tabs",Tenofovir Disoproxil Fumarate,Generic,300mg,Tablet,Mylan (formerly Matrix) Nashik,84087,30,10000,65700,6.57,0.22,108.4,716,2976.29,TRUE,5/31/11,5/30/11,,
113-ZW-T30,FPQ-6470,SO-39510,DN-2205,Zimbabwe,PMO - US,From RDC,N/A - From RDC,Truck,ARV,Adult,SCMS from RDC,"Lamivudine/Stavudine 150/30mg, tablets, 60 Tabs",Lamivudine/Stavudine,Generic,150/30mg,Tablet - FDC,"Cipla, Goa, India",84088,60,4669,14940.8,3.2,0.05,32.21,,,FALSE,5/31/11,6/15/11,,
151-NG-T30,FPQ-6800,SO-39080,DN-2208,Nigeria,PMO - US,From RDC,N/A - From RDC,Air Charter,ARV,Adult,SCMS from RDC,"Nevirapine 200mg, tablets, 60 Tabs",Nevirapine,Generic,200mg,Tablet,"Aurobindo Unit III, India",84089,60,42371,109317.18,2.58,0.04,180.37,5262,13398,TRUE,6/21/11,7/6/11,,
151-NG-T30,FPQ-7217,SO-39590,DN-2214,Nigeria,PMO - US,From RDC,N/A - From RDC,Air Charter,ARV,Adult,SCMS from RDC,"Lamivudine 150mg, tablets, 60 Tabs",Lamivudine,Generic,150mg,Tablet,"Aurobindo Unit III, India",84090,60,3173,7393.09,2.33,0.04,12.2,170,13398.06,TRUE,6/15/11,7/6/11,,
151-NG-T30,FPQ-7217,SO-39620,DN-2218,Nigeria,PMO - US,From RDC,N/A - From RDC,Air Charter,ARV,Adult,SCMS from RDC,"Nevirapine 200mg, tablets, 60 Tabs",Nevirapine,Generic,200mg,Tablet,"Strides, Bangalore, India.",84091,60,15508,38925.08,2.51,0.04,64.23,1107,13398.06,TRUE,6/15/11,7/5/11,,
107-RW-T30,FPQ-7692,SO-39560,DN-2227,Rwanda,PMO - US,From RDC,N/A - From RDC,Air Charter,ARV,Pediatric,SCMS from RDC,"Lamivudine 10mg/ml, oral solution w/syringe, Bottle, 240 ml",Lamivudine,Generic,10mg/ml,Oral solution,"Aurobindo Unit III, India",84092,240,1800,3330,1.85,0.01,5.49,718,4370.8,TRUE,8/14/11,5/25/11,,
105-GY-T30,FPQ-7621,SO-39710,DN-2235,Guyana,PMO - US,From RDC,N/A - From RDC,Air,ARV,Adult,SCMS from RDC,"Lamivudine 150mg, tablets, 60 Tabs",Lamivudine,Generic,150mg,Tablet,"Aurobindo Unit III, India",84093,60,514,1197.62,2.33,0.04,1.98,25,1052.04,TRUE,10/13/11,6/24/11,,
110-ZM-T30,FPQ-6482,SO-39410,DN-2239,Zambia,PMO - US,From RDC,N/A - From RDC,Truck,ARV,Adult,SCMS from RDC,"Nevirapine 200mg, tablets, 60 Tabs",Nevirapine,Generic,200mg,Tablet,Hetero Unit III Hyderabad IN,84094,60,112000,281120,2.51,0.04,606.09,6449,7962.26,TRUE,4/30/11,6/20/11,,
100-BJ-T30,FPQ-7658,SO-39800,DN-2252,Benin,PMO - US,From RDC,N/A - From RDC,Air,ARV,Adult,SCMS from RDC,"Lamivudine/Nevirapine/Stavudine 150/200/30mg, tablets, 60 Tabs",Lamivudine/Nevirapine/Stavudine,Generic,150/200/30mg,Tablet - FDC,"Cipla, Goa, India",84095,60,14770,79462.6,5.38,0.09,131.11,2192,10829.6,TRUE,6/13/11,7/5/11,,
100-BJ-T30,FPQ-7658,SO-39800,DN-2252,Benin,PMO - US,From RDC,N/A - From RDC,Air,ARV,Adult,SCMS from RDC,"Lamivudine/Stavudine 150/30mg, tablets, 60 Tabs",Lamivudine/Stavudine,Generic,150/30mg,Tablet - FDC,"Cipla, Goa, India",84096,60,8800,28160,3.2,0.05,46.46,,,FALSE,6/13/11,7/5/11,,
100-GH-T30,FPQ-7799,SO-39960,DN-2258,Ghana,PMO - US,From RDC,N/A - From RDC,Air,ARV,Adult,SCMS from RDC,"Nevirapine 200mg, tablets, 60 Tabs",Nevirapine,Generic,200mg,Tablet,"Strides, Bangalore, India.",84097,60,38040,95480.4,2.51,0.04,157.54,2269,226.25,TRUE,7/4/11,7/20/11,,
106-HT-T30,FPQ-6801,SO-39910,DN-2263,Haiti,PMO - US,From RDC,N/A - From RDC,Air,ARV,Adult,SCMS from RDC,"Stavudine 15mg, capsules, 60 Caps",Stavudine,Generic,15mg,Capsule,"Aurobindo Unit III, India",84098,60,168,221.76,1.32,0.02,0.37,,,FALSE,7/19/11,6/28/11,,
111-MZ-T30,FPQ-7053,SO-40060,DN-2268,Mozambique,PMO - US,From RDC,N/A - From RDC,Truck,ARV,Adult,SCMS from RDC,"Lamivudine/Nevirapine/Zidovudine 150/200/300mg, tablets, 60 Tabs",Lamivudine/Nevirapine/Zidovudine,Generic,150/300/200mg,Tablet - FDC,"Aurobindo Unit III, India",84099,60,135900,1524798,11.22,0.19,2515.92,,,FALSE,8/31/11,9/1/11,,
113-ZW-T30,FPQ-6470,SO-37841,DN-2282,Zimbabwe,PMO - US,From RDC,N/A - From RDC,Truck,ARV,Adult,SCMS from RDC,"Lamivudine/Nevirapine/Stavudine 150/200/30mg, tablets, 60 Tabs",Lamivudine/Nevirapine/Stavudine,Generic,150/200/30mg,Tablet - FDC,"Cipla, Goa, India",84101,60,36997,199043.86,5.38,0.09,429.14,,,FALSE,8/15/11,8/11/11,,
106-HT-T30,FPQ-6801,SO-38211,DN-2283,Haiti,PMO - US,From RDC,N/A - From RDC,Air,ARV,Pediatric,SCMS from RDC,"Didanosine 200mg, chewable/dispersible tablets, 60 Tabs",Didanosine,Generic,200mg,Chewable/dispersible tablet,"Aurobindo Unit III, India",84102,60,180,2700,15,0.25,4.46,38,1128.54,TRUE,7/19/11,7/21/11,,
104-CI-T30,FPQ-6891,SO-38571,DN-2296,Côte d'Ivoire,PMO - US,From RDC,N/A - From RDC,Air,ARV,Adult,SCMS from RDC,"Abacavir/Lamivudine 600/300mg, scored tablets, 30 Tabs",Abacavir/Lamivudine,Generic,600/300mg,Tablet - FDC,Mylan (formerly Matrix) Nashik,84103,30,1571,35347.5,22.5,0.75,58.32,151,3545.1,TRUE,7/22/11,7/22/11,,
106-HT-T30,FPQ-6801,SO-38213,DN-2310,Haiti,PMO - US,From RDC,N/A - From RDC,Air,ARV,Adult,SCMS from RDC,"Lamivudine/Zidovudine 150/300mg, tablets, 60 Tabs",Lamivudine/Zidovudine,Generic,150/300mg,Tablet - FDC,"Aurobindo Unit III, India",84104,60,30000,256500,8.55,0.14,423.22,,,FALSE,7/19/11,8/11/11,,
110-ZM-T30,FPQ-7085,SO-38741,DN-2322,Zambia,PMO - US,From RDC,N/A - From RDC,Truck,ARV,Adult,SCMS from RDC,"Nevirapine 200mg, tablets, 60 Tabs",Nevirapine,Generic,200mg,Tablet,"Aurobindo Unit VII, IN",84105,60,89037,223482.88,2.51,0.04,368.75,,,FALSE,9/29/11,8/29/11,,
111-MZ-T30,FPQ-7053,SO-38635,DN-2325,Mozambique,PMO - US,From RDC,N/A - From RDC,Truck,ARV,Adult,SCMS from RDC,"Efavirenz 600mg, tablets, 30 Tabs",Efavirenz,Generic,600mg,Tablet,Hetero Unit III Hyderabad IN,84106,30,19242,81201.24,4.22,0.14,133.98,,,FALSE,10/13/11,10/13/11,,
106-HT-T30,FPQ-6801,SO-38214,DN-2331,Haiti,PMO - US,From RDC,N/A - From RDC,Air,ARV,Adult,SCMS from RDC,"Efavirenz 600mg, tablets, 30 Tabs",Efavirenz,Generic,600mg,Tablet,"Strides, Bangalore, India.",84107,30,27975,126447,4.52,0.15,208.64,1704,16881.16,TRUE,8/31/11,8/24/11,,
111-MZ-T30,FPQ-7053,SO-38636,DN-2340,Mozambique,PMO - US,From RDC,N/A - From RDC,Truck,ARV,Pediatric,SCMS from RDC,"Zidovudine 10mg/ml, oral solution w/syringe, Bottle, 240 ml",Zidovudine,Generic,10mg/ml,Oral solution,"Aurobindo Unit III, India",84108,240,9400,18988,2.02,0.01,31.33,3642,5678.14,TRUE,11/30/11,11/30/11,,
105-GY-T30,FPQ-8023,SO-40440,DN-2348,Guyana,PMO - US,From RDC,N/A - From RDC,Air,ARV,Pediatric,SCMS from RDC,"Zidovudine 10mg/ml, oral solution w/syringe, Bottle, 240 ml",Zidovudine,Generic,10mg/ml,Oral solution,"Aurobindo Unit III, India",84109,240,385,777.7,2.02,0.01,1.28,,,FALSE,10/18/11,10/3/11,,
110-ZM-T30,FPQ-6319,SO-38950,DN-2349,Zambia,PMO - US,From RDC,N/A - From RDC,Truck,ARV,Adult,SCMS from RDC,"Efavirenz/Emtricitabine/Tenofovir Disoproxil Fumarate 600/200/300mg, tablets, 30 Tabs",Efavirenz/Emtricitabine/Tenofovir Disoproxil Fumarate,Generic,600/200/300mg,Tablet - FDC,Mylan (formerly Matrix) Nashik,84110,30,13154,262027.69,19.92,0.66,564.93,1456,3949.18,TRUE,4/14/11,8/5/11,,
151-NG-T30,FPQ-7812,SO-39991,DN-2350,Nigeria,PMO - US,From RDC,N/A - From RDC,Air Charter,ARV,Adult,SCMS from RDC,"Lamivudine/Nevirapine/Zidovudine 150/200/300mg, tablets, 60 Tabs",Lamivudine/Nevirapine/Zidovudine,Generic,150/300/200mg,Tablet - FDC,"Aurobindo Unit III, India",84111,60,267671,3003268.5,11.22,0.19,4955.39,37993,18495.9,TRUE,11/3/11,9/28/11,,
110-ZM-T30,FPQ-7085,SO-38733,DN-2357,Zambia,PMO - US,From RDC,N/A - From RDC,Truck,ARV,Adult,SCMS from RDC,"Efavirenz 600mg, tablets, 30 Tabs",Efavirenz,Generic,600mg,Tablet,"Aurobindo Unit III, India",84112,30,135158,583882.56,4.32,0.14,963.41,17285,21454.88,TRUE,10/31/11,9/26/11,,
901-SZ-T30,FPQ-8360,SO-40580,DN-2359,Swaziland,PMO - US,From RDC,N/A - From RDC,Air,ARV,Adult,SCMS from RDC,"Lamivudine/Nevirapine/Zidovudine 150/200/300mg, tablets, 60 Tabs",Lamivudine/Nevirapine/Zidovudine,Generic,150/300/200mg,Tablet - FDC,Mylan (formerly Matrix) Nashik,84113,60,23861,267720.4,11.22,0.19,441.74,4502,12314.4,TRUE,9/30/11,10/6/11,,
106-HT-T30,FPQ-7653,SO-39741,DN-2387,Haiti,PMO - US,From RDC,N/A - From RDC,Air,ARV,Adult,SCMS from RDC,"Stavudine 30mg, capsules, 60 Caps",Stavudine,Generic,30mg,Capsule,"Aurobindo Unit III, India",84115,60,3850,5390,1.4,0.02,8.89,230,2936.8,TRUE,10/31/11,10/24/11,,
900-SZ-T30,FPQ-8417,SO-40701,DN-2391,Swaziland,PMO - US,From RDC,N/A - From RDC,Air,ARV,Adult,SCMS from RDC,"Lamivudine/Nevirapine/Zidovudine 150/200/300mg, tablets, 60 Tabs",Lamivudine/Nevirapine/Zidovudine,Generic,150/300/200mg,Tablet - FDC,"Aurobindo Unit III, India",84116,60,45000,504900,11.22,0.19,833.08,5961,20144.99,TRUE,11/17/11,10/18/11,,
110-ZM-T30,FPQ-7085,SO-38743,DN-2396,Zambia,PMO - US,From RDC,N/A - From RDC,Truck,ARV,Adult,SCMS from RDC,"Nevirapine 200mg, tablets, 60 Tabs",Nevirapine,Generic,200mg,Tablet,Mylan (formerly Matrix) Nashik,84117,60,19200,48192,2.51,0.04,79.52,1936,9421.76,TRUE,12/10/11,12/9/11,,
104-CI-T30,FPQ-8295,SO-40770,DN-2405,Côte d'Ivoire,PMO - US,From RDC,N/A - From RDC,Truck,ARV,Adult,SCMS from RDC,"Stavudine 15mg, capsules, 60 Caps",Stavudine,Generic,15mg,Capsule,"Aurobindo Unit III, India",84118,60,1512,1995.84,1.32,0.02,3.29,360,3274.41,TRUE,11/11/11,10/31/11,,
110-ZM-T30,FPQ-7085,SO-38743,DN-2396,Zambia,PMO - US,From RDC,N/A - From RDC,Truck,ARV,Adult,SCMS from RDC,"Nevirapine 200mg, tablets, 60 Tabs",Nevirapine,Generic,200mg,Tablet,Hetero Unit III Hyderabad IN,84119,60,108,271.08,2.51,0.04,0.45,,,FALSE,12/10/11,12/9/11,,
104-CI-T30,FPQ-8295,SO-40800,DN-2422,Côte d'Ivoire,PMO - US,From RDC,N/A - From RDC,Truck,ARV,Adult,SCMS from RDC,"Tenofovir Disoproxil Fumarate 300mg, tablets, 30 Tabs",Tenofovir Disoproxil Fumarate,Generic,300mg,Tablet,Mylan (formerly Matrix) Nashik,84120,30,3520,22598.4,6.42,0.21,37.29,197,3296.34,TRUE,12/23/11,11/19/11,,
114-UG-T30,FPQ-8520,SO-40911,DN-2435,Uganda,PMO - US,From RDC,N/A - From RDC,Truck,ARV,Adult,SCMS from RDC,"Efavirenz 600mg, tablets, 30 Tabs",Efavirenz,Generic,600mg,Tablet,"Strides, Bangalore, India.",84121,30,10000,41200,4.12,0.14,67.98,1051,39130.38,TRUE,1/9/12,12/1/11,,
109-TZ-T30,FPQ-8297,SO-40620,DN-2443,Tanzania,PMO - US,From RDC,N/A - From RDC,Truck,ARV,Adult,SCMS from RDC,"Emtricitabine/Tenofovir Disoproxil Fumarate 200/300mg, tablets, 30 Tabs",Emtricitabine/Tenofovir Disoproxil Fumarate,Generic,200/300mg,Tablet - FDC,"Aurobindo Unit III, India",84122,30,23940,214741.8,8.97,0.3,354.32,,,TRUE,1/10/12,12/22/11,,
109-TZ-T30,FPQ-8297,SO-40611,DN-2444,Tanzania,PMO - US,From RDC,N/A - From RDC,Truck,ARV,Adult,SCMS from RDC,"Zidovudine 300mg, tablets, 60 Tabs",Zidovudine,Generic,300mg,Tablet,Mylan (formerly Matrix) Nashik,84123,60,6400,44928,7.02,0.12,74.13,355,2682.2,TRUE,2/7/12,12/19/11,,
109-TZ-T30,FPQ-7675,SO-39750,DN-2445,Tanzania,PMO - US,From RDC,N/A - From RDC,Air,ARV,Adult,SCMS from RDC,"Efavirenz/Emtricitabine/Tenofovir Disoproxil Fumarate 600/200/300mg, tablets, 30 Tabs",Efavirenz/Emtricitabine/Tenofovir Disoproxil Fumarate,Generic,600/200/300mg,Tablet - FDC,Mylan (formerly Matrix) Nashik,84124,30,80000,1593600,19.92,0.66,2629.44,,,FALSE,1/30/12,12/22/11,,
109-TZ-T30,FPQ-8301,SO-40550,DN-2446,Tanzania,PMO - US,From RDC,N/A - From RDC,Truck,ARV,Adult,SCMS from RDC,"Efavirenz/Lamivudine/Tenofovir Disoproxil Fumarate 600/300/300mg, tablets, 30 Tabs",Efavirenz/Lamivudine/Tenofovir Disoproxil Fumarate,Generic,600/300/300mg,Tablet - FDC,Mylan (formerly Matrix) Nashik,84125,30,20000,341600,17.08,0.57,563.64,2302,,TRUE,1/10/12,12/22/11,,
900-SZ-T30,FPQ-8417,SO-40690,DN-2456,Swaziland,PMO - US,From RDC,N/A - From RDC,Air,ARV,Adult,SCMS from RDC,"Nevirapine 200mg, tablets, 60 Tabs",Nevirapine,Generic,200mg,Tablet,"Strides, Bangalore, India.",84126,60,13023,33599.34,2.58,0.04,55.44,750,3787.65,TRUE,12/12/11,12/12/11,,
111-MZ-T30,FPQ-7053,SO-38638,DN-2458,Mozambique,PMO - US,From RDC,N/A - From RDC,Truck,ARV,Pediatric,SCMS from RDC,"Nevirapine 10mg/ml, oral suspension w/syringe, Bottle, 240 ml",Nevirapine,Generic,10mg/ml,Oral suspension,"Aurobindo Unit III, India",84127,240,8000,15600,1.95,0.01,25.74,2987,2779.53,TRUE,1/31/12,1/25/12,,
151-NG-T30,FPQ-8364,SO-40662,DN-2464,Nigeria,PMO - US,From RDC,N/A - From RDC,Air Charter,ARV,Adult,SCMS from RDC,"Lamivudine/Tenofovir Disoproxil Fumarate 300/300mg, tablets, 30 Tabs",Lamivudine/Tenofovir Disoproxil Fumarate,Generic,300/300mg,Tablet - FDC,Mylan (formerly Matrix) Nashik,84128,30,53279,438486.16,8.23,0.27,723.5,5494,15322.73,TRUE,3/16/12,12/18/11,,
110-ZM-T30,FPQ-7767,SO-40260,DN-2486,Zambia,PMO - US,From RDC,N/A - From RDC,Truck,ARV,Adult,SCMS from RDC,"Nevirapine 200mg, tablets, 60 Tabs",Nevirapine,Generic,200mg,Tablet,"Aurobindo Unit VII, IN",84129,60,200000,502000,2.51,0.04,828.3,19257,6476.69,TRUE,2/29/12,1/20/12,,
101-CD-T30,FPQ-8840,SO-41130,DN-2492,"Congo, DRC",PMO - US,From RDC,N/A - From RDC,Air,ARV,Adult,SCMS from RDC,"Nevirapine 200mg, tablets, 60 Tabs",Nevirapine,Generic,200mg,Tablet,"Strides, Bangalore, India.",84130,60,26,67.08,2.58,0.04,0.09,,,FALSE,3/16/12,2/14/12,,
101-CD-T30,FPQ-8840,SO-41131,DN-2493,"Congo, DRC",PMO - US,From RDC,N/A - From RDC,Air,ARV,Adult,SCMS from RDC,"Nevirapine 200mg, tablets, 60 Tabs",Nevirapine,Generic,200mg,Tablet,"Strides, Bangalore, India.",84131,60,70,180.6,2.58,0.04,0.25,,,FALSE,3/16/12,2/14/12,,
101-CD-T30,FPQ-8840,SO-41132,DN-2494,"Congo, DRC",PMO - US,From RDC,N/A - From RDC,Air,ARV,Adult,SCMS from RDC,"Abacavir 300mg, tablets, 60 Tabs",Abacavir,Generic,300mg,Tablet,Mylan (formerly Matrix) Nashik,84132,60,20,292.6,14.63,0.24,0.41,,,FALSE,3/16/12,2/14/12,,
101-CD-T30,FPQ-8840,SO-41133,DN-2495,"Congo, DRC",PMO - US,From RDC,N/A - From RDC,Air,ARV,Adult,SCMS from RDC,"Lamivudine/Zidovudine 150/300mg, tablets, 60 Tabs",Lamivudine/Zidovudine,Generic,150/300mg,Tablet - FDC,"Aurobindo Unit III, India",84133,60,75,619.5,8.26,0.14,0.87,,,FALSE,3/16/12,2/14/12,,
101-CD-T30,FPQ-8840,SO-41136,DN-2498,"Congo, DRC",PMO - US,From RDC,N/A - From RDC,Air,ARV,Adult,SCMS from RDC,"Lamivudine/Nevirapine/Zidovudine 150/200/300mg, tablets, 60 Tabs",Lamivudine/Nevirapine/Zidovudine,Generic,150/300/200mg,Tablet - FDC,Mylan (formerly Matrix) Nashik,84134,60,30,330,11,0.18,0.46,,,FALSE,3/16/12,2/14/12,,
101-CD-T30,FPQ-8840,SO-41136,DN-2498,"Congo, DRC",PMO - US,From RDC,N/A - From RDC,Air,ARV,Adult,SCMS from RDC,"Nevirapine 200mg, tablets, 60 Tabs",Nevirapine,Generic,200mg,Tablet,"Strides, Bangalore, India.",84135,60,22,56.76,2.58,0.04,0.08,,,FALSE,3/16/12,2/14/12,,
101-CD-T30,FPQ-8840,SO-41137,DN-2499,"Congo, DRC",PMO - US,From RDC,N/A - From RDC,Air,ARV,Adult,SCMS from RDC,"Lamivudine/Zidovudine 150/300mg, tablets, 60 Tabs",Lamivudine/Zidovudine,Generic,150/300mg,Tablet - FDC,"Aurobindo Unit III, India",84136,60,450,3717,8.26,0.14,5.21,,,FALSE,3/16/12,2/14/12,,
101-CD-T30,FPQ-8840,SO-41137,DN-2499,"Congo, DRC",PMO - US,From RDC,N/A - From RDC,Air,ARV,Adult,SCMS from RDC,"Lopinavir/Ritonavir 200/50mg, tablets, 120 Tabs",Lopinavir/Ritonavir,Generic,200/50mg,Tablet,"Aurobindo Unit III, India",84137,120,50,1687,33.74,0.28,2.37,,,FALSE,3/16/12,2/14/12,,
101-CD-T30,FPQ-8840,SO-41138,DN-2500,"Congo, DRC",PMO - US,From RDC,N/A - From RDC,Air,ARV,Adult,SCMS from RDC,"Lamivudine/Zidovudine 150/300mg, tablets, 60 Tabs",Lamivudine/Zidovudine,Generic,150/300mg,Tablet - FDC,"Aurobindo Unit III, India",84138,60,274,2263.24,8.26,0.14,3.17,,,FALSE,2/10/12,2/14/12,,
101-CD-T30,FPQ-8840,SO-41146,DN-2510,"Congo, DRC",PMO - US,From RDC,N/A - From RDC,Air,ARV,Pediatric,SCMS from RDC,"Nevirapine 10mg/ml, oral suspension w/syringe, Bottle, 240 ml",Nevirapine,Generic,10mg/ml,Oral suspension,"Aurobindo Unit III, India",84139,240,163,317.85,1.95,0.01,0.45,,,FALSE,3/16/12,3/23/12,,
111-MZ-T30,FPQ-8157,SO-40360,DN-2518,Mozambique,PMO - US,From RDC,N/A - From RDC,Truck,ARV,Adult,SCMS from RDC,"Lamivudine/Nevirapine/Zidovudine 150/200/300mg, tablets, 60 Tabs",Lamivudine/Nevirapine/Zidovudine,Generic,150/300/200mg,Tablet - FDC,"Aurobindo Unit VII, IN",84140,60,100000,1122000,11.22,0.19,1851.3,,,FALSE,3/30/12,3/8/12,,
113-ZW-T30,FPQ-7052,SO-38520,DN-2519,Zimbabwe,PMO - US,From RDC,N/A - From RDC,Truck,ARV,Adult,SCMS from RDC,"Nevirapine 200mg, tablets, 60 Tabs",Nevirapine,Generic,200mg,Tablet,"Aurobindo Unit VII, IN",84141,60,9073,22773.23,2.51,0.04,37.58,2721,4777.08,TRUE,2/29/12,2/16/12,,
101-CD-T30,FPQ-8840,SO-41383,DN-2524,"Congo, DRC",PMO - US,From RDC,N/A - From RDC,Air,ARV,Adult,SCMS from RDC,"Lamivudine 150mg, tablets, 60 Tabs",Lamivudine,Generic,150mg,Tablet,Hetero Unit III Hyderabad IN,84142,60,23,53.59,2.33,0.04,0.08,1,522.42,TRUE,3/22/12,3/22/12,,
110-ZM-T30,FPQ-8759,SO-41121,DN-2532,Zambia,PMO - US,From RDC,N/A - From RDC,Truck,ARV,Adult,SCMS from RDC,"Efavirenz 600mg, tablets, 30 Tabs",Efavirenz,Generic,600mg,Tablet,"Strides, Bangalore, India.",84143,30,56386,232310.31,4.12,0.14,325.7,,,FALSE,4/27/12,2/17/12,,
106-HT-T30,FPQ-9056,SO-41300,DN-2535,Haiti,PMO - US,From RDC,N/A - From RDC,Air,ARV,Pediatric,SCMS from RDC,"Lamivudine 10mg/ml, oral solution w/syringe, Bottle, 240 ml",Lamivudine,Generic,10mg/ml,Oral solution,"Aurobindo Unit III, India",84144,240,2808,5194.8,1.85,0.01,7.28,,,FALSE,3/2/12,3/12/12,,
109-TZ-T30,FPQ-8297,SO-40630,DN-2544,Tanzania,PMO - US,From RDC,N/A - From RDC,Truck,ARV,Adult,SCMS from RDC,"Tenofovir Disoproxil Fumarate 300mg, tablets, 30 Tabs",Tenofovir Disoproxil Fumarate,Generic,300mg,Tablet,Mylan (formerly Matrix) Nashik,84145,30,17440,95920,5.5,0.18,158.27,2612,1698.83,TRUE,3/30/12,3/12/12,,
109-TZ-T30,FPQ-8297,SO-40630,DN-2544,Tanzania,PMO - US,From RDC,N/A - From RDC,Truck,ARV,Adult,SCMS from RDC,"Abacavir 300mg, tablets, 60 Tabs",Abacavir,Generic,300mg,Tablet,Mylan (formerly Matrix) Nashik,84146,60,15003,219493.89,14.63,0.24,362.16,,,FALSE,3/30/12,3/12/12,,
114-UG-T30,FPQ-8520,SO-40910,DN-2546,Uganda,PMO - US,From RDC,N/A - From RDC,Truck,ARV,Adult,SCMS from RDC,"Nevirapine 200mg, tablets, 60 Tabs",Nevirapine,Generic,200mg,Tablet,"Strides, Bangalore, India.",84147,60,534,1377.72,2.58,0.04,2.27,30,2030,TRUE,3/9/12,2/15/12,,
151-NG-T30,FPQ-8364,SO-40665,DN-2561,Nigeria,PMO - US,From RDC,N/A - From RDC,Air Charter,ARV,Adult,SCMS from RDC,"Lamivudine/Tenofovir Disoproxil Fumarate 300/300mg, tablets, 30 Tabs",Lamivudine/Tenofovir Disoproxil Fumarate,Generic,300/300mg,Tablet - FDC,Mylan (formerly Matrix) Nashik,84148,30,22426,136350.08,6.08,0.2,224.98,1942,25231.96,TRUE,3/16/12,2/16/12,,
109-TZ-T30,FPQ-8303,SO-40531,DN-2572,Tanzania,PMO - US,From RDC,N/A - From RDC,Truck,ARV,Pediatric,SCMS from RDC,"Nevirapine 10mg/ml, oral suspension w/syringe, Bottle, 240 ml",Nevirapine,Generic,10mg/ml,Oral suspension,"Aurobindo Unit III, India",84149,240,19026,37100.7,1.95,0.01,61.22,7096,3279.29,TRUE,4/11/12,4/11/12,,
109-TZ-T30,FPQ-8303,SO-40691,DN-2573,Tanzania,PMO - US,From RDC,N/A - From RDC,Truck,ARV,Pediatric,SCMS from RDC,"Lamivudine/Nevirapine/Zidovudine 30/50/60mg, dispersible tablets, 60 Tabs",Lamivudine/Nevirapine/Zidovudine,Generic,30/50/60mg,Chewable/dispersible tablet - FDC,Mylan (formerly Matrix) Nashik,84150,60,163735,695873.75,4.25,0.07,1148.19,9208,3825.8,TRUE,3/30/12,3/12/12,,
900-SS-T30,FPQ-8624,SO-41080,DN-2581,South Sudan,PMO - US,From RDC,N/A - From RDC,Air,ARV,Adult,SCMS from RDC,"Nevirapine 200mg, tablets, 60 Tabs",Nevirapine,Generic,200mg,Tablet,"Strides, Bangalore, India.",84151,60,200,516,2.58,0.04,0.72,,,FALSE,3/21/12,3/8/12,,
900-SS-T30,FPQ-8624,SO-41080,DN-2581,South Sudan,PMO - US,From RDC,N/A - From RDC,Air,ARV,Adult,SCMS from RDC,"Lamivudine 150mg, tablets, 60 Tabs",Lamivudine,Generic,150mg,Tablet,Macleods Daman Plant INDIA,84152,60,200,466,2.33,0.04,0.65,,,FALSE,3/21/12,3/8/12,,
111-MZ-T30,FPQ-8157,SO-40381,DN-2590,Mozambique,PMO - US,From RDC,N/A - From RDC,Truck,ARV,Adult,SCMS from RDC,"Lamivudine/Nevirapine/Zidovudine 150/200/300mg, tablets, 60 Tabs",Lamivudine/Nevirapine/Zidovudine,Generic,150/300/200mg,Tablet - FDC,Mylan (formerly Matrix) Nashik,84153,60,14125,158482.5,11.22,0.19,261.5,,,FALSE,5/7/12,5/24/12,,
102-BI-T30,FPQ-9229,SO-41530,DN-2594,Burundi,PMO - US,From RDC,N/A - From RDC,Air,ARV,Adult,SCMS from RDC,"Nevirapine 200mg, tablets, 60 Tabs",Nevirapine,Generic,200mg,Tablet,"Strides, Bangalore, India.",84154,60,1800,4518,2.51,0.04,6.33,,,FALSE,4/26/12,5/4/12,,
102-BI-T30,FPQ-9229,SO-41540,DN-2595,Burundi,PMO - US,From RDC,N/A - From RDC,Air,ARV,Adult,SCMS from RDC,"Emtricitabine/Tenofovir Disoproxil Fumarate 200/300mg, tablets, 30 Tabs",Emtricitabine/Tenofovir Disoproxil Fumarate,Generic,200/300mg,Tablet - FDC,Mylan (formerly Matrix) Nashik,84155,30,5150,45062.5,8.75,0.29,63.18,,,FALSE,4/26/12,4/9/12,,
104-CI-T30,FPQ-8363,SO-40822,DN-2601,Côte d'Ivoire,PMO - US,From RDC,N/A - From RDC,Truck,ARV,Adult,SCMS from RDC,"Lamivudine/Nevirapine/Zidovudine 150/200/300mg, tablets, 60 Tabs",Lamivudine/Nevirapine/Zidovudine,Generic,150/300/200mg,Tablet - FDC,Mylan (formerly Matrix) Nashik,84156,60,75000,841500,11.22,0.19,1388.48,10746,22878.26,TRUE,4/19/12,4/19/12,,
104-CI-T30,FPQ-8363,SO-40830,DN-2612,Côte d'Ivoire,PMO - US,From RDC,N/A - From RDC,Truck,ARV,Adult,SCMS from RDC,"Lamivudine/Zidovudine 150/300mg, tablets, 60 Tabs",Lamivudine/Zidovudine,Generic,150/300mg,Tablet - FDC,"Cipla, Goa, India",84157,60,7273,60074.98,8.26,0.14,99.12,650,4029.71,TRUE,4/27/12,4/19/12,,
113-ZW-T30,FPQ-8464,SO-40860,DN-2621,Zimbabwe,PMO - US,From RDC,N/A - From RDC,Truck,ARV,Adult,SCMS from RDC,"Lamivudine/Stavudine 150/30mg, tablets, 60 Tabs",Lamivudine/Stavudine,Generic,150/30mg,Tablet - FDC,"Strides, Bangalore, India.",84158,60,7150,21092.5,2.95,0.05,34.8,,,FALSE,4/17/12,5/7/12,,
107-RW-T30,FPQ-9442,SO-41740,DN-2619,Rwanda,PMO - US,From RDC,N/A - From RDC,Air,ARV,Pediatric,SCMS from RDC,"Abacavir 20mg/ml, oral solution w/syringe, Bottle, 240 ml",Abacavir,Generic,20mg/ml,Oral solution,"Aurobindo Unit III, India",84159,240,1489,18612.5,12.5,0.05,26.09,557,5044.26,TRUE,4/9/12,3/29/12,,
113-ZW-T30,FPQ-8464,SO-40860,DN-2621,Zimbabwe,PMO - US,From RDC,N/A - From RDC,Truck,ARV,Adult,SCMS from RDC,"Lamivudine/Nevirapine/Zidovudine 150/200/300mg, tablets, 60 Tabs",Lamivudine/Nevirapine/Zidovudine,Generic,150/300/200mg,Tablet - FDC,Mylan (formerly Matrix) Nashik,84160,60,11574,127314,11,0.18,210.07,,,FALSE,4/17/12,5/7/12,,
107-RW-T30,FPQ-9190,SO-41431,DN-2626,Rwanda,PMO - US,From RDC,N/A - From RDC,Air,ARV,Pediatric,SCMS from RDC,"Efavirenz 200mg, capsule, 90 Caps",Efavirenz,Generic,200mg,Capsule,"Aurobindo Unit III, India",84161,90,993,8579.52,8.64,0.1,12.03,126,1675,TRUE,6/29/12,4/26/12,,
109-TZ-T30,FPQ-8303,SO-40490,DN-2633,Tanzania,PMO - US,From RDC,N/A - From RDC,Truck,ARV,Pediatric,SCMS from RDC,"Lamivudine/Nevirapine/Stavudine 60/100/12mg, dispersible tablets, 60 Tabs",Lamivudine/Nevirapine/Stavudine,Generic,60/100/12mg,Chewable/dispersible tablet - FDC,"Cipla, Goa, India",84162,60,26300,119402,4.54,0.08,197.01,2278,7865.4,TRUE,6/1/12,6/1/12,,
109-TZ-T30,FPQ-8303,SO-40530,DN-2634,Tanzania,PMO - US,From RDC,N/A - From RDC,Truck,ARV,Pediatric,SCMS from RDC,"Nevirapine 10mg/ml, oral suspension w/syringe, Bottle, 240 ml",Nevirapine,Generic,10mg/ml,Oral suspension,"Aurobindo Unit III, India",84163,240,24307,47398.65,1.95,0.01,78.21,,,TRUE,5/31/12,4/30/12,,
111-MZ-T30,FPQ-8157,SO-40380,DN-2635,Mozambique,PMO - US,From RDC,N/A - From RDC,Truck,ARV,Pediatric,SCMS from RDC,"Nevirapine 10mg/ml, oral suspension w/syringe, Bottle, 240 ml",Nevirapine,Generic,10mg/ml,Oral suspension,"Aurobindo Unit III, India",84164,240,26807,52273.65,1.95,0.01,86.25,9937,14700,TRUE,6/28/12,6/28/12,,
102-LY-T30,FPQ-9665,SO-41900,DN-2641,Libya,PMO - US,From RDC,N/A - From RDC,Air,ARV,Adult,SCMS from RDC,"Zidovudine 300mg, tablets, 60 Tabs",Zidovudine,Generic,300mg,Tablet,Hetero Unit III Hyderabad IN,84165,60,4166,29245.32,7.02,0.12,41,,,FALSE,5/23/12,5/23/12,,
102-LY-T30,FPQ-9665,SO-41900,DN-2641,Libya,PMO - US,From RDC,N/A - From RDC,Air,ARV,Adult,SCMS from RDC,"Lamivudine 150mg, tablets, 60 Tabs",Lamivudine,Generic,150mg,Tablet,Macleods Daman Plant INDIA,84166,60,8334,19418.22,2.33,0.04,27.22,,,FALSE,5/23/12,5/23/12,,
114-UG-T30,FPQ-9321,SO-41510,DN-2643,Uganda,PMO - US,From RDC,N/A - From RDC,Truck,ARV,Adult,SCMS from RDC,"Lamivudine/Zidovudine 150/300mg, tablets, 60 Tabs",Lamivudine/Zidovudine,Generic,150/300mg,Tablet - FDC,Hetero Unit III Hyderabad IN,84167,60,2000,15560,7.78,0.13,21.82,,,FALSE,7/3/12,5/18/12,,
151-NG-T30,FPQ-8952,SO-41254,DN-2650,Nigeria,PMO - US,From RDC,N/A - From RDC,Air Charter,ARV,Adult,SCMS from RDC,"Nevirapine 200mg, tablets, 60 Tabs",Nevirapine,Generic,200mg,Tablet,"Aurobindo Unit III, India",84168,60,48874,119252.56,2.44,0.04,167.19,4754,27441.21,TRUE,7/4/12,4/30/12,,
113-ZW-T30,FPQ-8464,SO-40870,DN-2656,Zimbabwe,PMO - US,From RDC,N/A - From RDC,Truck,ARV,Adult,SCMS from RDC,"Lamivudine/Zidovudine 150/300mg, tablets, 60 Tabs",Lamivudine/Zidovudine,Generic,150/300mg,Tablet - FDC,Mylan (formerly Matrix) Nashik,84169,60,3345,26024.1,7.78,0.13,42.94,,,FALSE,6/12/12,5/25/12,,
110-ZM-T30,FPQ-9081,SO-41280,DN-2659,Zambia,PMO - US,From RDC,N/A - From RDC,Truck,ARV,Adult,SCMS from RDC,"Nevirapine 200mg, tablets, 60 Tabs",Nevirapine,Generic,200mg,Tablet,"Aurobindo Unit III, India",84170,60,13127,32948.77,2.51,0.04,46.19,1252,6079.27,TRUE,6/1/12,5/28/12,,
151-NG-T30,FPQ-9432,SO-42332,DN-2687,Nigeria,PMO - US,From RDC,N/A - From RDC,Air Charter,ARV,Adult,SCMS from RDC,"Efavirenz 600mg, tablets, 30 Tabs",Efavirenz,Generic,600mg,Tablet,"Strides, Bangalore, India.",84173,30,32562,127317.42,3.91,0.13,178.5,,,FALSE,8/2/12,6/3/12,,
151-NG-T30,FPQ-8952,SO-41256,DN-2690,Nigeria,PMO - US,From RDC,N/A - From RDC,Air Charter,ARV,Adult,SCMS from RDC,"Nevirapine 200mg, tablets, 60 Tabs",Nevirapine,Generic,200mg,Tablet,"Strides, Bangalore, India.",84174,60,100000,244000,2.44,0.04,342.09,,,FALSE,7/4/12,6/3/12,,
113-ZW-T30,FPQ-8464,SO-40871,DN-2692,Zimbabwe,PMO - US,From RDC,N/A - From RDC,Truck,ARV,Adult,SCMS from RDC,"Nevirapine 200mg, tablets, 60 Tabs",Nevirapine,Generic,200mg,Tablet,Hetero Unit III Hyderabad IN,84175,60,69037,168450.28,2.44,0.04,277.94,4353,5530.11,TRUE,6/17/12,6/17/12,,
109-TZ-T30,FPQ-9271,SO-41581,DN-2718,Tanzania,PMO - US,From RDC,N/A - From RDC,Truck,ARV,Adult,SCMS from RDC,"Tenofovir Disoproxil Fumarate 300mg, tablets, 30 Tabs",Tenofovir Disoproxil Fumarate,Generic,300mg,Tablet,Mylan (formerly Matrix) Nashik,84176,30,80,440,5.5,0.18,0.62,841,3549.9,TRUE,8/1/12,7/25/12,,
102-CD-T30,FPQ-10046,SO-42450,DN-2720,"Congo, DRC",PMO - US,From RDC,N/A - From RDC,Air,HRDT,HIV test,SCMS from RDC,"HIV 1/2, Determine Complete HIV Kit, 100 Tests","HIV 1/2, Determine Complete HIV Kit",Determine,N/A,Test kit,"Alere Medical Co., Ltd.",84177,100,1500,120000,80,0.8,168.24,448,2757.4,TRUE,9/9/12,9/9/12,,
114-UG-T30,FPQ-9355,SO-41592,DN-2722,Uganda,PMO - US,From RDC,N/A - From RDC,Truck,ARV,Adult,SCMS from RDC,"Nevirapine 200mg, tablets, 60 Tabs",Nevirapine,Generic,200mg,Tablet,"Strides, Bangalore, India.",84178,60,3262,8187.62,2.51,0.04,11.48,190,1095.22,TRUE,9/5/12,6/29/12,,
151-NG-T30,FPQ-9432,SO-41681,DN-2727,Nigeria,PMO - US,From RDC,N/A - From RDC,Air Charter,ARV,Adult,SCMS from RDC,"Nevirapine 200mg, tablets, 60 Tabs",Nevirapine,Generic,200mg,Tablet,Hetero Unit III Hyderabad IN,84179,60,37844,92339.36,2.44,0.04,129.46,,,FALSE,8/2/12,7/9/12,,
113-ZW-T30,FPQ-8464,SO-40890,DN-2741,Zimbabwe,PMO - US,From RDC,N/A - From RDC,Truck,ARV,Adult,SCMS from RDC,"Nevirapine 200mg, tablets, 60 Tabs",Nevirapine,Generic,200mg,Tablet,"Aurobindo Unit III, India",84180,60,69037,167069.55,2.42,0.04,275.66,14074,15299.58,TRUE,10/16/12,7/23/12,,
113-ZW-T30,FPQ-8464,SO-40880,DN-2742,Zimbabwe,PMO - US,From RDC,N/A - From RDC,Truck,ARV,Adult,SCMS from RDC,"Lamivudine/Tenofovir Disoproxil Fumarate 300/300mg, tablets, 30 Tabs",Lamivudine/Tenofovir Disoproxil Fumarate,Generic,300/300mg,Tablet - FDC,Mylan (formerly Matrix) Nashik,84181,30,78082,418519.53,5.36,0.18,690.56,7490,15299.59,TRUE,8/14/12,7/23/12,,
110-ZM-T30,FPQ-9472,SO-41702,DN-2749,Zambia,PMO - US,From RDC,N/A - From RDC,Truck,ARV,Adult,SCMS from RDC,"Efavirenz/Emtricitabine/Tenofovir Disoproxil Fumarate 600/200/300mg, tablets, 30 Tabs",Efavirenz/Emtricitabine/Tenofovir Disoproxil Fumarate,Generic,600/200/300mg,Tablet - FDC,Mylan (formerly Matrix) Nashik,84182,30,200000,3008000,15.04,0.5,4217.22,33909,16040.39,TRUE,8/23/12,7/30/12,,
151-NG-T30,FPQ-9432,SO-42805,DN-2772,Nigeria,PMO - US,From RDC,N/A - From RDC,Air Charter,ARV,Adult,SCMS from RDC,"Efavirenz/Emtricitabine/Tenofovir Disoproxil Fumarate 600/200/300mg, tablets, 30 Tabs",Efavirenz/Emtricitabine/Tenofovir Disoproxil Fumarate,Generic,600/200/300mg,Tablet - FDC,Mylan (formerly Matrix) Nashik,84183,30,17124,257544.95,15.04,0.5,361.08,2091,16532.5,TRUE,8/2/12,7/24/12,,
113-ZW-T30,FPQ-8464,SO-40892,DN-2802,Zimbabwe,PMO - US,From RDC,N/A - From RDC,Truck,ARV,Adult,SCMS from RDC,"Lamivudine/Stavudine 150/30mg, tablets, 60 Tabs",Lamivudine/Stavudine,Generic,150/30mg,Tablet - FDC,"Strides, Bangalore, India.",84184,60,4451,13130.45,2.95,0.05,21.67,228,7423.38,TRUE,10/16/12,9/4/12,,
110-ZM-T30,FPQ-9472,SO-41711,DN-2805,Zambia,PMO - US,From RDC,N/A - From RDC,Truck,ARV,Adult,SCMS from RDC,"Efavirenz 600mg, tablets, 30 Tabs",Efavirenz,Generic,600mg,Tablet,"Emcure Plot No.P-2, I.T-B.T. Park, Phase II, MIDC, Hinjwadi, Pune, India",84185,30,155202,591319.6,3.81,0.13,829.03,11334,7317.48,TRUE,8/31/12,9/7/12,,
151-NG-T30,FPQ-9432,SO-42937,DN-2821,Nigeria,PMO - US,From RDC,N/A - From RDC,Air,ARV,Adult,SCMS from RDC,"Lamivudine/Tenofovir Disoproxil Fumarate 300/300mg, tablets, 30 Tabs",Lamivudine/Tenofovir Disoproxil Fumarate,Generic,300/300mg,Tablet - FDC,"Cipla, Kurkumbh, India",84186,30,24799,132922.64,5.36,0.18,186.36,,,FALSE,8/31/12,8/14/12,,
110-ZM-T30,FPQ-9552,SO-41831,DN-2836,Zambia,PMO - US,From RDC,N/A - From RDC,Truck,ARV,Adult,SCMS from RDC,"Lamivudine/Stavudine 150/30mg, tablets, 60 Tabs",Lamivudine/Stavudine,Generic,150/30mg,Tablet - FDC,"Strides, Bangalore, India.",84187,60,65599,193517.05,2.95,0.05,271.31,3354,7317.47,TRUE,9/13/12,9/7/12,,
900-UG-T30,FPQ-10084,SO-42630,DN-2838,Uganda,PMO - US,From RDC,N/A - From RDC,Truck,ARV,Adult,SCMS from RDC,"Nevirapine 200mg, tablets, 60 Tabs",Nevirapine,Generic,200mg,Tablet,Hetero Unit III Hyderabad IN,84188,60,18350,44774,2.44,0.04,62.77,1331,7504,TRUE,9/28/12,10/6/12,,
900-UG-T30,FPQ-10084,SO-42630,DN-2838,Uganda,PMO - US,From RDC,N/A - From RDC,Truck,ARV,Adult,SCMS from RDC,"Lopinavir/Ritonavir 200/50mg, tablets, 120 Tabs",Lopinavir/Ritonavir,Generic,200/50mg,Tablet,Mylan (formerly Matrix) Nashik,84189,120,5000,148400,29.68,0.25,208.06,,,FALSE,9/28/12,10/6/12,,
114-UG-T30,FPQ-9355,SO-41596,DN-2839,Uganda,PMO - US,From RDC,N/A - From RDC,Truck,ARV,Adult,SCMS from RDC,"Lamivudine/Tenofovir Disoproxil Fumarate 300/300mg, tablets, 30 Tabs",Lamivudine/Tenofovir Disoproxil Fumarate,Generic,300/300mg,Tablet - FDC,Hetero Unit III Hyderabad IN,84190,30,5619,30117.84,5.36,0.18,42.23,596,2175.07,TRUE,10/5/12,9/24/12,,
104-CI-T30,FPQ-9749,SO-42380,DN-2861,Côte d'Ivoire,PMO - US,From RDC,N/A - From RDC,Truck,ARV,Adult,SCMS from RDC,"Efavirenz 600mg, tablets, 30 Tabs",Efavirenz,Generic,600mg,Tablet,"Strides, Bangalore, India.",84191,30,4292,16352.52,3.81,0.13,22.93,,,FALSE,10/29/12,10/1/12,,
111-MZ-T30,FPQ-10210,SO-42820,DN-2862,Mozambique,PMO - US,From RDC,N/A - From RDC,Truck,ARV,Adult,SCMS from RDC,"Nevirapine 200mg, tablets, 60 Tabs",Nevirapine,Generic,200mg,Tablet,Hetero Unit III Hyderabad IN,84192,60,263,636.46,2.42,0.04,0.89,,,FALSE,10/31/12,10/10/12,,
114-UG-T30,FPQ-9355,SO-41590,DN-2876,Uganda,PMO - US,From RDC,N/A - From RDC,Truck,ARV,Adult,SCMS from RDC,"Efavirenz 600mg, tablets, 30 Tabs",Efavirenz,Generic,600mg,Tablet,"Aurobindo Unit III, India",84193,30,8132,29600.48,3.64,0.12,41.5,690,3990,TRUE,11/8/12,11/8/12,,
102-ZW-T30,FPQ-9927,SO-42280,DN-2878,Zimbabwe,PMO - US,From RDC,N/A - From RDC,Truck,ARV,Adult,SCMS from RDC,"Nevirapine 200mg, tablets, 60 Tabs",Nevirapine,Generic,200mg,Tablet,Hetero Unit III Hyderabad IN,84194,60,74469,180214.98,2.42,0.04,252.66,4282,8443.89,TRUE,10/31/12,10/18/12,,
109-TZ-T30,FPQ-9774,SO-42650,DN-2883,Tanzania,PMO - US,From RDC,N/A - From RDC,Truck,ARV,Pediatric,SCMS from RDC,"Lamivudine/Nevirapine/Stavudine 60/100/12mg, dispersible tablets, 60 Tabs",Lamivudine/Nevirapine/Stavudine,Generic,60/100/12mg,Chewable/dispersible tablet - FDC,"Cipla, Goa, India",84195,60,13499,58045.7,4.3,0.07,81.38,,,FALSE,11/30/12,10/31/12,,
110-ZM-T30,FPQ-9552,SO-41830,DN-2891,Zambia,PMO - US,From RDC,N/A - From RDC,Truck,ARV,Adult,SCMS from RDC,"Lamivudine/Stavudine 150/30mg, tablets, 60 Tabs",Lamivudine/Stavudine,Generic,150/30mg,Tablet - FDC,"Strides, Bangalore, India.",84196,60,10500,30975,2.95,0.05,43.43,537,6800.6,TRUE,11/9/12,11/5/12,,
104-CI-T30,FPQ-10626,SO-43280,DN-2895,Côte d'Ivoire,PMO - US,From RDC,N/A - From RDC,Truck,ARV,Pediatric,SCMS from RDC,"Zidovudine 10mg/ml, oral solution w/syringe, Bottle, 240 ml",Zidovudine,Generic,10mg/ml,Oral solution,"Aurobindo Unit III, India",84197,240,5000,10500,2.1,0.01,14.72,,,FALSE,12/14/12,10/24/12,,
114-UG-T30,FPQ-10556,SO-43170,DN-2897,Uganda,PMO - US,From RDC,N/A - From RDC,Air,ARV,Adult,SCMS from RDC,"Efavirenz 600mg, tablets, 30 Tabs",Efavirenz,Generic,600mg,Tablet,"Aurobindo Unit III, India",84198,30,2445,9315.45,3.81,0.13,13.06,244,2159.1,TRUE,12/6/12,10/29/12,,
151-NG-T30,FPQ-9968,SO-42681,DN-2900,Nigeria,PMO - US,From RDC,N/A - From RDC,Air,ARV,Adult,SCMS from RDC,"Lamivudine/Zidovudine 150/300mg, tablets, 60 Tabs",Lamivudine/Zidovudine,Generic,150/300mg,Tablet - FDC,Hetero Unit III Hyderabad IN,84199,60,88403,682471.2,7.72,0.13,956.82,9421,15459.1,TRUE,11/6/12,11/6/12,,
110-ZM-T30,FPQ-9552,SO-41832,DN-2918,Zambia,PMO - US,From RDC,N/A - From RDC,Truck,ARV,Adult,SCMS from RDC,"Lamivudine/Stavudine 150/30mg, tablets, 60 Tabs",Lamivudine/Stavudine,Generic,150/30mg,Tablet - FDC,Hetero Unit III Hyderabad IN,84200,60,2573,7590.35,2.95,0.05,10.64,207,1900,TRUE,11/26/12,11/26/12,,
110-ZM-T30,FPQ-9773,SO-41990,DN-2919,Zambia,PMO - US,From RDC,N/A - From RDC,Truck,ARV,Adult,SCMS from RDC,"Nevirapine 200mg, tablets, 60 Tabs",Nevirapine,Generic,200mg,Tablet,"Aurobindo Unit III, India",84201,60,43676,105695.92,2.42,0.04,148.19,12561,25636.2,TRUE,12/17/12,12/17/12,,
103-ZW-T30,FPQ-9907,SO-42190,DN-2920,Zimbabwe,PMO - US,From RDC,N/A - From RDC,Truck,ARV,Pediatric,SCMS from RDC,"Lamivudine/Stavudine 30/6mg, dispersible tablets, 60 Tabs",Lamivudine/Stavudine,Generic,30/6mg,Chewable/dispersible tablet - FDC,"Cipla, Goa, India",84202,60,19425,36907.5,1.9,0.03,51.74,1043,8043.57,TRUE,12/14/12,12/13/12,,
111-MZ-T30,FPQ-10210,SO-42850,DN-2928,Mozambique,PMO - US,From RDC,N/A - From RDC,Truck,ARV,Adult,SCMS from RDC,"Lamivudine 150mg, tablets, 60 Tabs",Lamivudine,Generic,150mg,Tablet,Hetero Unit III Hyderabad IN,84203,60,3726,8271.72,2.22,0.04,11.6,,,FALSE,1/11/13,1/11/13,,
111-MZ-T30,FPQ-10210,SO-42850,DN-2928,Mozambique,PMO - US,From RDC,N/A - From RDC,Truck,ARV,Adult,SCMS from RDC,"Lamivudine/Zidovudine 150/300mg, tablets, 60 Tabs",Lamivudine/Zidovudine,Generic,150/300mg,Tablet - FDC,Hetero Unit III Hyderabad IN,84204,60,43632,336839.03,7.72,0.13,472.25,,,FALSE,1/11/13,1/11/13,,
111-MZ-T30,FPQ-10210,SO-43420,DN-2938,Mozambique,PMO - US,From RDC,N/A - From RDC,Truck,ARV,Adult,SCMS from RDC,"Lamivudine/Nevirapine/Zidovudine 150/200/300mg, tablets, 60 Tabs",Lamivudine/Nevirapine/Zidovudine,Generic,150/300/200mg,Tablet - FDC,Hetero Unit III Hyderabad IN,84205,60,2484,23896.08,9.62,0.16,33.5,249,4754.19,TRUE,1/11/13,1/11/13,,
102-ZW-T30,FPQ-9927,SO-42300,DN-2940,Zimbabwe,PMO - US,From RDC,N/A - From RDC,Truck,ARV,Adult,SCMS from RDC,"Lamivudine/Zidovudine 150/300mg, tablets, 60 Tabs",Lamivudine/Zidovudine,Generic,150/300mg,Tablet - FDC,Hetero Unit III Hyderabad IN,84206,60,44665,344813.8,7.72,0.13,483.43,,,FALSE,12/21/12,12/11/12,,
103-ZW-T30,FPQ-9907,SO-42180,DN-2941,Zimbabwe,PMO - US,From RDC,N/A - From RDC,Truck,ARV,Pediatric,SCMS from RDC,"Lamivudine/Nevirapine/Stavudine 30/50/6mg, dispersible tablets, 60 Tabs",Lamivudine/Nevirapine/Stavudine,Generic,30/50/6mg,Chewable/dispersible tablet - FDC,"Cipla, Goa, India",84207,60,33978,78149.4,2.3,0.04,109.57,2705,9751.8,TRUE,12/20/12,12/11/12,,
104-CI-T30,FPQ-9749,SO-42390,DN-2935,Côte d'Ivoire,PMO - US,From RDC,N/A - From RDC,Truck,ARV,Adult,SCMS from RDC,"Efavirenz 600mg, tablets, 30 Tabs",Efavirenz,Generic,600mg,Tablet,"Strides, Bangalore, India.",84208,30,74064,269592.97,3.64,0.12,377.97,,,FALSE,12/14/12,11/30/12,,
104-CI-T30,FPQ-10633,SO-43320,DN-2967,Côte d'Ivoire,PMO - US,From RDC,N/A - From RDC,Truck,ARV,Adult,SCMS from RDC,"Lopinavir/Ritonavir 200/50mg [Aluvia], tablets, 120 Tabs",Lopinavir/Ritonavir,Aluvia,200/50mg,Tablet,ABBVIE Ludwigshafen Germany,84209,120,17500,539350,30.82,0.26,756.17,6649,27350.2,TRUE,2/28/13,1/25/13,,
107-RW-T30,FPQ-10119,SO-42710,DN-2961,Rwanda,PMO - US,From RDC,N/A - From RDC,Air,ARV,Adult,SCMS from RDC,"Lamivudine/Tenofovir Disoproxil Fumarate 300/300mg, tablets, 30 Tabs",Lamivudine/Tenofovir Disoproxil Fumarate,Generic,300/300mg,Tablet - FDC,Hetero Unit III Hyderabad IN,84210,30,69691,373543.75,5.36,0.18,523.71,,,FALSE,2/6/13,2/6/13,,
104-CI-T30,FPQ-10633,SO-43320,DN-2967,Côte d'Ivoire,PMO - US,From RDC,N/A - From RDC,Truck,ARV,Adult,SCMS from RDC,"Lopinavir/Ritonavir 200/50mg, tablets, 120 Tabs",Lopinavir/Ritonavir,Generic,200/50mg,Tablet,Mylan (formerly Matrix) Nashik,84211,120,10000,267000,26.7,0.22,374.33,,,FALSE,2/28/13,1/25/13,,
114-UG-T30,FPQ-10780,SO-43470,DN-2971,Uganda,PMO - US,From RDC,N/A - From RDC,Air,ARV,Adult,SCMS from RDC,"Nevirapine 200mg, tablets, 60 Tabs",Nevirapine,Generic,200mg,Tablet,"Aurobindo Unit III, India",84212,60,4535,10974.7,2.42,0.04,15.39,491,4002.01,TRUE,1/31/13,2/1/13,,
107-RW-T30,FPQ-9969,SO-42431,DN-2976,Rwanda,PMO - US,From RDC,N/A - From RDC,Air,ARV,Adult,SCMS from RDC,"Efavirenz/Lamivudine/Tenofovir Disoproxil Fumarate 600/300/300mg, tablets, 30 Tabs",Efavirenz/Lamivudine/Tenofovir Disoproxil Fumarate,Generic,600/300/300mg,Tablet - FDC,Mylan (formerly Matrix) Nashik,84213,30,112007,1356404.8,12.11,0.4,1901.68,12757,20994.85,TRUE,2/7/13,2/7/13,,
114-UG-T30,FPQ-10328,SO-42810,DN-2977,Uganda,PMO - US,From RDC,N/A - From RDC,Truck,ARV,Adult,SCMS from RDC,"Efavirenz/Lamivudine/Tenofovir Disoproxil Fumarate 600/300/300mg, tablets, 30 Tabs",Efavirenz/Lamivudine/Tenofovir Disoproxil Fumarate,Generic,600/300/300mg,Tablet - FDC,Mylan (formerly Matrix) Nashik,84214,30,112873,1366892,12.11,0.4,1916.38,12838,111318.14,TRUE,2/5/13,2/5/13,,
101-CD-T30,FPQ-11054,SO-43680,DN-2981,"Congo, DRC",PMO - US,From RDC,N/A - From RDC,Air,ARV,Adult,SCMS from RDC,"Lamivudine 150mg, tablets, 60 Tabs",Lamivudine,Generic,150mg,Tablet,Hetero Unit III Hyderabad IN,84215,60,123,244.77,1.99,0.03,0.3,,,FALSE,9/11/13,9/11/13,,
113-ZW-T30,FPQ-10632,SO-43220,DN-2989,Zimbabwe,PMO - US,From RDC,N/A - From RDC,Truck,ARV,Adult,SCMS from RDC,"Lamivudine/Tenofovir Disoproxil Fumarate 300/300mg, tablets, 30 Tabs",Lamivudine/Tenofovir Disoproxil Fumarate,Generic,300/300mg,Tablet - FDC,Hetero Unit III Hyderabad IN,84216,30,221799,1066853.2,4.81,0.16,1495.73,58270,47389.63,TRUE,2/11/13,2/11/13,,
113-ZW-T30,FPQ-10632,SO-43220,DN-2989,Zimbabwe,PMO - US,From RDC,N/A - From RDC,Truck,ARV,Adult,SCMS from RDC,"Nevirapine 200mg, tablets, 60 Tabs",Nevirapine,Generic,200mg,Tablet,"Aurobindo Unit III, India",84217,60,164433,379840.22,2.31,0.04,532.54,,,FALSE,2/11/13,2/11/13,,
110-ZM-T30,FPQ-10728,SO-43451,DN-3003,Zambia,PMO - US,From RDC,N/A - From RDC,Truck,ARV,Adult,SCMS from RDC,"Efavirenz/Emtricitabine/Tenofovir Disoproxil Fumarate 600/200/300mg, tablets, 30 Tabs",Efavirenz/Emtricitabine/Tenofovir Disoproxil Fumarate,Generic,600/200/300mg,Tablet - FDC,Mylan (formerly Matrix) Nashik,84218,30,30114,412260.66,13.69,0.46,577.99,1230,6923.53,TRUE,3/15/13,2/19/13,,
106-HT-T30,FPQ-11281,SO-44410,DN-3014,Haiti,PMO - US,From RDC,N/A - From RDC,Air,ARV,Adult,SCMS from RDC,"Lamivudine/Nevirapine/Stavudine 150/200/30mg, tablets, 60 Tabs",Lamivudine/Nevirapine/Stavudine,Generic,150/200/30mg,Tablet - FDC,"Strides, Bangalore, India.",84222,60,270,1269,4.7,0.08,1.57,,,FALSE,4/9/13,1/3/13,,
101-CD-T30,FPQ-11096,SO-43750,DN-3017,"Congo, DRC",PMO - US,From RDC,N/A - From RDC,Air,ARV,Pediatric,SCMS from RDC,"Lamivudine/Zidovudine 30/60mg, tablets, 60 Tabs",Lamivudine/Zidovudine,Generic,30/60mg,Tablet - FDC,"Aurobindo Unit III, India",84223,60,1296,2928.96,2.26,0.04,3.62,,,FALSE,3/18/13,8/8/13,,
101-CD-T30,FPQ-11096,SO-43750,DN-3017,"Congo, DRC",PMO - US,From RDC,N/A - From RDC,Air,ARV,Adult,SCMS from RDC,"Lamivudine/Nevirapine/Zidovudine 150/200/300mg, tablets, 60 Tabs",Lamivudine/Nevirapine/Zidovudine,Generic,150/300/200mg,Tablet - FDC,Hetero Unit III Hyderabad IN,84224,60,990,8494.2,8.58,0.14,10.51,,,FALSE,3/18/13,8/8/13,,
101-CD-T30,FPQ-11096,SO-43750,DN-3017,"Congo, DRC",PMO - US,From RDC,N/A - From RDC,Air,ARV,Pediatric,SCMS from RDC,"Abacavir/Lamivudine 60/30mg, tablets, 60 Tabs",Abacavir/Lamivudine,Generic,60/30mg,Tablet - FDC,"Aurobindo Unit III, India",84225,60,54,248.4,4.6,0.08,0.31,,,FALSE,3/18/13,8/8/13,,
101-CD-T30,FPQ-11096,SO-43750,DN-3017,"Congo, DRC",PMO - US,From RDC,N/A - From RDC,Air,ARV,Pediatric,SCMS from RDC,"Efavirenz 200mg, scored tablets, 90 Tabs",Efavirenz,Generic,200mg,Tablet,"Strides, Bangalore, India.",84226,90,228,1664.4,7.3,0.08,2.06,,,FALSE,3/18/13,8/8/13,,
104-CI-T30,FPQ-10633,SO-43321,DN-3019,Côte d'Ivoire,PMO - US,From RDC,N/A - From RDC,Truck,ARV,Adult,SCMS from RDC,"Lamivudine/Nevirapine/Zidovudine 150/200/300mg, tablets, 60 Tabs",Lamivudine/Nevirapine/Zidovudine,Generic,150/300/200mg,Tablet - FDC,"Aurobindo Unit III, India",84227,60,36240,310939.2,8.58,0.14,435.94,13509,36857.21,TRUE,2/28/13,2/28/13,,
114-UG-T30,FPQ-10780,SO-43490,DN-3024,Uganda,PMO - US,From RDC,N/A - From RDC,Air,ARV,Adult,SCMS from RDC,"Lamivudine/Nevirapine/Zidovudine 150/200/300mg, tablets, 60 Tabs",Lamivudine/Nevirapine/Zidovudine,Generic,150/300/200mg,Tablet - FDC,"Cipla, Goa, India",84228,60,7253,62230.74,8.58,0.14,87.25,,,FALSE,3/18/13,3/7/13,,
114-UG-T30,FPQ-10946,SO-43640,DN-3025,Uganda,PMO - US,From RDC,N/A - From RDC,Air,ARV,Adult,SCMS from RDC,"Lamivudine/Tenofovir Disoproxil Fumarate 300/300mg, tablets, 30 Tabs",Lamivudine/Tenofovir Disoproxil Fumarate,Generic,300/300mg,Tablet - FDC,Hetero Unit III Hyderabad IN,84229,30,32298,151800.6,4.7,0.16,187.78,,,FALSE,4/4/13,3/7/13,,
113-ZW-T30,FPQ-10895,SO-43580,DN-3033,Zimbabwe,PMO - US,From RDC,N/A - From RDC,Truck,ARV,Adult,SCMS from RDC,"Efavirenz/Lamivudine/Tenofovir Disoproxil Fumarate 600/300/300mg, tablets, 30 Tabs",Efavirenz/Lamivudine/Tenofovir Disoproxil Fumarate,Generic,600/300/300mg,Tablet - FDC,Mylan (formerly Matrix) Nashik,84230,30,20160,244137.6,12.11,0.4,302,,,FALSE,3/31/13,3/14/13,,
113-ZW-T30,FPQ-10895,SO-43580,DN-3033,Zimbabwe,PMO - US,From RDC,N/A - From RDC,Truck,ARV,Adult,SCMS from RDC,"Lamivudine/Zidovudine 150/300mg, tablets, 60 Tabs",Lamivudine/Zidovudine,Generic,150/300mg,Tablet - FDC,"Aurobindo Unit III, India",84231,60,4800,34896,7.27,0.12,43.17,,,FALSE,3/31/13,3/14/13,,
114-UG-T30,FPQ-11143,SO-43950,DN-3040,Uganda,PMO - US,From RDC,N/A - From RDC,Truck,ARV,Adult,SCMS from RDC,"Lamivudine/Nevirapine/Zidovudine 150/200/300mg, tablets, 60 Tabs",Lamivudine/Nevirapine/Zidovudine,Generic,150/300/200mg,Tablet - FDC,"Cipla, Goa, India",84232,60,42717,366511.88,8.58,0.14,453.38,5732,25118.88,TRUE,3/8/13,3/7/13,,
106-HT-T30,FPQ-11281,SO-44400,DN-3015,Haiti,PMO - US,From RDC,N/A - From RDC,Air,ARV,Adult,SCMS from RDC,"Stavudine 15mg, capsules, 60 Caps",Stavudine,Generic,15mg,Capsule,"Aurobindo Unit III, India",84233,60,216,285.12,1.32,0.02,0.35,,,FALSE,4/9/13,3/14/13,,
104-CI-T30,FPQ-10633,SO-43340,DN-3046,Côte d'Ivoire,PMO - US,From RDC,N/A - From RDC,Truck,ARV,Adult,SCMS from RDC,"Lopinavir/Ritonavir 200/50mg, tablets, 120 Tabs",Lopinavir/Ritonavir,Generic,200/50mg,Tablet,"Aurobindo Unit III, India",84234,120,8476,209865.77,24.76,0.21,294.23,,,FALSE,4/30/13,3/8/13,,
113-ZW-T30,FPQ-10632,SO-43212,DN-3048,Zimbabwe,PMO - US,From RDC,N/A - From RDC,Truck,ARV,Adult,SCMS from RDC,"Lamivudine/Tenofovir Disoproxil Fumarate 300/300mg, tablets, 30 Tabs",Lamivudine/Tenofovir Disoproxil Fumarate,Generic,300/300mg,Tablet - FDC,Hetero Unit III Hyderabad IN,84235,30,49467,232494.9,4.7,0.16,325.96,8615,49580.17,TRUE,4/15/13,3/23/13,,
110-ZM-T30,FPQ-11553,SO-44472,DN-3052,Zambia,PMO - US,From RDC,N/A - From RDC,Truck,ARV,Adult,SCMS from RDC,"Nevirapine 200mg, tablets, 60 Tabs",Nevirapine,Generic,200mg,Tablet,"Aurobindo Unit III, India",84236,60,25991,58739.66,2.26,0.04,72.66,2504,12315.5,TRUE,6/25/13,3/15/13,,
105-GY-T30,FPQ-11546,SO-44530,DN-3059,Guyana,PMO - US,From RDC,N/A - From RDC,Truck,ARV,Pediatric,SCMS from RDC,"Lamivudine 10mg/ml, oral solution w/syringe, Bottle, 240 ml",Lamivudine,Generic,10mg/ml,Oral solution,"Aurobindo Unit III, India",84237,240,225,416.25,1.85,0.01,0.51,,,FALSE,4/18/13,3/15/13,,
113-ZW-T30,FPQ-11714,SO-44600,DN-3064,Zimbabwe,PMO - US,From RDC,N/A - From RDC,Air,ARV,Adult,SCMS from RDC,"Lopinavir/Ritonavir 200/50mg [Aluvia], tablets, 120 Tabs",Lopinavir/Ritonavir,Aluvia,200/50mg,Tablet,ABBVIE Ludwigshafen Germany,84238,120,2390,56762.5,23.75,0.2,70.22,533,5623.52,TRUE,4/13/13,4/13/13,,
114-UG-T30,FPQ-11143,SO-43941,DN-3069,Uganda,PMO - US,From RDC,N/A - From RDC,Air,ARV,Adult,SCMS from RDC,"Abacavir/Lamivudine 600/300mg, scored tablets, 30 Tabs",Abacavir/Lamivudine,Generic,600/300mg,Tablet - FDC,Mylan (formerly Matrix) Nashik,84241,30,7051,98431.96,13.96,0.47,121.76,,,FALSE,4/25/13,4/25/13,,
110-ZM-T30,FPQ-10728,SO-43450,DN-3095,Zambia,PMO - US,From RDC,N/A - From RDC,Truck,ARV,Adult,SCMS from RDC,"Efavirenz/Emtricitabine/Tenofovir Disoproxil Fumarate 600/200/300mg, tablets, 30 Tabs",Efavirenz/Emtricitabine/Tenofovir Disoproxil Fumarate,Generic,600/200/300mg,Tablet - FDC,Mylan (formerly Matrix) Nashik,84242,30,225035,3080729.2,13.69,0.46,4319.18,25504,33770.41,TRUE,4/30/13,4/15/13,,
104-CI-T30,FPQ-10633,SO-43330,DN-3075,Côte d'Ivoire,PMO - US,From RDC,N/A - From RDC,Truck,ARV,Adult,SCMS from RDC,"Lamivudine/Nevirapine/Zidovudine 150/200/300mg, tablets, 60 Tabs",Lamivudine/Nevirapine/Zidovudine,Generic,150/300/200mg,Tablet - FDC,"Cipla, Goa, India",84243,60,38722,332234.75,8.58,0.14,465.79,,,FALSE,3/28/13,3/30/13,,
109-TZ-T30,FPQ-11393,SO-44381,DN-3101,Tanzania,PMO - US,From RDC,N/A - From RDC,Truck,ARV,Pediatric,SCMS from RDC,"Lamivudine/Nevirapine/Stavudine 30/50/6mg, dispersible tablets, 60 Tabs",Lamivudine/Nevirapine/Stavudine,Generic,30/50/6mg,Chewable/dispersible tablet - FDC,"Cipla, Goa, India",84244,60,11606,26693.8,2.3,0.04,33.02,,,FALSE,5/31/13,5/14/13,,
111-MZ-T30,FPQ-11882,SO-44820,DN-3109,Mozambique,PMO - US,From RDC,N/A - From RDC,Air,ARV,Adult,SCMS from RDC,"Tenofovir Disoproxil Fumarate 300mg, tablets, 30 Tabs",Tenofovir Disoproxil Fumarate,Generic,300mg,Tablet,Mylan (formerly Matrix) Nashik,84245,30,1800,7272,4.04,0.13,9,108,832.5,TRUE,7/4/13,7/4/13,,
102-BI-T30,FPQ-11661,SO-44670,DN-3118,Burundi,PMO - US,From RDC,N/A - From RDC,Air,ARV,Adult,SCMS from RDC,"Lopinavir/Ritonavir 200/50mg, tablets, 120 Tabs",Lopinavir/Ritonavir,Generic,200/50mg,Tablet,Mylan (formerly Matrix) Nashik,84247,120,240,5942.4,24.76,0.21,7.35,,,FALSE,5/31/13,5/23/13,,
110-ZM-T30,FPQ-11969,SO-44910,DN-3116,Zambia,PMO - US,From RDC,N/A - From RDC,Air,ARV,Adult,SCMS from RDC,"Emtricitabine/Tenofovir Disoproxil Fumarate 200/300mg, tablets, 30 Tabs",Emtricitabine/Tenofovir Disoproxil Fumarate,Generic,200/300mg,Tablet - FDC,Mylan (formerly Matrix) Nashik,84248,30,69811,423752.78,6.07,0.2,524.18,7632,50626.6,TRUE,6/28/13,5/13/13,,
900-SS-T30,FPQ-11272,SO-44100,DN-3126,South Sudan,PMO - US,From RDC,N/A - From RDC,Air,ARV,Adult,SCMS from RDC,"Zidovudine 300mg, tablets, 60 Tabs",Zidovudine,Generic,300mg,Tablet,"Aurobindo Unit III, India",84249,60,1466,9910.16,6.76,0.11,12.26,83,2089,TRUE,4/30/13,4/17/13,,
110-ZM-T30,FPQ-11969,SO-44910,DN-3116,Zambia,PMO - US,From RDC,N/A - From RDC,Air,ARV,Adult,SCMS from RDC,"Emtricitabine/Tenofovir Disoproxil Fumarate 200/300mg, tablets, 30 Tabs",Emtricitabine/Tenofovir Disoproxil Fumarate,Generic,200/300mg,Tablet - FDC,Hetero Unit III Hyderabad IN,84250,30,20537,124659.59,6.07,0.2,154.2,,,FALSE,6/28/13,5/13/13,,
102-BI-T30,FPQ-11661,SO-44660,DN-3129,Burundi,PMO - US,From RDC,N/A - From RDC,Air,ARV,Adult,SCMS from RDC,"Emtricitabine/Tenofovir Disoproxil Fumarate 200/300mg, tablets, 30 Tabs",Emtricitabine/Tenofovir Disoproxil Fumarate,Generic,200/300mg,Tablet - FDC,Mylan (formerly Matrix) Nashik,84251,30,1080,6555.6,6.07,0.2,8.11,,,FALSE,6/30/13,5/9/13,,
151-NG-T30,FPQ-11022,SO-43843,DN-3130,Nigeria,PMO - US,From RDC,N/A - From RDC,Air Charter,ARV,Adult,SCMS from RDC,"Lopinavir/Ritonavir 200/50mg, tablets, 120 Tabs",Lopinavir/Ritonavir,Generic,200/50mg,Tablet,Mylan (formerly Matrix) Nashik,84252,120,7677,167205.06,21.78,0.18,206.83,16376,14547.55,TRUE,5/21/13,5/3/13,,
113-ZW-T30,FPQ-11002,SO-43710,DN-3131,Zimbabwe,PMO - US,From RDC,N/A - From RDC,Truck,ARV,Adult,SCMS from RDC,"Lamivudine/Tenofovir Disoproxil Fumarate 300/300mg, tablets, 30 Tabs",Lamivudine/Tenofovir Disoproxil Fumarate,Generic,300/300mg,Tablet - FDC,"Aurobindo Unit VII, IN",84253,30,2014,9465.8,4.7,0.16,11.71,,,FALSE,5/6/13,4/29/13,,
111-MZ-T30,FPQ-11033,SO-43820,DN-3133,Mozambique,PMO - US,From RDC,N/A - From RDC,Truck,ARV,Adult,SCMS from RDC,"Efavirenz 600mg, tablets, 30 Tabs",Efavirenz,Generic,600mg,Tablet,"Hetero, Jadcherla, unit 5, IN",84254,30,34200,113886,3.33,0.11,140.88,7908,5496.08,TRUE,7/21/13,7/26/13,,
111-MZ-T30,FPQ-11884,SO-44862,DN-3136,Mozambique,PMO - US,From RDC,N/A - From RDC,Truck,ARV,Adult,SCMS from RDC,"Lamivudine 150mg, tablets, 60 Tabs",Lamivudine,Generic,150mg,Tablet,Hetero Unit III Hyderabad IN,84255,60,2600,5174,1.99,0.03,6.4,149,1815.67,TRUE,9/30/13,8/29/13,,
111-MZ-T30,FPQ-11033,SO-43790,DN-3102,Mozambique,PMO - US,From RDC,N/A - From RDC,Truck,ARV,Pediatric,SCMS from RDC,"Zidovudine 10mg/ml, oral solution w/syringe, Bottle, 240 ml",Zidovudine,Generic,10mg/ml,Oral solution,"Aurobindo Unit III, India",84256,240,13603,28566.3,2.1,0.01,35.34,,,FALSE,8/1/13,8/1/13,,
111-MZ-T30,FPQ-11033,SO-43790,DN-3102,Mozambique,PMO - US,From RDC,N/A - From RDC,Truck,ARV,Adult,SCMS from RDC,"Lamivudine/Nevirapine/Zidovudine 150/200/300mg, tablets, 60 Tabs",Lamivudine/Nevirapine/Zidovudine,Generic,150/300/200mg,Tablet - FDC,"Cipla, Goa, India",84257,60,25400,217932,8.58,0.14,269.58,,,FALSE,8/1/13,8/1/13,,
113-ZW-T30,FPQ-11002,SO-43721,DN-3145,Zimbabwe,PMO - US,From RDC,N/A - From RDC,Truck,ARV,Adult,SCMS from RDC,"Lamivudine/Tenofovir Disoproxil Fumarate 300/300mg, tablets, 30 Tabs",Lamivudine/Tenofovir Disoproxil Fumarate,Generic,300/300mg,Tablet - FDC,"Aurobindo Unit VII, IN",84258,30,40534,190509.8,4.7,0.16,235.66,3749,9708.48,TRUE,5/30/13,4/29/13,,
151-NG-T30,FPQ-11022,SO-43842,DN-3148,Nigeria,PMO - US,From RDC,N/A - From RDC,Air Charter,ARV,Adult,SCMS from RDC,"Nevirapine 200mg, tablets, 60 Tabs",Nevirapine,Generic,200mg,Tablet,"Aurobindo Unit III, India",84259,60,14344,32417.44,2.26,0.04,40.1,,,FALSE,5/21/13,5/6/13,,
109-TZ-T30,FPQ-12015,SO-44981,DN-3155,Tanzania,PMO - US,From RDC,N/A - From RDC,Truck,ARV,Pediatric,SCMS from RDC,"Lamivudine/Nevirapine/Stavudine 30/50/6mg, dispersible tablets, 60 Tabs",Lamivudine/Nevirapine/Stavudine,Generic,30/50/6mg,Chewable/dispersible tablet - FDC,"Cipla, Goa, India",84260,60,12917,29709.1,2.3,0.04,36.75,2461,3592.8,TRUE,8/23/13,5/14/13,,
151-NG-T30,FPQ-11022,SO-43849,DN-3171,Nigeria,PMO - US,From RDC,N/A - From RDC,Air Charter,ARV,Adult,SCMS from RDC,"Lamivudine/Zidovudine 150/300mg, tablets, 60 Tabs",Lamivudine/Zidovudine,Generic,150/300mg,Tablet - FDC,"Cipla, Goa, India",84262,60,41222,288554,7,0.12,356.94,,,FALSE,5/21/13,5/10/13,,
151-NG-T30,FPQ-11771,SO-44752,DN-3174,Nigeria,PMO - US,From RDC,N/A - From RDC,Air Charter,ARV,Pediatric,SCMS from RDC,"Abacavir/Lamivudine 60/30mg, tablets, 60 Tabs",Abacavir/Lamivudine,Generic,60/30mg,Tablet - FDC,"Aurobindo Unit III, India",84263,60,763,3509.8,4.6,0.08,4.34,56,20666.07,TRUE,8/21/13,5/10/13,,
111-MZ-T30,FPQ-10211,SO-42861,DN-3180,Mozambique,PMO - US,From RDC,N/A - From RDC,Truck,ARV,Adult,SCMS from RDC,"Efavirenz/Lamivudine/Tenofovir Disoproxil Fumarate 600/300/300mg, tablets, 30 Tabs",Efavirenz/Lamivudine/Tenofovir Disoproxil Fumarate,Generic,600/300/300mg,Tablet - FDC,Mylan (formerly Matrix) Nashik,84264,30,66956,704377.1,10.52,0.35,987.54,5810,13649.6,TRUE,6/28/13,7/10/13,,
111-MZ-T30,FPQ-11033,SO-43770,DN-3182,Mozambique,PMO - US,From RDC,N/A - From RDC,Truck,ARV,Adult,SCMS from RDC,"Lamivudine/Tenofovir Disoproxil Fumarate 300/300mg, tablets, 30 Tabs",Lamivudine/Tenofovir Disoproxil Fumarate,Generic,300/300mg,Tablet - FDC,"Aurobindo Unit VII, IN",84265,30,8531,40095.7,4.7,0.16,49.6,,,FALSE,7/26/13,7/26/13,,
151-NG-T30,FPQ-11022,SO-45202,DN-3189,Nigeria,PMO - US,From RDC,N/A - From RDC,Air Charter,ARV,Adult,SCMS from RDC,"Nevirapine 200mg, tablets, 60 Tabs",Nevirapine,Generic,200mg,Tablet,"Aurobindo Unit III, India",84267,60,109238,246877.88,2.26,0.04,305.39,11763,20761,TRUE,5/21/13,5/29/13,,
151-NG-T30,FPQ-11022,SO-43850,DN-3199,Nigeria,PMO - US,From RDC,N/A - From RDC,Air Charter,ARV,Adult,SCMS from RDC,"Efavirenz 600mg, tablets, 30 Tabs",Efavirenz,Generic,600mg,Tablet,"Cipla, Goa, India",84270,30,45000,149850,3.33,0.11,185.36,16966,20761,TRUE,6/4/13,5/29/13,,
151-NG-T30,FPQ-11022,SO-43840,DN-3197,Nigeria,PMO - US,From RDC,N/A - From RDC,Air Charter,ARV,Adult,SCMS from RDC,"Lopinavir/Ritonavir 200/50mg, tablets, 120 Tabs",Lopinavir/Ritonavir,Generic,200/50mg,Tablet,"Aurobindo Unit III, India",84271,120,7014,152764.92,21.78,0.18,188.97,7733,20761,TRUE,5/31/13,5/28/13,,
110-ZM-T30,FPQ-11032,SO-43830,DN-3203,Zambia,PMO - US,From RDC,N/A - From RDC,Truck,ARV,Adult,SCMS from RDC,"Efavirenz/Emtricitabine/Tenofovir Disoproxil Fumarate 600/200/300mg, tablets, 30 Tabs",Efavirenz/Emtricitabine/Tenofovir Disoproxil Fumarate,Generic,600/200/300mg,Tablet - FDC,Mylan (formerly Matrix) Nashik,84272,30,176213,2283720.5,12.96,0.43,2824.96,19962,31401.08,TRUE,7/18/13,7/23/13,,
113-ZW-T30,FPQ-10895,SO-43570,DN-3212,Zimbabwe,PMO - US,From RDC,N/A - From RDC,Truck,ARV,Adult,SCMS from RDC,"Efavirenz 600mg, tablets, 30 Tabs",Efavirenz,Generic,600mg,Tablet,"Hetero, Jadcherla, unit 5, IN",84273,30,4800,15984,3.33,0.11,19.77,396,11133.66,TRUE,7/31/13,8/6/13,,
114-UG-T30,FPQ-10945,SO-43631,DN-3218,Uganda,PMO - US,From RDC,N/A - From RDC,Air,ARV,Adult,SCMS from RDC,"Efavirenz/Lamivudine/Tenofovir Disoproxil Fumarate 600/300/300mg, tablets, 30 Tabs",Efavirenz/Lamivudine/Tenofovir Disoproxil Fumarate,Generic,600/300/300mg,Tablet - FDC,Hetero Unit III Hyderabad IN,84274,30,35930,377983.6,10.52,0.35,467.57,4811,2486.5,TRUE,7/31/13,7/23/13,,
114-UG-T30,FPQ-11133,SO-43910,DN-3237,Uganda,PMO - US,From RDC,N/A - From RDC,Truck,ARV,Adult,SCMS from RDC,"Lamivudine/Nevirapine/Zidovudine 150/200/300mg, tablets, 60 Tabs",Lamivudine/Nevirapine/Zidovudine,Generic,150/300/200mg,Tablet - FDC,Hetero Unit III Hyderabad IN,84275,60,44017,363580.4,8.26,0.14,449.75,,,FALSE,7/31/13,8/26/13,,
151-NG-T30,FPQ-11022,SO-45204,DN-3240,Nigeria,PMO - US,From RDC,N/A - From RDC,Air Charter,ARV,Pediatric,SCMS from RDC,"Lamivudine/Stavudine 60/12mg, dispersible tablets, 60 Tabs",Lamivudine/Stavudine,Generic,60/12mg,Chewable/dispersible tablet - FDC,"Cipla, Goa, India",84276,60,1945,6418.5,3.3,0.06,7.94,165,,TRUE,7/22/13,7/23/13,,
104-CI-T30,FPQ-11254,SO-44151,DN-3247,Côte d'Ivoire,PMO - US,From RDC,N/A - From RDC,Truck,ARV,Adult,SCMS from RDC,"Tenofovir Disoproxil Fumarate 300mg, tablets, 30 Tabs",Tenofovir Disoproxil Fumarate,Generic,300mg,Tablet,Mylan (formerly Matrix) Nashik,84277,30,2656,10730.24,4.04,0.13,13.27,167,1478.35,TRUE,10/31/13,7/23/13,,
101-CD-T30,FPQ-12088,SO-45030,DN-3269,"Congo, DRC",PMO - US,From RDC,N/A - From RDC,Air,ARV,Adult,SCMS from RDC,"Lamivudine/Nevirapine/Zidovudine 150/200/300mg, tablets, 60 Tabs",Lamivudine/Nevirapine/Zidovudine,Generic,150/300/200mg,Tablet - FDC,Mylan (formerly Matrix) Nashik,84279,60,800,6608,8.26,0.14,8.17,,,FALSE,8/28/13,2/8/14,,
114-UG-T30,FPQ-12253,SO-45540,DN-3273,Uganda,PMO - US,From RDC,N/A - From RDC,Truck,ARV,Adult,SCMS from RDC,"Lamivudine/Zidovudine 150/300mg, tablets, 60 Tabs",Lamivudine/Zidovudine,Generic,150/300mg,Tablet - FDC,Hetero Unit III Hyderabad IN,84280,60,45233,316631,7,0.12,391.67,3984,20074.74,TRUE,8/6/13,8/22/13,,
102-ZW-T30,FPQ-11477,SO-44270,DN-3287,Zimbabwe,PMO - US,From RDC,N/A - From RDC,Truck,ARV,Adult,SCMS from RDC,"Efavirenz/Lamivudine/Tenofovir Disoproxil Fumarate 600/300/300mg, tablets, 30 Tabs",Efavirenz/Lamivudine/Tenofovir Disoproxil Fumarate,Generic,600/300/300mg,Tablet - FDC,Hetero Unit III Hyderabad IN,84281,30,59680,627833.6,10.52,0.35,776.63,7831,4529.65,TRUE,9/20/13,9/20/13,,
104-CI-T30,FPQ-10633,SO-43371,DN-3294,Côte d'Ivoire,PMO - US,From RDC,N/A - From RDC,Truck,ARV,Pediatric,SCMS from RDC,"Lamivudine/Nevirapine/Zidovudine 30/50/60mg, dispersible tablets, 60 Tabs",Lamivudine/Nevirapine/Zidovudine,Generic,30/50/60mg,Chewable/dispersible tablet - FDC,Mylan (formerly Matrix) Nashik,84282,60,7600,29564,3.89,0.06,41.45,415,2751.09,TRUE,9/30/13,8/28/13,,
110-ZM-T30,FPQ-11553,SO-44470,DN-3298,Zambia,PMO - US,From RDC,N/A - From RDC,Truck,ARV,Adult,SCMS from RDC,"Nevirapine 200mg, tablets, 60 Tabs",Nevirapine,Generic,200mg,Tablet,"Cipla, Goa, India",84283,60,2997,6773.22,2.26,0.04,8.38,2764,4356.75,TRUE,10/22/13,10/22/13,,
110-ZM-T30,FPQ-10728,SO-44772,DN-3297,Zambia,PMO - US,From RDC,N/A - From RDC,Truck,ARV,Adult,SCMS from RDC,"Efavirenz/Emtricitabine/Tenofovir Disoproxil Fumarate 600/200/300mg, tablets, 30 Tabs",Efavirenz/Emtricitabine/Tenofovir Disoproxil Fumarate,Generic,600/200/300mg,Tablet - FDC,Mylan (formerly Matrix) Nashik,84284,30,16099,198017.7,12.3,0.41,277.62,2004,4356.75,TRUE,10/22/13,10/22/13,,
110-ZM-T30,FPQ-11553,SO-44460,DN-3299,Zambia,PMO - US,From RDC,N/A - From RDC,Truck,ARV,Pediatric,SCMS from RDC,"Efavirenz 200mg, scored tablets, 90 Tabs",Efavirenz,Generic,200mg,Tablet,"Strides, Bangalore, India.",84285,90,10000,73000,7.3,0.08,90.3,684,1026.49,TRUE,9/16/13,9/23/13,,
101-CD-T30,FPQ-12088,SO-45031,DN-3311,"Congo, DRC",PMO - US,From RDC,N/A - From RDC,Air,ARV,Pediatric,SCMS from RDC,"Nevirapine 10mg/ml, oral suspension w/syringe, Bottle, 240 ml",Nevirapine,Generic,10mg/ml,Oral suspension,"Aurobindo Unit III, India",84286,240,6339,12361.05,1.95,0.01,15.29,2357,24505,TRUE,1/21/14,1/21/14,,
111-MZ-T30,FPQ-11884,SO-44865,DN-3318,Mozambique,PMO - US,From RDC,N/A - From RDC,Truck,ARV,Adult,SCMS from RDC,"Efavirenz 600mg, tablets, 30 Tabs",Efavirenz,Generic,600mg,Tablet,"Hetero, Jadcherla, unit 5, IN",84287,30,70643,235241.19,3.33,0.11,290.99,,,FALSE,10/31/13,10/31/13,,
109-TZ-T30,FPQ-12587,SO-45992,DN-3326,Tanzania,PMO - US,From RDC,N/A - From RDC,Truck,ARV,Adult,SCMS from RDC,"Abacavir 300mg, tablets, 60 Tabs",Abacavir,Generic,300mg,Tablet,"Aurobindo Unit III, India",84288,60,13370,153220.2,11.46,0.19,189.53,1337,10540.22,TRUE,11/20/13,9/10/13,,
114-UG-T30,FPQ-12255,SO-45580,DN-3333,Uganda,PMO - US,From RDC,N/A - From RDC,Air,ARV,Adult,SCMS from RDC,"Lopinavir/Ritonavir 200/50mg [Aluvia], tablets, 120 Tabs",Lopinavir/Ritonavir,Aluvia,200/50mg,Tablet,ABBVIE Ludwigshafen Germany,84289,120,13040,263668.8,20.22,0.17,326.16,2638,13508.98,TRUE,9/30/13,10/29/13,,
113-ZW-T30,FPQ-11545,SO-44350,DN-3337,Zimbabwe,PMO - US,From RDC,N/A - From RDC,Truck,ARV,Adult,SCMS from RDC,"Lamivudine/Tenofovir Disoproxil Fumarate 300/300mg, tablets, 30 Tabs",Lamivudine/Tenofovir Disoproxil Fumarate,Generic,300/300mg,Tablet - FDC,Hetero Unit III Hyderabad IN,84290,30,131520,632611.2,4.81,0.16,782.54,2277,12000,TRUE,9/30/13,10/9/13,,
107-RW-T30,FPQ-12190,SO-45360,DN-3345,Rwanda,PMO - US,From RDC,N/A - From RDC,Truck,ARV,Pediatric,SCMS from RDC,"Lamivudine 10mg/ml, oral solution w/syringe, Bottle, 240 ml",Lamivudine,Generic,10mg/ml,Oral solution,"Aurobindo Unit III, India",84291,240,5495,7967.75,1.45,0.01,9.86,1960,4390.98,TRUE,10/15/13,10/15/13,,
114-UG-T30,FPQ-12838,SO-46190,DN-3348,Uganda,PMO - US,From RDC,N/A - From RDC,Air,ARV,Adult,SCMS from RDC,"Lopinavir/Ritonavir 200/50mg [Aluvia], tablets, 120 Tabs",Lopinavir/Ritonavir,Aluvia,200/50mg,Tablet,ABBVIE Ludwigshafen Germany,84292,120,13164,266176.1,20.22,0.17,329.26,2722,8604.7,TRUE,10/15/13,11/8/13,,
103-DO-T30,FPQ-11920,SO-46130,DN-3349,Dominican Republic,PMO - US,From RDC,N/A - From RDC,Air,ARV,Adult,SCMS from RDC,"Nevirapine 200mg, tablets, 60 Tabs",Nevirapine,Generic,200mg,Tablet,Hetero Unit III Hyderabad IN,84293,60,288,650.88,2.26,0.04,0.81,,,FALSE,10/29/13,10/16/13,,
111-MZ-T30,FPQ-11884,SO-44866,DN-3350,Mozambique,PMO - US,From RDC,N/A - From RDC,Truck,ARV,Adult,SCMS from RDC,"Zidovudine 300mg, tablets, 60 Tabs",Zidovudine,Generic,300mg,Tablet,Hetero Unit III Hyderabad IN,84294,60,21410,133812.5,6.25,0.1,165.53,,,FALSE,11/15/13,10/8/13,,
103-DO-T30,FPQ-11920,SO-46140,DN-3356,Dominican Republic,PMO - US,From RDC,N/A - From RDC,Air,ARV,Adult,SCMS from RDC,"Lamivudine/Zidovudine 150/300mg, tablets, 60 Tabs",Lamivudine/Zidovudine,Generic,150/300mg,Tablet - FDC,"Cipla, Goa, India",84295,60,15080,105560,7,0.12,130.58,1212,15181,TRUE,11/26/13,10/10/13,,
109-TZ-T30,FPQ-12015,SO-44980,DN-3347,Tanzania,PMO - US,From RDC,N/A - From RDC,Truck,ARV,Pediatric,SCMS from RDC,"Nevirapine 10mg/ml, oral suspension w/syringe, Bottle, 100 ml",Nevirapine,Generic,10mg/ml,Oral suspension,"Aurobindo Unit III, India",84296,100,56540,73502,1.3,0.01,90.92,,,FALSE,10/31/13,11/4/13,,
110-ZM-T30,FPQ-12066,SO-45091,DN-3361,Zambia,PMO - US,From RDC,N/A - From RDC,Truck,ARV,Adult,SCMS from RDC,"Nevirapine 200mg, tablets, 60 Tabs",Nevirapine,Generic,200mg,Tablet,"Cipla, Goa, India",84297,60,9984,22563.84,2.26,0.04,27.91,,,FALSE,11/29/13,11/29/13,,
104-CI-T30,FPQ-11253,SO-44210,DN-3371,Côte d'Ivoire,PMO - US,From RDC,N/A - From RDC,Truck,ARV,Adult,SCMS from RDC,"Lopinavir/Ritonavir 200/50mg, tablets, 120 Tabs",Lopinavir/Ritonavir,Generic,200/50mg,Tablet,Mylan (formerly Matrix) Nashik,84298,120,6269,131649,21,0.18,162.85,,,FALSE,10/31/13,10/22/13,,
104-CI-T30,FPQ-11253,SO-44210,DN-3371,Côte d'Ivoire,PMO - US,From RDC,N/A - From RDC,Truck,ARV,Adult,SCMS from RDC,"Lamivudine/Nevirapine/Zidovudine 150/200/300mg, tablets, 60 Tabs",Lamivudine/Nevirapine/Zidovudine,Generic,150/300/200mg,Tablet - FDC,"Cipla, Goa, India",84299,60,14300,118118,8.26,0.14,146.11,,,FALSE,10/31/13,10/22/13,,
110-ZM-T30,FPQ-12087,SO-45100,DN-3396,Zambia,PMO - US,From RDC,N/A - From RDC,Truck,ARV,Adult,SCMS from RDC,"Lopinavir/Ritonavir 200/50mg, tablets, 120 Tabs",Lopinavir/Ritonavir,Generic,200/50mg,Tablet,Mylan (formerly Matrix) Nashik,84302,120,46009,942264.3,20.48,0.17,1165.58,22534,30981.39,TRUE,1/24/14,1/24/14,,
107-RW-T30,FPQ-12190,SO-45400,DN-3399,Rwanda,PMO - US,From RDC,N/A - From RDC,Truck,ARV,Adult,SCMS from RDC,"Lamivudine/Nevirapine/Zidovudine 150/200/300mg, tablets, 60 Tabs",Lamivudine/Nevirapine/Zidovudine,Generic,150/300/200mg,Tablet - FDC,"Aurobindo Unit III, India",84303,60,89520,768081.6,8.58,0.14,950.12,10238,13380.52,TRUE,11/29/13,11/29/13,,
109-TZ-T30,FPQ-13042,SO-46680,DN-3401,Tanzania,PMO - US,From RDC,N/A - From RDC,Truck,ARV,Adult,SCMS from RDC,"Nevirapine 200mg, tablets, 60 Tabs",Nevirapine,Generic,200mg,Tablet,"Aurobindo Unit III, India",84304,60,59498,134465.48,2.26,0.04,166.33,,,FALSE,12/26/13,12/16/13,,
104-CI-T30,FPQ-12800,SO-46360,DN-3418,Côte d'Ivoire,PMO - US,From RDC,N/A - From RDC,Air,ARV,Adult,SCMS from RDC,"Abacavir 300mg, tablets, 60 Tabs",Abacavir,Generic,300mg,Tablet,"Aurobindo Unit III, India",84305,60,9300,106578,11.46,0.19,131.84,,,FALSE,12/16/13,12/2/13,,
105-GY-T30,FPQ-12619,SO-46100,DN-3409,Guyana,PMO - US,From RDC,N/A - From RDC,Air,ARV,Adult,SCMS from RDC,"Emtricitabine/Tenofovir Disoproxil Fumarate 200/300mg, tablets, 30 Tabs",Emtricitabine/Tenofovir Disoproxil Fumarate,Generic,200/300mg,Tablet - FDC,"Aurobindo Unit III, India",84306,30,3402,19969.74,5.87,0.2,24.7,392,4523,TRUE,12/31/13,11/30/13,,
107-RW-T30,FPQ-12190,SO-45401,DN-3424,Rwanda,PMO - US,From RDC,N/A - From RDC,Truck,ARV,Pediatric,SCMS from RDC,"Lamivudine 10mg/ml, oral solution w/syringe, Bottle, 240 ml",Lamivudine,Generic,10mg/ml,Oral solution,"Aurobindo Unit III, India",84307,240,5233,7587.85,1.45,0.01,9.39,1855,6638.3,TRUE,11/29/13,2/5/14,,
105-GY-T30,FPQ-12619,SO-46090,DN-3425,Guyana,PMO - US,From RDC,N/A - From RDC,Air,ARV,Pediatric,SCMS from RDC,"Efavirenz 200mg, scored tablets, 90 Tabs",Efavirenz,Generic,200mg,Tablet,"Strides, Bangalore, India.",84308,90,96,892.8,9.3,0.1,1.1,,,FALSE,12/31/13,12/2/13,,
151-NG-T30,FPQ-11864,SO-44930,DN-3434,Nigeria,PMO - US,From RDC,N/A - From RDC,Air Charter,ARV,Adult,SCMS from RDC,"Lamivudine/Nevirapine/Zidovudine 150/200/300mg, tablets, 60 Tabs",Lamivudine/Nevirapine/Zidovudine,Generic,150/300/200mg,Tablet - FDC,"Aurobindo Unit III, India",84309,60,67334,577725.75,8.58,0.14,714.65,8716,26340,TRUE,12/31/13,11/26/13,,
113-ZW-T30,FPQ-11545,SO-44361,DN-3460,Zimbabwe,PMO - US,From RDC,N/A - From RDC,Truck,ARV,Adult,SCMS from RDC,"Lamivudine/Tenofovir Disoproxil Fumarate 300/300mg, tablets, 30 Tabs",Lamivudine/Tenofovir Disoproxil Fumarate,Generic,300/300mg,Tablet - FDC,Hetero Unit III Hyderabad IN,84311,30,39360,189321.6,4.81,0.16,234.19,4174,10900,TRUE,12/31/13,1/13/14,,
104-CI-T30,FPQ-12800,SO-46370,DN-3470,Côte d'Ivoire,PMO - US,From RDC,N/A - From RDC,Air,ARV,Pediatric,SCMS from RDC,"Lamivudine/Nevirapine/Zidovudine 30/50/60mg, dispersible tablets, 60 Tabs",Lamivudine/Nevirapine/Zidovudine,Generic,30/50/60mg,Chewable/dispersible tablet - FDC,"Strides, Bangalore, India.",84312,60,5800,22562,3.89,0.06,27.91,248,2431.36,TRUE,12/16/13,12/16/13,,
106-HT-T30,FPQ-13296,SO-47260,DN-3462,Haiti,PMO - US,From RDC,N/A - From RDC,Air,ARV,Adult,SCMS from RDC,"Lopinavir/Ritonavir 200/50mg, tablets, 120 Tabs",Lopinavir/Ritonavir,Generic,200/50mg,Tablet,Mylan (formerly Matrix) Nashik,84313,120,1865,38195.2,20.48,0.17,39.26,497,5819.7,TRUE,12/24/13,12/27/13,,
104-CI-T30,FPQ-12800,SO-46340,DN-3469,Côte d'Ivoire,PMO - US,From RDC,N/A - From RDC,Air,ARV,Adult,SCMS from RDC,"Lamivudine/Tenofovir Disoproxil Fumarate 300/300mg, tablets, 30 Tabs",Lamivudine/Tenofovir Disoproxil Fumarate,Generic,300/300mg,Tablet - FDC,"Aurobindo Unit VII, IN",84314,30,7130,33511,4.7,0.16,41.45,669,2431.39,TRUE,1/22/14,12/16/13,,
102-BI-T30,FPQ-12602,SO-46020,DN-3381,Burundi,PMO - US,From RDC,N/A - From RDC,Air,ARV,Adult,SCMS from RDC,"Lopinavir/Ritonavir 200/50mg, tablets, 120 Tabs",Lopinavir/Ritonavir,Generic,200/50mg,Tablet,Mylan (formerly Matrix) Nashik,84319,120,88,1848,21,0.18,2.29,95,771.9,TRUE,11/15/13,11/22/13,,
151-NG-T30,FPQ-12801,SO-46530,DN-3489,Nigeria,PMO - US,From RDC,N/A - From RDC,Air Charter,ARV,Pediatric,SCMS from RDC,"Lamivudine/Zidovudine 30/60mg, tablets, 60 Tabs",Lamivudine/Zidovudine,Generic,30/60mg,Tablet - FDC,Mylan (formerly Matrix) Nashik,84320,60,11605,24950.75,2.15,0.04,30.86,935,49199.75,TRUE,1/31/14,1/10/14,,
107-RW-T30,FPQ-13457,SO-47480,DN-3492,Rwanda,PMO - US,From RDC,N/A - From RDC,Truck,ARV,Pediatric,SCMS from RDC,"Efavirenz 200mg, scored tablets, 90 Tabs",Efavirenz,Generic,200mg,Tablet,"Strides, Bangalore, India.",84321,90,2586,24049.8,9.3,0.1,24.72,164,2737.75,TRUE,2/28/14,2/25/14,,
103-SS-T30,FPQ-13173,SO-47110,DN-3493,South Sudan,PMO - US,From RDC,N/A - From RDC,Air,ARV,Adult,SCMS from RDC,"Nevirapine 200mg, tablets, 60 Tabs",Nevirapine,Generic,200mg,Tablet,"Aurobindo Unit III, India",84322,60,378,854.28,2.26,0.04,0.88,613,6333,TRUE,1/22/14,2/11/14,,
107-RW-T30,FPQ-12766,SO-46483,DN-3497,Rwanda,PMO - US,From RDC,N/A - From RDC,Truck,ARV,Adult,SCMS from RDC,"Lamivudine/Tenofovir Disoproxil Fumarate 300/300mg, tablets, 30 Tabs",Lamivudine/Tenofovir Disoproxil Fumarate,Generic,300/300mg,Tablet - FDC,Mylan (formerly Matrix) Nashik,84323,30,1303,6124.1,4.7,0.16,7.58,,,FALSE,1/31/14,2/3/14,,
104-CI-T30,FPQ-12800,SO-46351,DN-3511,Côte d'Ivoire,PMO - US,From RDC,N/A - From RDC,Air,ARV,Pediatric,SCMS from RDC,"Abacavir/Lamivudine 60/30mg, tablets, 60 Tabs",Abacavir/Lamivudine,Generic,60/30mg,Tablet - FDC,"Aurobindo Unit III, India",84328,60,9500,38000,4,0.07,47.01,449,3051.95,TRUE,1/31/14,2/18/14,,
114-UG-T30,FPQ-12253,SO-45520,DN-3516,Uganda,PMO - US,From RDC,N/A - From RDC,Air,ARV,Pediatric,SCMS from RDC,"Abacavir/Lamivudine 60/30mg, tablets, 60 Tabs",Abacavir/Lamivudine,Generic,60/30mg,Tablet - FDC,"Aurobindo Unit III, India",84329,60,1864,7456,4,0.07,9.22,89,790.29,TRUE,1/31/14,2/17/14,,
109-TZ-T30,FPQ-12587,SO-45999,DN-3531,Tanzania,PMO - US,From RDC,N/A - From RDC,Truck,ARV,Adult,SCMS from RDC,"Abacavir 300mg, tablets, 60 Tabs",Abacavir,Generic,300mg,Tablet,"Aurobindo Unit III, India",84332,60,11022,125209.92,11.36,0.19,154.88,,,FALSE,1/31/14,2/19/14,,
111-MZ-T30,FPQ-12416,SO-45898,DN-3537,Mozambique,PMO - US,From RDC,N/A - From RDC,Truck,ARV,Adult,SCMS from RDC,"Lamivudine/Nevirapine/Zidovudine 150/200/300mg, tablets, 60 Tabs",Lamivudine/Nevirapine/Zidovudine,Generic,150/300/200mg,Tablet - FDC,"Strides, Bangalore, India.",84333,60,164250,1409265,8.58,0.14,1743.26,19164,14509.09,TRUE,2/28/14,2/19/14,,
151-NG-T30,FPQ-11864,SO-44920,DN-3540,Nigeria,PMO - US,From RDC,N/A - From RDC,Air Charter,ARV,Pediatric,SCMS from RDC,"Abacavir/Lamivudine 60/30mg, tablets, 60 Tabs",Abacavir/Lamivudine,Generic,60/30mg,Tablet - FDC,"Aurobindo Unit III, India",84334,60,2085,8340,4,0.07,10.32,122,30936.1,TRUE,2/28/14,2/10/14,,
151-NG-T30,FPQ-12248,SO-45664,DN-3541,Nigeria,PMO - US,From RDC,N/A - From RDC,Air Charter,ARV,Adult,SCMS from RDC,"Efavirenz/Lamivudine/Tenofovir Disoproxil Fumarate 600/300/300mg, tablets, 30 Tabs",Efavirenz/Lamivudine/Tenofovir Disoproxil Fumarate,Generic,600/300/300mg,Tablet - FDC,Mylan (formerly Matrix) Nashik,84335,30,89490,972756.3,10.87,0.36,1203.3,11280,30936.1,TRUE,2/28/14,2/10/14,,
111-MZ-T30,FPQ-13123,SO-47081,DN-3558,Mozambique,PMO - US,From RDC,N/A - From RDC,Truck,ARV,Adult,SCMS from RDC,"Nevirapine 200mg, tablets, 60 Tabs",Nevirapine,Generic,200mg,Tablet,Hetero Unit III Hyderabad IN,84336,60,1330,3005.8,2.26,0.04,3.09,,,FALSE,4/15/14,3/28/14,,
101-CD-T30,FPQ-13554,SO-47630,DN-3561,"Congo, DRC",PMO - US,From RDC,N/A - From RDC,Air,ARV,Pediatric,SCMS from RDC,"Nevirapine 10mg/ml, oral suspension w/syringe, Bottle, 240 ml",Nevirapine,Generic,10mg/ml,Oral suspension,"Aurobindo Unit III, India",84337,240,440,818.4,1.86,0.01,0.84,,,FALSE,5/30/14,5/19/14,,
111-MZ-T30,FPQ-12421,SO-45900,DN-3564,Mozambique,PMO - US,From RDC,N/A - From RDC,Truck,ARV,Adult,SCMS from RDC,"Efavirenz/Lamivudine/Tenofovir Disoproxil Fumarate 600/300/300mg, tablets, 30 Tabs",Efavirenz/Lamivudine/Tenofovir Disoproxil Fumarate,Generic,600/300/300mg,Tablet - FDC,"Aurobindo Unit VII, IN",84339,30,180194,1958708.8,10.87,0.36,2422.92,13739,,TRUE,3/28/14,3/28/14,,
104-CI-T30,FPQ-11253,SO-44221,DN-3566,Côte d'Ivoire,PMO - US,From RDC,N/A - From RDC,Truck,ARV,Adult,SCMS from RDC,"Lamivudine/Zidovudine 150/300mg, tablets, 60 Tabs",Lamivudine/Zidovudine,Generic,150/300mg,Tablet - FDC,Mylan (formerly Matrix) Nashik,84341,60,70300,473119,6.73,0.11,585.25,5565,23776.42,TRUE,4/11/14,4/11/14,,
104-CI-T30,FPQ-12800,SO-46361,DN-3567,Côte d'Ivoire,PMO - US,From RDC,N/A - From RDC,Air,ARV,Pediatric,SCMS from RDC,"Zidovudine 10mg/ml, oral solution w/syringe, Bottle, 240 ml",Zidovudine,Generic,10mg/ml,Oral solution,"Aurobindo Unit III, India",84342,240,2867,6020.7,2.1,0.01,7.45,5752,18607.76,TRUE,3/28/14,3/26/14,,
103-ZW-T30,FPQ-13109,SO-46960,DN-3572,Zimbabwe,PMO - US,From RDC,N/A - From RDC,Truck,ARV,Pediatric,SCMS from RDC,"Abacavir 20mg/ml, oral solution w/syringe, Bottle, 240 ml",Abacavir,Generic,20mg/ml,Oral solution,"Aurobindo Unit III, India",84343,240,595,5063.45,8.51,0.04,5.21,236,7300,TRUE,3/31/14,3/24/14,,
107-RW-T30,FPQ-12766,SO-46480,DN-3579,Rwanda,PMO - US,From RDC,N/A - From RDC,Truck,ARV,Adult,SCMS from RDC,"Lamivudine/Nevirapine/Zidovudine 150/200/300mg, tablets, 60 Tabs",Lamivudine/Nevirapine/Zidovudine,Generic,150/300/200mg,Tablet - FDC,"Aurobindo Unit III, India",84344,60,49998,412983.47,8.26,0.14,510.86,,,FALSE,3/28/14,4/2/14,,
111-MZ-T30,FPQ-13123,SO-47083,DN-3580,Mozambique,PMO - US,From RDC,N/A - From RDC,Truck,ARV,Adult,SCMS from RDC,"Lamivudine/Nevirapine/Zidovudine 150/200/300mg, tablets, 60 Tabs",Lamivudine/Nevirapine/Zidovudine,Generic,150/300/200mg,Tablet - FDC,"Aurobindo Unit III, India",84345,60,54997,454275.22,8.26,0.14,466.99,,,FALSE,4/15/14,4/14/14,,
111-MZ-T30,FPQ-13123,SO-47083,DN-3580,Mozambique,PMO - US,From RDC,N/A - From RDC,Truck,ARV,Adult,SCMS from RDC,"Efavirenz/Lamivudine/Tenofovir Disoproxil Fumarate 600/300/300mg, tablets, 30 Tabs",Efavirenz/Lamivudine/Tenofovir Disoproxil Fumarate,Generic,600/300/300mg,Tablet - FDC,"Aurobindo Unit VII, IN",84346,30,4629,51613.35,11.15,0.37,53.06,,,FALSE,4/15/14,4/14/14,,
103-SS-T30,FPQ-13173,SO-47100,DN-3581,South Sudan,PMO - US,From RDC,N/A - From RDC,Air,ARV,Adult,SCMS from RDC,"Lopinavir/Ritonavir 200/50mg, tablets, 120 Tabs",Lopinavir/Ritonavir,Generic,200/50mg,Tablet,"Aurobindo Unit III, India",84347,120,507,10175.49,20.07,0.17,10.46,,,FALSE,3/31/14,3/21/14,,
105-GY-T30,FPQ-13071,SO-46800,DN-3585,Guyana,PMO - US,From RDC,N/A - From RDC,Air,ARV,Adult,SCMS from RDC,"Lamivudine/Zidovudine 150/300mg, tablets, 60 Tabs",Lamivudine/Zidovudine,Generic,150/300mg,Tablet - FDC,Mylan (formerly Matrix) Nashik,84348,60,287,2009,7,0.12,2.07,,,FALSE,3/31/14,4/3/14,,
105-GY-T30,FPQ-13071,SO-46800,DN-3585,Guyana,PMO - US,From RDC,N/A - From RDC,Air,ARV,Pediatric,SCMS from RDC,"Zidovudine 10mg/ml, oral solution w/syringe, Bottle, 240 ml",Zidovudine,Generic,10mg/ml,Oral solution,"Aurobindo Unit III, India",84349,240,190,399,2.1,0.01,0.41,,,FALSE,3/31/14,4/3/14,,
105-GH-T30,FPQ-13609,SO-47930,DN-3590,Ghana,PMO - US,From RDC,N/A - From RDC,Air,ARV,Adult,SCMS from RDC,"Efavirenz/Lamivudine/Tenofovir Disoproxil Fumarate 600/300/300mg, tablets, 30 Tabs",Efavirenz/Lamivudine/Tenofovir Disoproxil Fumarate,Generic,600/300/300mg,Tablet - FDC,Mylan (formerly Matrix) Nashik,84350,30,16834,182985.58,10.87,0.36,188.11,5447,38560.67,TRUE,4/7/14,4/7/14,,
104-CI-T30,FPQ-12800,SO-46430,DN-3599,Côte d'Ivoire,PMO - US,From RDC,N/A - From RDC,Truck,ARV,Adult,SCMS from RDC,"Tenofovir Disoproxil Fumarate 300mg, tablets, 30 Tabs",Tenofovir Disoproxil Fumarate,Generic,300mg,Tablet,Mylan (formerly Matrix) Nashik,84351,30,4400,17776,4.04,0.13,21.99,11043,39329.03,TRUE,4/30/14,4/14/14,,
151-NG-T30,FPQ-13293,SO-47281,DN-3622,Nigeria,PMO - US,From RDC,N/A - From RDC,Air Charter,ARV,Pediatric,SCMS from RDC,"Lamivudine/Zidovudine 30/60mg, tablets, 60 Tabs",Lamivudine/Zidovudine,Generic,30/60mg,Tablet - FDC,Mylan (formerly Matrix) Nashik,84353,60,10819,23260.85,2.15,0.04,23.91,411,29674.91,TRUE,5/6/14,4/17/14,,
105-GY-T30,FPQ-13567,SO-47730,DN-3626,Guyana,PMO - US,From RDC,N/A - From RDC,Air,ARV,Pediatric,SCMS from RDC,"Zidovudine 10mg/ml, oral solution w/syringe, Bottle, 240 ml",Zidovudine,Generic,10mg/ml,Oral solution,"Aurobindo Unit III, India",84354,240,176,369.6,2.1,0.01,0.38,,,FALSE,6/30/14,4/14/14,,
111-MZ-T30,FPQ-13123,SO-47084,DN-3627,Mozambique,PMO - US,From RDC,N/A - From RDC,Truck,ARV,Adult,SCMS from RDC,"Lamivudine/Nevirapine/Zidovudine 150/200/300mg, tablets, 60 Tabs",Lamivudine/Nevirapine/Zidovudine,Generic,150/300/200mg,Tablet - FDC,Hetero Unit III Hyderabad IN,84355,60,100000,811000,8.11,0.14,833.71,,,FALSE,6/3/14,6/3/14,,
111-MZ-T30,FPQ-13124,SO-47041,DN-3628,Mozambique,PMO - US,From RDC,N/A - From RDC,Truck,ARV,Adult,SCMS from RDC,"Efavirenz/Lamivudine/Tenofovir Disoproxil Fumarate 600/300/300mg, tablets, 30 Tabs",Efavirenz/Lamivudine/Tenofovir Disoproxil Fumarate,Generic,600/300/300mg,Tablet - FDC,Hetero Unit III Hyderabad IN,84356,30,127671,1423531.6,11.15,0.37,1463.39,,,FALSE,6/14/14,6/24/14,,
105-GY-T30,FPQ-13567,SO-47740,DN-3640,Guyana,PMO - US,From RDC,N/A - From RDC,Air,ARV,Pediatric,SCMS from RDC,"Abacavir 20mg/ml, oral solution w/syringe, Bottle, 240 ml",Abacavir,Generic,20mg/ml,Oral solution,"Aurobindo Unit III, India",84357,240,36,301.68,8.38,0.03,0.31,22,892.96,TRUE,6/30/14,4/25/14,,
107-RW-T30,FPQ-12766,SO-46486,DN-3641,Rwanda,PMO - US,From RDC,N/A - From RDC,Truck,ARV,Adult,SCMS from RDC,"Lamivudine/Nevirapine/Zidovudine 150/200/300mg, tablets, 60 Tabs",Lamivudine/Nevirapine/Zidovudine,Generic,150/300/200mg,Tablet - FDC,"Aurobindo Unit III, India",84358,60,15862,128640.82,8.11,0.14,159.13,1851,5445.73,TRUE,5/5/14,5/6/14,,
107-RW-T30,FPQ-12766,SO-46485,DN-3642,Rwanda,PMO - US,From RDC,N/A - From RDC,Truck,ARV,Adult,SCMS from RDC,"Efavirenz/Lamivudine/Tenofovir Disoproxil Fumarate 600/300/300mg, tablets, 30 Tabs",Efavirenz/Lamivudine/Tenofovir Disoproxil Fumarate,Generic,600/300/300mg,Tablet - FDC,Mylan (formerly Matrix) Nashik,84359,30,30205,325609.9,10.78,0.36,402.78,,,FALSE,5/5/14,6/6/14,,
110-ZM-T30,FPQ-13221,SO-47201,DN-3648,Zambia,PMO - US,From RDC,N/A - From RDC,Truck,ARV,Adult,SCMS from RDC,"Lamivudine/Tenofovir Disoproxil Fumarate 300/300mg, tablets, 30 Tabs",Lamivudine/Tenofovir Disoproxil Fumarate,Generic,300/300mg,Tablet - FDC,Ranbaxy per Shasun Pharma Ltd,84360,30,27900,129456,4.64,0.15,133.08,17018,19564.23,TRUE,5/6/14,5/19/14,,
101-CD-T30,FPQ-13554,SO-47631,DN-3654,"Congo, DRC",PMO - US,From RDC,N/A - From RDC,Air,ARV,Adult,SCMS from RDC,"Zidovudine 300mg, tablets, 60 Tabs",Zidovudine,Generic,300mg,Tablet,"Aurobindo Unit III, India",84361,60,1000,5500,5.5,0.09,5.65,204,3298.78,TRUE,8/15/14,8/15/14,,
104-CI-T30,FPQ-13142,SO-47130,DN-3655,Côte d'Ivoire,PMO - US,From RDC,N/A - From RDC,Truck,ARV,Adult,SCMS from RDC,"Abacavir/Lamivudine 600/300mg, scored tablets, 30 Tabs",Abacavir/Lamivudine,Generic,600/300mg,Tablet - FDC,Mylan (formerly Matrix) Nashik,84362,30,489,6611.28,13.52,0.45,6.8,,,FALSE,4/21/14,5/1/14,,
111-MZ-T30,FPQ-13123,SO-47086,DN-3695,Mozambique,PMO - US,From RDC,N/A - From RDC,Truck,ARV,Adult,SCMS from RDC,"Lamivudine/Nevirapine/Zidovudine 150/200/300mg, tablets, 60 Tabs",Lamivudine/Nevirapine/Zidovudine,Generic,150/300/200mg,Tablet - FDC,"Cipla, Goa, India",84366,60,74623,605192.5,8.11,0.14,622.14,10073,7048.57,TRUE,7/31/14,7/25/14,,
107-RW-T30,FPQ-12766,SO-46501,DN-3699,Rwanda,PMO - US,From RDC,N/A - From RDC,Truck,ARV,Adult,SCMS from RDC,"Lamivudine/Tenofovir Disoproxil Fumarate 300/300mg, tablets, 30 Tabs",Lamivudine/Tenofovir Disoproxil Fumarate,Generic,300/300mg,Tablet - FDC,Hetero Unit III Hyderabad IN,84367,30,53705,249191.2,4.64,0.15,308.25,5565,34837.8,TRUE,6/27/14,7/6/14,,
104-CI-T30,FPQ-13142,SO-47155,DN-3708,Côte d'Ivoire,PMO - US,From RDC,N/A - From RDC,Truck,ARV,Pediatric,SCMS from RDC,"Zidovudine 10mg/ml, oral solution w/syringe, Bottle, 240 ml",Zidovudine,Generic,10mg/ml,Oral solution,"Aurobindo Unit III, India",84368,240,6738,14149.8,2.1,0.01,14.55,2720,32022.51,TRUE,6/4/14,6/3/14,,
109-TZ-T30,FPQ-12587,SO-46006,DN-3709,Tanzania,PMO - US,From RDC,N/A - From RDC,Truck,ARV,Adult,SCMS from RDC,"Emtricitabine/Tenofovir Disoproxil Fumarate 200/300mg, tablets, 30 Tabs",Emtricitabine/Tenofovir Disoproxil Fumarate,Generic,200/300mg,Tablet - FDC,Mylan (formerly Matrix) Nashik,84369,30,34733,199367.42,5.74,0.19,246.62,2746,5989.25,TRUE,6/30/14,6/10/14,,
109-TZ-T30,FPQ-13566,SO-47652,DN-3643,Tanzania,PMO - US,From RDC,N/A - From RDC,Truck,ARV,Adult,SCMS from RDC,"Efavirenz/Emtricitabine/Tenofovir Disoproxil Fumarate 600/200/300mg, tablets, 30 Tabs",Efavirenz/Emtricitabine/Tenofovir Disoproxil Fumarate,Generic,600/200/300mg,Tablet - FDC,Mylan (formerly Matrix) Nashik,84370,30,43479,516965.3,11.89,0.4,531.44,4874,12435.18,TRUE,6/30/14,6/6/14,,
102-BI-T30,FPQ-13627,SO-47670,DN-3712,Burundi,PMO - US,From RDC,N/A - From RDC,Air,ARV,Adult,SCMS from RDC,"Lopinavir/Ritonavir 200/50mg, tablets, 120 Tabs",Lopinavir/Ritonavir,Generic,200/50mg,Tablet,Mylan (formerly Matrix) Nashik,84371,120,200,4008,20.04,0.17,4.12,,,FALSE,5/30/14,6/25/14,,
102-BI-T30,FPQ-12602,SO-46023,DN-3739,Burundi,PMO - US,From RDC,N/A - From RDC,Air,ARV,Adult,SCMS from RDC,"Lopinavir/Ritonavir 200/50mg, tablets, 120 Tabs",Lopinavir/Ritonavir,Generic,200/50mg,Tablet,Mylan (formerly Matrix) Nashik,84372,120,112,2207.52,19.71,0.16,2.73,,,FALSE,6/16/14,6/4/14,,
111-MZ-T30,FPQ-13123,SO-47092,DN-3752,Mozambique,PMO - US,From RDC,N/A - From RDC,Truck,ARV,Adult,SCMS from RDC,"Lamivudine/Stavudine 150/30mg, tablets, 60 Tabs",Lamivudine/Stavudine,Generic,150/30mg,Tablet - FDC,Hetero Unit III Hyderabad IN,84373,60,24768,61672.32,2.49,0.04,63.4,20019,11701.65,TRUE,7/31/14,7/25/14,,
109-TZ-T30,FPQ-13042,SO-46701,DN-3762,Tanzania,PMO - US,From RDC,N/A - From RDC,Air,ARV,Pediatric,SCMS from RDC,"Nevirapine 10mg/ml, oral suspension w/syringe, Bottle, 100 ml",Nevirapine,Generic,10mg/ml,Oral suspension,"Aurobindo Unit III, India",84374,100,43293,56280.9,1.3,0.01,69.62,,,FALSE,7/31/14,9/25/14,,
110-ZM-T30,FPQ-13221,SO-47200,DN-3888,Zambia,PMO - US,From RDC,N/A - From RDC,Truck,ARV,Adult,SCMS from RDC,"Lamivudine/Tenofovir Disoproxil Fumarate 300/300mg, tablets, 30 Tabs",Lamivudine/Tenofovir Disoproxil Fumarate,Generic,300/300mg,Tablet - FDC,"Aurobindo Unit VII, IN",84376,30,17801,82418.63,4.63,0.15,84.73,1667,1966.09,TRUE,8/29/14,9/23/14,,
104-CI-T30,FPQ-13628,SO-47871,DN-3897,Côte d'Ivoire,PMO - US,From RDC,N/A - From RDC,Truck,ARV,Pediatric,SCMS from RDC,"Lamivudine/Zidovudine 30/60mg, dispersible tablets, 60 Tabs",Lamivudine/Zidovudine,Generic,30/60mg,Chewable/dispersible tablet - FDC,"Cipla, Goa, India",84380,60,697,1387.03,1.99,0.03,1.43,47,270.74,TRUE,9/30/14,9/8/14,,
110-ZM-T30,FPQ-14105,SO-48652,DN-3877,Zambia,PMO - US,From RDC,N/A - From RDC,Truck,ARV,Adult,SCMS from RDC,"Lamivudine/Zidovudine 150/300mg, tablets, 60 Tabs",Lamivudine/Zidovudine,Generic,150/300mg,Tablet - FDC,Hetero Unit III Hyderabad IN,84381,60,35000,228200,6.52,0.11,234.59,,,FALSE,9/4/14,9/23/14,,
151-NG-T30,FPQ-12801,SO-46540,DN-3790,Nigeria,PMO - US,From RDC,N/A - From RDC,Air Charter,ARV,Pediatric,SCMS from RDC,"Abacavir/Lamivudine 60/30mg, tablets, 60 Tabs",Abacavir/Lamivudine,Generic,60/30mg,Tablet - FDC,Mylan (formerly Matrix) Nashik,84382,60,27137,110990.33,4.09,0.07,137.3,1169,28812.58,TRUE,6/30/14,6/20/14,,
104-CI-T30,FPQ-13142,SO-47135,DN-3798,Côte d'Ivoire,PMO - US,From RDC,N/A - From RDC,Truck,ARV,Adult,SCMS from RDC,"Abacavir/Lamivudine 600/300mg, tablets, 30 Tabs",Abacavir/Lamivudine,Generic,600/300mg,Tablet - FDC,"Cipla, Patalganga, India",84384,30,71,959.92,13.52,0.45,0.99,7,22.29,TRUE,7/9/14,7/9/14,,
104-CI-T30,FPQ-13628,SO-47870,DN-3799,Côte d'Ivoire,PMO - US,From RDC,N/A - From RDC,Truck,ARV,Pediatric,SCMS from RDC,"Lamivudine/Zidovudine 30/60mg, tablets, 60 Tabs",Lamivudine/Zidovudine,Generic,30/60mg,Tablet - FDC,Mylan (formerly Matrix) Nashik,84385,60,7303,14532.97,1.99,0.03,14.94,277,2286.63,TRUE,7/15/14,7/9/14,,
102-BI-T30,FPQ-14112,SO-48610,DN-3804,Burundi,PMO - US,From RDC,N/A - From RDC,Air,ARV,Adult,SCMS from RDC,"Lamivudine/Nevirapine/Zidovudine 150/200/300mg, tablets, 60 Tabs",Lamivudine/Nevirapine/Zidovudine,Generic,150/300/200mg,Tablet - FDC,Hetero Unit III Hyderabad IN,84386,60,1056,8564.16,8.11,0.14,8.8,155,994.25,TRUE,7/31/14,7/25/14,,
107-RW-T30,FPQ-14111,SO-48811,DN-3814,Rwanda,PMO - US,From RDC,N/A - From RDC,Truck,ARV,Pediatric,SCMS from RDC,"Abacavir 20mg/ml, oral solution w/syringe, Bottle, 240 ml",Abacavir,Generic,20mg/ml,Oral solution,"Aurobindo Unit III, India",84388,240,800,6800,8.5,0.04,6.99,297,2282.79,TRUE,12/31/14,8/14/14,,
105-GY-T30,FPQ-14042,SO-48510,DN-3817,Guyana,PMO - US,From RDC,N/A - From RDC,Air,ARV,Adult,SCMS from RDC,"Emtricitabine/Tenofovir Disoproxil Fumarate 200/300mg, tablets, 30 Tabs",Emtricitabine/Tenofovir Disoproxil Fumarate,Generic,200/300mg,Tablet - FDC,"Aurobindo Unit III, India",84389,30,2238,12846.12,5.74,0.19,13.21,,,FALSE,9/30/14,8/29/14,,
110-ZM-T30,FPQ-13692,SO-47991,DN-3822,Zambia,PMO - US,From RDC,N/A - From RDC,Truck,ARV,Pediatric,SCMS from RDC,"Abacavir/Lamivudine 60/30mg, tablets, 60 Tabs",Abacavir/Lamivudine,Generic,60/30mg,Tablet - FDC,"Aurobindo Unit III, India",84390,60,18027,73730.43,4.09,0.07,75.79,1228,1765.18,TRUE,7/14/14,9/3/14,,
103-ZW-T30,FPQ-13967,SO-48431,DN-3824,Zimbabwe,PMO - US,From RDC,N/A - From RDC,Truck,ARV,Pediatric,SCMS from RDC,"Lamivudine/Zidovudine 30/60mg, tablets, 60 Tabs",Lamivudine/Zidovudine,Generic,30/60mg,Tablet - FDC,Mylan (formerly Matrix) Nashik,84391,60,23999,47758.01,1.99,0.03,49.1,1069,7500,TRUE,11/30/14,6/29/14,,
113-ZW-T30,FPQ-13508,SO-47540,DN-3825,Zimbabwe,PMO - US,From RDC,N/A - From RDC,Truck,ARV,Adult,SCMS from RDC,"Lamivudine/Tenofovir Disoproxil Fumarate 300/300mg, tablets, 30 Tabs",Lamivudine/Tenofovir Disoproxil Fumarate,Generic,300/300mg,Tablet - FDC,Hetero Unit III Hyderabad IN,84392,30,140000,648200,4.63,0.15,666.35,,,FALSE,9/30/14,6/29/14,,
101-CD-T30,FPQ-14252,SO-48860,DN-3836,"Congo, DRC",PMO - US,From RDC,N/A - From RDC,Air,ARV,Adult,SCMS from RDC,"Nevirapine 200mg, tablets, 60 Tabs",Nevirapine,Generic,200mg,Tablet,Hetero Unit III Hyderabad IN,84394,60,2725,5940.5,2.18,0.04,6.11,,,FALSE,9/24/14,10/28/14,,
114-UG-T30,FPQ-13693,SO-47850,DN-3841,Uganda,PMO - US,From RDC,N/A - From RDC,Truck,ARV,Adult,SCMS from RDC,"Lopinavir/Ritonavir 200/50mg [Aluvia], tablets, 120 Tabs",Lopinavir/Ritonavir,Aluvia,200/50mg,Tablet,ABBVIE Ludwigshafen Germany,84395,120,3426,69273.72,20.22,0.17,71.21,698,2676,TRUE,7/31/14,7/15/14,,
105-GY-T30,FPQ-14042,SO-48520,DN-3844,Guyana,PMO - US,From RDC,N/A - From RDC,Air,ARV,Adult,SCMS from RDC,"Lopinavir/Ritonavir 200/50mg, tablets, 120 Tabs",Lopinavir/Ritonavir,Generic,200/50mg,Tablet,Mylan (formerly Matrix) Nashik,84396,120,1603,31595.13,19.71,0.16,32.48,,,FALSE,9/30/14,7/30/14,,
111-MZ-T30,FPQ-13123,SO-47080,DN-3828,Mozambique,PMO - US,From RDC,N/A - From RDC,Truck,ARV,Adult,SCMS from RDC,"Lamivudine/Stavudine 150/30mg, tablets, 60 Tabs",Lamivudine/Stavudine,Generic,150/30mg,Tablet - FDC,"Strides, Bangalore, India.",84398,60,5232,13027.68,2.49,0.04,13.39,,,FALSE,8/29/14,11/5/14,,
100-ZM-T30,FPQ-13679,SO-48010,DN-3860,Zambia,PMO - US,From RDC,N/A - From RDC,Truck,ARV,Adult,SCMS from RDC,"Abacavir 300mg, tablets, 60 Tabs",Abacavir,Generic,300mg,Tablet,Mylan (formerly Matrix) Nashik,84407,60,5432,61001.36,11.23,0.19,62.71,506,635.95,TRUE,7/31/14,9/23/14,,
110-ZM-T30,FPQ-13221,SO-47206,DN-3876,Zambia,PMO - US,From RDC,N/A - From RDC,Truck,ARV,Adult,SCMS from RDC,"Lamivudine/Tenofovir Disoproxil Fumarate 300/300mg, tablets, 30 Tabs",Lamivudine/Tenofovir Disoproxil Fumarate,Generic,300/300mg,Tablet - FDC,"Cipla, Kurkumbh, India",84408,30,14055,65074.65,4.63,0.15,66.9,1406,1335.02,TRUE,8/29/14,9/23/14,,
151-NG-T30,FPQ-13293,SO-47274,DN-3913,Nigeria,PMO - US,From RDC,N/A - From RDC,Air Charter,ARV,Adult,SCMS from RDC,"Lamivudine/Nevirapine/Zidovudine 150/200/300mg, tablets, 60 Tabs",Lamivudine/Nevirapine/Zidovudine,Generic,150/300/200mg,Tablet - FDC,"Aurobindo Unit III, India",84409,60,6,48.66,8.11,0.14,0.05,6589,26731,TRUE,9/30/14,9/3/14,,
151-NG-T30,FPQ-13293,SO-47280,DN-3917,Nigeria,PMO - US,From RDC,N/A - From RDC,Air Charter,ARV,Adult,SCMS from RDC,"Lamivudine/Zidovudine 150/300mg, tablets, 60 Tabs",Lamivudine/Zidovudine,Generic,150/300mg,Tablet - FDC,"Aurobindo Unit III, India",84410,60,105344,708965.1,6.73,0.11,728.82,10622,61850,TRUE,9/30/14,9/3/14,,
110-ZM-T30,FPQ-13692,SO-47993,DN-3942,Zambia,PMO - US,From RDC,N/A - From RDC,Truck,ARV,Adult,SCMS from RDC,"Zidovudine 300mg, tablets, 60 Tabs",Zidovudine,Generic,300mg,Tablet,"Aurobindo Unit III, India",84412,60,1240,6919.2,5.58,0.09,7.11,73,4937.65,TRUE,10/31/14,10/10/14,,
111-MZ-T30,FPQ-14226,SO-48884,DN-3944,Mozambique,PMO - US,From RDC,N/A - From RDC,Truck,ARV,Adult,SCMS from RDC,"Tenofovir Disoproxil Fumarate 300mg, tablets, 30 Tabs",Tenofovir Disoproxil Fumarate,Generic,300mg,Tablet,Hetero Unit III Hyderabad IN,84413,30,80,302.4,3.78,0.13,0.31,,,FALSE,12/31/14,10/28/14,,
107-RW-T30,FPQ-14111,SO-48770,DN-3948,Rwanda,PMO - US,From RDC,N/A - From RDC,Air,ARV,Pediatric,SCMS from RDC,"Abacavir/Lamivudine 60/30mg, dispersible tablets, 60 Tabs",Abacavir/Lamivudine,Generic,60/30mg,Chewable/dispersible tablet - FDC,"Cipla, Patalganga, India",84415,60,8953,45570.77,5.09,0.08,46.85,805,6220.48,TRUE,10/15/14,10/14/14,,
110-ZM-T30,FPQ-14162,SO-48672,DN-3950,Zambia,PMO - US,From RDC,N/A - From RDC,Truck,ARV,Adult,SCMS from RDC,"Lamivudine/Zidovudine 150/300mg, tablets, 60 Tabs",Lamivudine/Zidovudine,Generic,150/300mg,Tablet - FDC,"Aurobindo Unit III, India",84416,60,79914,527432.4,6.6,0.11,542.2,7194,9410.57,TRUE,10/31/14,10/2/14,,
110-ZM-T30,FPQ-13692,SO-47990,DN-3951,Zambia,PMO - US,From RDC,N/A - From RDC,Truck,ARV,Pediatric,SCMS from RDC,"Abacavir/Lamivudine 60/30mg, tablets, 60 Tabs",Abacavir/Lamivudine,Generic,60/30mg,Tablet - FDC,Mylan (formerly Matrix) Nashik,84417,60,25000,100000,4,0.07,102.8,,,FALSE,10/31/14,10/2/14,,
111-MZ-T30,FPQ-14226,SO-48885,DN-3957,Mozambique,PMO - US,From RDC,N/A - From RDC,Truck,ARV,Adult,SCMS from RDC,"Lamivudine/Tenofovir Disoproxil Fumarate 300/300mg, tablets, 30 Tabs",Lamivudine/Tenofovir Disoproxil Fumarate,Generic,300/300mg,Tablet - FDC,Hetero Unit III Hyderabad IN,84418,30,20673,95922.72,4.64,0.15,98.61,,,FALSE,12/31/14,12/1/14,,
107-RW-T30,FPQ-13812,SO-48160,DN-3969,Rwanda,PMO - US,From RDC,N/A - From RDC,Truck,ARV,Adult,SCMS from RDC,"Nevirapine 200mg, tablets, 60 Tabs",Nevirapine,Generic,200mg,Tablet,"Aurobindo Unit III, India",84420,60,178258,402863.1,2.26,0.04,414.14,17140,23340.84,TRUE,10/1/14,11/12/14,,
101-CD-T30,FPQ-14576,SO-49290,DN-3975,"Congo, DRC",PMO - US,From RDC,N/A - From RDC,Air,ARV,Pediatric,SCMS from RDC,"Lamivudine/Zidovudine 30/60mg, dispersible tablets, 60 Tabs",Lamivudine/Zidovudine,Generic,30/60mg,Chewable/dispersible tablet - FDC,"Cipla, Goa, India",84422,60,800,1592,1.99,0.03,1.64,,,FALSE,1/30/15,2/18/15,,
151-NG-T30,FPQ-14156,SO-48904,DN-3995,Nigeria,PMO - US,From RDC,N/A - From RDC,Air Charter,ARV,Adult,SCMS from RDC,"Lamivudine/Zidovudine 150/300mg, tablets, 60 Tabs",Lamivudine/Zidovudine,Generic,150/300mg,Tablet - FDC,Mylan (formerly Matrix) Nashik,84423,60,76832,500944.62,6.52,0.11,514.97,6780,14251,TRUE,10/31/14,10/30/14,,
151-NG-T30,FPQ-14156,SO-48906,DN-4000,Nigeria,PMO - US,From RDC,N/A - From RDC,Air Charter,ARV,Adult,SCMS from RDC,"Zidovudine 300mg, tablets, 60 Tabs",Zidovudine,Generic,300mg,Tablet,"Aurobindo Unit III, India",84424,60,7526,41393,5.5,0.09,42.55,507,1263,TRUE,11/28/14,10/30/14,,
102-BI-T30,FPQ-14112,SO-48620,DN-4003,Burundi,PMO - US,From RDC,N/A - From RDC,Air,ARV,Adult,SCMS from RDC,"Efavirenz/Lamivudine/Tenofovir Disoproxil Fumarate 600/300/300mg, tablets, 30 Tabs",Efavirenz/Lamivudine/Tenofovir Disoproxil Fumarate,Generic,600/300/300mg,Tablet - FDC,"Aurobindo Unit VII, IN",84425,30,3240,33210,10.25,0.34,34.14,614,4373.84,TRUE,11/20/14,11/20/14,,
107-RW-T30,FPQ-14811,SO-49941,DN-4011,Rwanda,PMO - US,From RDC,N/A - From RDC,Truck,ARV,Pediatric,SCMS from RDC,"Lamivudine/Zidovudine 30/60mg, dispersible tablets, 60 Tabs",Lamivudine/Zidovudine,Generic,30/60mg,Chewable/dispersible tablet - FDC,"Cipla, Goa, India",84426,60,1766,3514.34,1.99,0.03,3.61,152,1330.99,TRUE,1/14/15,11/13/14,,
107-RW-T30,FPQ-14111,SO-48790,DN-4012,Rwanda,PMO - US,From RDC,N/A - From RDC,Truck,ARV,Adult,SCMS from RDC,"Nevirapine 200mg, tablets, 60 Tabs",Nevirapine,Generic,200mg,Tablet,"Aurobindo Unit III, India",84427,60,21739,48043.19,2.21,0.04,49.39,,,FALSE,2/16/15,1/14/15,,
114-UG-T30,FPQ-14396,SO-48973,DN-4019,Uganda,PMO - US,From RDC,N/A - From RDC,Truck,ARV,Adult,SCMS from RDC,"Efavirenz 600mg, tablets, 30 Tabs",Efavirenz,Generic,600mg,Tablet,"Strides, Bangalore, India.",84429,30,52500,168525,3.21,0.11,173.24,10119,6852.08,TRUE,1/15/15,12/17/14,,
104-CI-T30,FPQ-13628,SO-47912,DN-4024,Côte d'Ivoire,PMO - US,From RDC,N/A - From RDC,Truck,ARV,Adult,SCMS from RDC,"Lopinavir/Ritonavir 200/50mg, tablets, 120 Tabs",Lopinavir/Ritonavir,Generic,200/50mg,Tablet,"Aurobindo Unit III, India",84430,120,10275,213720,20.8,0.17,219.7,,,FALSE,1/30/15,2/11/15,,
107-RW-T30,FPQ-14811,SO-49951,DN-4040,Rwanda,PMO - US,From RDC,N/A - From RDC,Truck,ARV,Pediatric,SCMS from RDC,"Abacavir/Lamivudine 60/30mg, dispersible tablets, 60 Tabs",Abacavir/Lamivudine,Generic,60/30mg,Chewable/dispersible tablet - FDC,"Cipla, Patalganga, India",84432,60,3238,16481.42,5.09,0.08,16.94,,,FALSE,1/14/15,12/24/14,,
114-UG-T30,FPQ-14396,SO-48993,DN-4041,Uganda,PMO - US,From RDC,N/A - From RDC,Truck,ARV,Pediatric,SCMS from RDC,"Abacavir/Lamivudine 60/30mg, tablets, 60 Tabs",Abacavir/Lamivudine,Generic,60/30mg,Tablet - FDC,"Aurobindo Unit III, India",84433,60,2368,9685.12,4.09,0.07,9.96,,,FALSE,2/16/15,1/24/15,,
107-RW-T30,FPQ-14893,SO-49980,DN-4042,Rwanda,PMO - US,From RDC,N/A - From RDC,Air,ARV,Pediatric,SCMS from RDC,"Nevirapine 10mg/ml, oral suspension w/syringe, Bottle, 240 ml",Nevirapine,Generic,10mg/ml,Oral suspension,"Aurobindo Unit III, India",84434,240,10401,15705.51,1.51,0.01,16.15,3880,28001.97,TRUE,1/27/15,1/9/15,,
107-RW-T30,FPQ-14811,SO-49960,DN-4044,Rwanda,PMO - US,From RDC,N/A - From RDC,Truck,ARV,Pediatric,SCMS from RDC,"Lamivudine/Nevirapine/Zidovudine 30/50/60mg, dispersible tablets, 60 Tabs",Lamivudine/Nevirapine/Zidovudine,Generic,30/50/60mg,Chewable/dispersible tablet - FDC,"Cipla, Goa, India",84435,60,2196,7905.6,3.6,0.06,8.13,192,2232.42,TRUE,1/31/15,12/24/14,,
104-CI-T30,FPQ-13628,SO-47881,DN-4063,Côte d'Ivoire,PMO - US,From RDC,N/A - From RDC,Truck,ARV,Adult,SCMS from RDC,"Efavirenz/Lamivudine/Tenofovir Disoproxil Fumarate 600/300/300mg, tablets, 30 Tabs",Efavirenz/Lamivudine/Tenofovir Disoproxil Fumarate,Generic,600/300/300mg,Tablet - FDC,Hetero Unit III Hyderabad IN,84437,30,32884,320947.84,9.76,0.33,329.93,4114,9264.13,TRUE,1/30/15,1/19/15,,
106-HT-T30,FPQ-15610,SO-50590,DN-4090,Haiti,PMO - US,From RDC,N/A - From RDC,Air,ARV,Adult,SCMS from RDC,"Lopinavir/Ritonavir 200/50mg [Aluvia], tablets, 120 Tabs",Lopinavir/Ritonavir,Aluvia,200/50mg,Tablet,ABBVIE Ludwigshafen Germany,84441,120,2000,37800,18.9,0.16,44.49,457,5413.7,TRUE,1/30/15,2/13/15,,
111-MZ-T30,FPQ-14843,SO-49710,DN-4096,Mozambique,PMO - US,From RDC,N/A - From RDC,Truck,ARV,Adult,SCMS from RDC,"Efavirenz/Lamivudine/Tenofovir Disoproxil Fumarate 600/300/300mg, tablets, 30 Tabs",Efavirenz/Lamivudine/Tenofovir Disoproxil Fumarate,Generic,600/300/300mg,Tablet - FDC,"Aurobindo Unit VII, IN",84442,30,438409,4278872,9.76,0.33,4398.68,,,FALSE,2/28/15,3/13/15,,
151-NG-T30,FPQ-14156,SO-48893,DN-4098,Nigeria,PMO - US,From RDC,N/A - From RDC,Air Charter,ARV,Adult,SCMS from RDC,"Lamivudine/Nevirapine/Zidovudine 150/200/300mg, tablets, 60 Tabs",Lamivudine/Nevirapine/Zidovudine,Generic,150/300/200mg,Tablet - FDC,Mylan (formerly Matrix) Nashik,84443,60,335999,2593912.2,7.72,0.13,2666.54,47693,116593,TRUE,1/30/15,1/14/15,,
151-NG-T30,FPQ-14156,SO-48893,DN-4098,Nigeria,PMO - US,From RDC,N/A - From RDC,Air Charter,ARV,Adult,SCMS from RDC,"Lamivudine/Nevirapine/Zidovudine 150/200/300mg, tablets, 60 Tabs",Lamivudine/Nevirapine/Zidovudine,Generic,150/300/200mg,Tablet - FDC,"Cipla, Goa, India",84444,60,1,7.72,7.72,0.13,0.01,,,FALSE,1/30/15,1/14/15,,
114-UG-T30,FPQ-15638,SO-50630,DN-4109,Uganda,PMO - US,From RDC,N/A - From RDC,Air,ARV,Adult,SCMS from RDC,"Nevirapine 200mg, tablets, 60 Tabs",Nevirapine,Generic,200mg,Tablet,"Aurobindo Unit III, India",84445,60,74896,163273.28,2.18,0.04,192.17,7183,41735,TRUE,2/17/15,2/9/15,,
110-ZM-T30,FPQ-14784,SO-49580,DN-4110,Zambia,PMO - US,From RDC,N/A - From RDC,Truck,ARV,Pediatric,SCMS from RDC,"Lamivudine/Zidovudine 30/60mg, dispersible tablets, 60 Tabs",Lamivudine/Zidovudine,Generic,30/60mg,Chewable/dispersible tablet - FDC,"Mylan,  H-12 & H-13, India",84446,60,4000,7960,1.99,0.03,8.18,312,274.51,TRUE,2/28/15,2/19/15,,
110-ZM-T30,FPQ-14784,SO-49630,DN-4111,Zambia,PMO - US,From RDC,N/A - From RDC,Truck,ARV,Adult,SCMS from RDC,"Efavirenz 600mg, tablets, 30 Tabs",Efavirenz,Generic,600mg,Tablet,"Micro labs, Verna, Goa, India",84447,30,65000,208650,3.21,0.11,214.49,,,FALSE,3/31/15,2/19/15,,
113-ZW-T30,FPQ-14458,SO-49170,DN-4112,Zimbabwe,PMO - US,From RDC,N/A - From RDC,Truck,ARV,Adult,SCMS from RDC,"Efavirenz/Lamivudine/Tenofovir Disoproxil Fumarate 600/300/300mg, tablets, 30 Tabs",Efavirenz/Lamivudine/Tenofovir Disoproxil Fumarate,Generic,600/300/300mg,Tablet - FDC,Hetero Unit III Hyderabad IN,84448,30,400000,3904000,9.76,0.33,4013.31,75284,77960.08,TRUE,3/6/15,2/6/15,,
110-ZM-T30,FPQ-14575,SO-49282,DN-4117,Zambia,PMO - US,From RDC,N/A - From RDC,Truck,ARV,Adult,SCMS from RDC,"Lamivudine/Zidovudine 150/300mg, tablets, 60 Tabs",Lamivudine/Zidovudine,Generic,150/300mg,Tablet - FDC,Hetero Unit III Hyderabad IN,84449,60,71377,465378.03,6.52,0.11,478.41,11342,15715.08,TRUE,2/27/15,2/19/15,,
104-CI-T30,FPQ-14370,SO-49080,DN-4137,Côte d'Ivoire,PMO - US,From RDC,N/A - From RDC,Truck,ARV,Adult,SCMS from RDC,"Lamivudine/Zidovudine 150/300mg, tablets, 60 Tabs",Lamivudine/Zidovudine,Generic,150/300mg,Tablet - FDC,"Aurobindo Unit III, India",84450,60,5,32.6,6.52,0.11,0.03,1683,6443.5,TRUE,2/27/15,3/11/15,,
107-RW-T30,FPQ-15632,SO-50730,DN-4141,Rwanda,PMO - US,From RDC,N/A - From RDC,Air,ARV,Pediatric,SCMS from RDC,"Lamivudine/Nevirapine/Zidovudine 30/50/60mg, dispersible tablets, 60 Tabs",Lamivudine/Nevirapine/Zidovudine,Generic,30/50/60mg,Chewable/dispersible tablet - FDC,Mylan (formerly Matrix) Nashik,84451,60,10000,36000,3.6,0.06,42.37,558,3989.81,TRUE,3/10/15,3/27/15,,
110-ZM-T30,FPQ-14575,SO-49280,DN-4154,Zambia,PMO - US,From RDC,N/A - From RDC,Truck,ARV,Adult,SCMS from RDC,"Lamivudine/Zidovudine 150/300mg, tablets, 60 Tabs",Lamivudine/Zidovudine,Generic,150/300mg,Tablet - FDC,"Hetero, Jadcherla, unit 5, IN",84454,60,54000,352080,6.52,0.11,361.94,28276,46157.86,TRUE,2/27/15,3/25/15,,
102-ZW-T30,FPQ-15196,SO-50000,DN-4156,Zimbabwe,PMO - US,From RDC,N/A - From RDC,Truck,ARV,Adult,SCMS from RDC,"Efavirenz/Lamivudine/Tenofovir Disoproxil Fumarate 600/300/300mg, tablets, 30 Tabs",Efavirenz/Lamivudine/Tenofovir Disoproxil Fumarate,Generic,600/300/300mg,Tablet - FDC,Mylan (formerly Matrix) Nashik,84455,30,94661,908745.6,9.6,0.32,1069.59,,,FALSE,4/30/15,3/17/15,,
103-ZW-T30,FPQ-13967,SO-48420,DN-4159,Zimbabwe,PMO - US,From RDC,N/A - From RDC,Truck,ARV,Pediatric,SCMS from RDC,"Abacavir/Lamivudine 60/30mg, tablets, 60 Tabs",Abacavir/Lamivudine,Generic,60/30mg,Tablet - FDC,"Aurobindo Unit III, India",84456,60,6180,24411,3.95,0.07,25.09,,,FALSE,3/31/15,3/17/15,,
102-BI-T30,FPQ-15406,SO-50280,DN-4178,Burundi,PMO - US,From RDC,N/A - From RDC,Air,ARV,Adult,SCMS from RDC,"Efavirenz/Lamivudine/Tenofovir Disoproxil Fumarate 600/300/300mg, tablets, 30 Tabs",Efavirenz/Lamivudine/Tenofovir Disoproxil Fumarate,Generic,600/300/300mg,Tablet - FDC,Mylan (formerly Matrix) Nashik,84460,30,7380,73726.2,9.99,0.33,86.78,1115,7006.47,TRUE,5/29/15,3/25/15,,
151-NG-T30,FPQ-14766,SO-51090,DN-4190,Nigeria,PMO - US,From RDC,N/A - From RDC,Air Charter,ARV,Adult,SCMS from RDC,"Efavirenz/Lamivudine/Tenofovir Disoproxil Fumarate 600/300/300mg, tablets, 30 Tabs",Efavirenz/Lamivudine/Tenofovir Disoproxil Fumarate,Generic,600/300/300mg,Tablet - FDC,"Aurobindo Unit VII, IN",84461,30,84991,815913.6,9.6,0.32,838.76,38799,65310.33,TRUE,4/30/15,3/18/15,,
114-UG-T30,FPQ-15294,SO-50050,DN-4218,Uganda,PMO - US,From RDC,N/A - From RDC,Truck,ARV,Pediatric,SCMS from RDC,"Lamivudine/Zidovudine 30/60mg, dispersible tablets, 60 Tabs",Lamivudine/Zidovudine,Generic,30/60mg,Chewable/dispersible tablet - FDC,"Mylan,  H-12 & H-13, India",84465,60,8193,15730.56,1.92,0.03,18.51,,,FALSE,6/15/15,5/14/15,,
111-MZ-T30,FPQ-15229,SO-50490,DN-4247,Mozambique,PMO - US,From RDC,N/A - From RDC,Truck,ARV,Adult,SCMS from RDC,"Abacavir/Lamivudine 600/300mg, tablets, 30 Tabs",Abacavir/Lamivudine,Generic,600/300mg,Tablet - FDC,Mylan (formerly Matrix) Nashik,84466,30,5000,67450,13.49,0.45,79.39,517,708.23,TRUE,6/30/15,6/9/15,,
104-CI-T30,FPQ-15259,SO-50100,DN-4255,Côte d'Ivoire,PMO - US,From RDC,N/A - From RDC,Truck,ARV,Adult,SCMS from RDC,"Lamivudine/Nevirapine/Zidovudine 150/200/300mg, tablets, 60 Tabs",Lamivudine/Nevirapine/Zidovudine,Generic,150/300/200mg,Tablet - FDC,Hetero Unit III Hyderabad IN,84467,60,1963,15154.36,7.72,0.13,17.84,,,FALSE,6/19/15,6/8/15,,
110-ZM-T30,FPQ-14784,SO-49622,DN-4257,Zambia,PMO - US,From RDC,N/A - From RDC,Truck,ARV,Adult,SCMS from RDC,"Efavirenz/Lamivudine/Tenofovir Disoproxil Fumarate 600/300/300mg, tablets, 30 Tabs",Efavirenz/Lamivudine/Tenofovir Disoproxil Fumarate,Generic,600/300/300mg,Tablet - FDC,Hetero Unit III Hyderabad IN,84468,30,43000,412800,9.6,0.32,424.36,68951,80039.1,TRUE,5/29/15,5/15/15,,
151-NG-T30,FPQ-14989,SO-49936,DN-4261,Nigeria,PMO - US,From RDC,N/A - From RDC,Air Charter,ARV,Adult,SCMS from RDC,"Efavirenz/Lamivudine/Tenofovir Disoproxil Fumarate 600/300/300mg, tablets, 30 Tabs",Efavirenz/Lamivudine/Tenofovir Disoproxil Fumarate,Generic,600/300/300mg,Tablet - FDC,Hetero Unit III Hyderabad IN,84469,30,290000,2784000,9.6,0.32,2861.95,37449,69097.98,TRUE,6/30/15,4/29/15,,
111-MZ-T30,FPQ-15195,SO-50123,DN-4264,Mozambique,PMO - US,From RDC,N/A - From RDC,Truck,ARV,Adult,SCMS from RDC,"Lamivudine/Tenofovir Disoproxil Fumarate 300/300mg, tablets, 30 Tabs",Lamivudine/Tenofovir Disoproxil Fumarate,Generic,300/300mg,Tablet - FDC,Hetero Unit III Hyderabad IN,84470,30,5763,26625.06,4.62,0.15,31.34,599,3610,TRUE,6/30/15,6/22/15,,
151-NG-T30,FPQ-14989,SO-49939,DN-4269,Nigeria,PMO - US,From RDC,N/A - From RDC,Air Charter,ARV,Adult,SCMS from RDC,"Lopinavir/Ritonavir 200/50mg [Aluvia], tablets, 120 Tabs",Lopinavir/Ritonavir,Aluvia,200/50mg,Tablet,ABBVIE Ludwigshafen Germany,84471,120,19100,360990,18.9,0.16,371.1,4710,8228.24,TRUE,6/30/15,4/28/15,,
151-NG-T30,FPQ-14989,SO-51422,DN-4274,Nigeria,PMO - US,From RDC,N/A - From RDC,Air Charter,ARV,Pediatric,SCMS from RDC,"Lamivudine/Nevirapine/Zidovudine 30/50/60mg, dispersible tablets, 60 Tabs",Lamivudine/Nevirapine/Zidovudine,Generic,30/50/60mg,Chewable/dispersible tablet - FDC,"Strides, Bangalore, India.",84472,60,112000,403200,3.6,0.06,414.49,6295,16941,TRUE,6/30/15,5/15/15,,
151-NG-T30,FPQ-14989,SO-51425,DN-4278,Nigeria,PMO - US,From RDC,N/A - From RDC,Air Charter,ARV,Adult,SCMS from RDC,"Zidovudine 300mg, tablets, 60 Tabs",Zidovudine,Generic,300mg,Tablet,"Aurobindo Unit III, India",84473,60,1220,6502.6,5.33,0.09,6.68,,,FALSE,6/30/15,5/15/15,,
151-NG-T30,FPQ-14989,SO-51426,DN-4280,Nigeria,PMO - US,From RDC,N/A - From RDC,Air Charter,ARV,Adult,SCMS from RDC,"Lamivudine/Nevirapine/Zidovudine 150/200/300mg, tablets, 60 Tabs",Lamivudine/Nevirapine/Zidovudine,Generic,150/300/200mg,Tablet - FDC,"Cipla, Goa, India",84474,60,14000,108080,7.72,0.13,111.11,1983,4065,TRUE,6/30/15,5/15/15,,
101-CD-T30,FPQ-16158,SO-51260,DN-4283,"Congo, DRC",PMO - US,From RDC,N/A - From RDC,Air,ARV,Adult,SCMS from RDC,"Lamivudine/Nevirapine/Zidovudine 150/200/300mg, tablets, 60 Tabs",Lamivudine/Nevirapine/Zidovudine,Generic,150/300/200mg,Tablet - FDC,Hetero Unit III Hyderabad IN,84475,60,14329,110619.88,7.72,0.13,130.2,,,FALSE,7/8/15,8/7/15,,
151-NG-T30,FPQ-14989,SO-51427,DN-4290,Nigeria,PMO - US,From RDC,N/A - From RDC,Air Charter,ARV,Adult,SCMS from RDC,"Lamivudine/Nevirapine/Zidovudine 150/200/300mg, tablets, 60 Tabs",Lamivudine/Nevirapine/Zidovudine,Generic,150/300/200mg,Tablet - FDC,"Hetero, Jadcherla, unit 5, IN",84476,60,46695,360485.4,7.72,0.13,370.58,,,FALSE,6/30/15,6/2/15,,
107-RW-T30,FPQ-15622,SO-50700,DN-4299,Rwanda,PMO - US,From RDC,N/A - From RDC,Truck,ARV,Adult,SCMS from RDC,"Lamivudine/Zidovudine 150/300mg, tablets, 60 Tabs",Lamivudine/Zidovudine,Generic,150/300mg,Tablet - FDC,Hetero Unit III Hyderabad IN,84477,60,34858,227274.16,6.52,0.11,267.5,3094,,TRUE,6/30/15,6/17/15,,
104-CI-T30,FPQ-15259,SO-50102,DN-4313,Côte d'Ivoire,PMO - US,From RDC,N/A - From RDC,Truck,ARV,Adult,SCMS from RDC,"Lamivudine/Zidovudine 150/300mg, tablets, 60 Tabs",Lamivudine/Zidovudine,Generic,150/300mg,Tablet - FDC,"Aurobindo Unit III, India",84479,60,18928,123410.56,6.52,0.11,145.25,,,FALSE,7/31/15,8/6/15,,
110-ZM-T30,FPQ-14784,SO-49600,DN-4316,Zambia,PMO - US,From RDC,N/A - From RDC,Truck,ARV,Adult,SCMS from RDC,"Efavirenz/Lamivudine/Tenofovir Disoproxil Fumarate 600/300/300mg, tablets, 30 Tabs",Efavirenz/Lamivudine/Tenofovir Disoproxil Fumarate,Generic,600/300/300mg,Tablet - FDC,"Aurobindo Unit VII, IN",84480,30,51335,512836.66,9.99,0.33,527.2,85128,,TRUE,8/31/15,8/25/15,,
110-ZM-T30,FPQ-14784,SO-49610,DN-4328,Zambia,PMO - US,From RDC,N/A - From RDC,Truck,ARV,Adult,SCMS from RDC,"Abacavir 300mg, tablets, 60 Tabs",Abacavir,Generic,300mg,Tablet,Mylan (formerly Matrix) Nashik,84481,60,80901,897192.06,11.09,0.18,922.31,,,FALSE,8/17/15,8/25/15,,
154-NG-T30,FPQ-3815,SO-32270,DN-1311,Nigeria,PMO - US,From RDC,N/A - From RDC,Air Charter,ARV,Adult,SCMS from RDC,"Zidovudine 300mg, tablets, 60 Tabs",Zidovudine,Generic,300mg,Tablet,"Aurobindo Unit III, India",84497,60,98,737.94,7.53,0.13,1.45,,,FALSE,7/30/09,8/4/09,,
154-NG-T30,FPQ-3815,SO-32273,DN-1333,Nigeria,PMO - US,From RDC,N/A - From RDC,Air,ARV,Adult,SCMS from RDC,"Lamivudine/Zidovudine 150/300mg, tablets, 60 Tabs",Lamivudine/Zidovudine,Generic,150/300mg,Tablet - FDC,"Aurobindo Unit III, India",84498,60,316,2768.16,8.76,0.15,5.43,,,FALSE,9/17/09,9/14/09,,
154-NG-T30,FPQ-3815,SO-32273,DN-1333,Nigeria,PMO - US,From RDC,N/A - From RDC,Air,ARV,Adult,SCMS from RDC,"Lamivudine/Nevirapine/Stavudine 150/200/30mg, tablets, 60 Tabs",Lamivudine/Nevirapine/Stavudine,Generic,150/200/30mg,Tablet - FDC,"Strides, Bangalore, India.",84499,60,45,315,7,0.12,0.62,,,FALSE,9/17/09,9/14/09,,
154-NG-T30,FPQ-3815,SO-32272,DN-1360,Nigeria,PMO - US,From RDC,N/A - From RDC,Air Charter,ARV,Pediatric,SCMS from RDC,"Efavirenz 200mg, capsule, 90 Caps",Efavirenz,Generic,200mg,Capsule,"Aurobindo Unit III, India",84500,90,15,190.95,12.73,0.14,0.37,,,FALSE,8/31/09,8/4/09,,
112-NG-T30,FPQ-4040,SO-32980,DN-1456,Nigeria,PMO - US,From RDC,N/A - From RDC,Air Charter,ARV,Pediatric,SCMS from RDC,"Efavirenz 200mg, capsule, 90 Caps",Efavirenz,Generic,200mg,Capsule,"Aurobindo Unit III, India",84501,90,200,2424,12.12,0.13,4.75,,,FALSE,10/15/09,10/20/09,,
104-CI-T30,FPQ-4187,SO-33660,DN-1477,Côte d'Ivoire,PMO - US,From RDC,N/A - From RDC,Air,ARV,Adult,SCMS from RDC,"Nevirapine 200mg, tablets, 60 Tabs",Nevirapine,Generic,200mg,Tablet,"Aurobindo Unit III, India",84502,60,7400,21460,2.9,0.05,42.06,714,2336.26,TRUE,10/23/09,10/16/09,,
114-UG-T30,FPQ-4475,SO-34160,DN-1506,Uganda,PMO - US,From RDC,N/A - From RDC,Air,ARV,Adult,SCMS from RDC,"Lamivudine/Zidovudine 150/300mg, tablets, 60 Tabs",Lamivudine/Zidovudine,Generic,150/300mg,Tablet - FDC,"Aurobindo Unit III, India",84503,60,300,2628,8.76,0.15,5.15,,,FALSE,11/20/09,11/10/09,,
105-GY-T30,FPQ-4438,SO-34480,DN-1505,Guyana,PMO - US,From RDC,N/A - From RDC,Air,ARV,Adult,SCMS from RDC,"Efavirenz 600mg, tablets, 30 Tabs",Efavirenz,Generic,600mg,Tablet,"Aurobindo Unit III, India",84504,30,4737,27379.86,5.78,0.19,59.03,427,6061.01,TRUE,11/23/09,11/3/09,,
105-GY-T30,FPQ-4438,SO-34480,DN-1505,Guyana,PMO - US,From RDC,N/A - From RDC,Air,ARV,Adult,SCMS from RDC,"Lamivudine 150mg, tablets, 60 Tabs",Lamivudine,Generic,150mg,Tablet,"Aurobindo Unit III, India",84505,60,455,1110.2,2.44,0.04,2.39,,,FALSE,11/23/09,11/3/09,,
104-CI-T30,FPQ-3964,SO-33040,DN-1510,Côte d'Ivoire,PMO - US,From RDC,N/A - From RDC,Air,ARV,Adult,SCMS from RDC,"Lamivudine/Nevirapine/Stavudine 150/200/30mg, tablets, 60 Tabs",Lamivudine/Nevirapine/Stavudine,Generic,150/200/30mg,Tablet - FDC,"Strides, Bangalore, India.",84506,60,19937,139559,7,0.12,273.54,5340,5028.04,TRUE,12/1/09,11/5/09,,
123-NG-T30,FPQ-4395,SO-32971,DN-1519,Nigeria,PMO - US,From RDC,N/A - From RDC,Air Charter,ARV,Adult,SCMS from RDC,"Efavirenz 600mg, tablets, 30 Tabs",Efavirenz,Generic,600mg,Tablet,"Aurobindo Unit III, India",84507,30,77386,447291.1,5.78,0.19,876.69,,,FALSE,12/18/09,12/18/09,,
114-UG-T30,FPQ-4275,SO-33980,DN-1517,Uganda,PMO - US,From RDC,N/A - From RDC,Air,ARV,Adult,SCMS from RDC,"Nevirapine 200mg, tablets, 60 Tabs",Nevirapine,Generic,200mg,Tablet,"Aurobindo Unit III, India",84508,60,10453,30313.7,2.9,0.05,59.41,1001,3228.26,TRUE,11/27/09,12/2/09,,
106-HT-T30,FPQ-4469,SO-34240,DN-1530,Haiti,PMO - US,From RDC,N/A - From RDC,Air,ARV,Adult,SCMS from RDC,"Stavudine 15mg, capsules, 60 Caps",Stavudine,Generic,15mg,Capsule,"Aurobindo Unit III, India",84509,60,108,162,1.5,0.02,0.35,,,FALSE,11/30/09,11/30/09,,
104-CI-T30,FPQ-4187,SO-33491,DN-1535,Côte d'Ivoire,PMO - US,From RDC,N/A - From RDC,Air,ARV,Adult,SCMS from RDC,"Lamivudine 150mg, tablets, 60 Tabs",Lamivudine,Generic,150mg,Tablet,"Aurobindo Unit III, India",84510,60,1833,4472.52,2.44,0.04,8.77,88,1211.48,TRUE,12/4/09,12/2/09,,
104-CI-T30,FPQ-4378,SO-34411,DN-1545,Côte d'Ivoire,PMO - US,From RDC,N/A - From RDC,Air,ARV,Pediatric,SCMS from RDC,"Zidovudine 100mg, capsules, 100 Caps",Zidovudine,Generic,100mg,Capsule,"Aurobindo Unit III, India",84511,100,284,1420,5,0.05,2.78,22,1211.49,TRUE,12/4/09,12/2/09,,
114-UG-T30,FPQ-4454,SO-34280,DN-1540,Uganda,PMO - US,From RDC,N/A - From RDC,Air,ARV,Adult,SCMS from RDC,"Nevirapine 200mg, tablets, 60 Tabs",Nevirapine,Generic,200mg,Tablet,"Aurobindo Unit III, India",84512,60,1300,3770,2.9,0.05,7.39,125,2697.65,TRUE,12/7/09,12/2/09,,
104-CI-T30,FPQ-3964,SO-34750,DN-1547,Côte d'Ivoire,PMO - US,From RDC,N/A - From RDC,Air,ARV,Adult,SCMS from RDC,"Efavirenz 600mg, tablets, 30 Tabs",Efavirenz,Generic,600mg,Tablet,"Aurobindo Unit III, India",84513,30,8660,50054.8,5.78,0.19,98.11,742,1211.49,TRUE,12/10/09,12/2/09,,
113-ZW-T30,FPQ-4472,SO-27200,DN-1554,Zimbabwe,PMO - US,From RDC,N/A - From RDC,Truck,ARV,Adult,SCMS from RDC,"Lamivudine/Nevirapine/Stavudine 150/200/30mg, tablets, 60 Tabs",Lamivudine/Nevirapine/Stavudine,Generic,150/200/30mg,Tablet - FDC,"Cipla, Goa, India",84514,60,76000,506160,6.66,0.11,992.07,8280,15328.58,TRUE,12/18/09,12/7/09,,
151-NG-T30,FPQ-4105,SO-33142,DN-1563,Nigeria,PMO - US,From RDC,N/A - From RDC,Air Charter,ARV,Adult,SCMS from RDC,"Lamivudine/Nevirapine/Zidovudine 150/200/300mg, tablets, 60 Tabs",Lamivudine/Nevirapine/Zidovudine,Generic,150/300/200mg,Tablet - FDC,"Aurobindo Unit III, India",84515,60,11242,127596.7,11.35,0.19,250.09,1261,11637.64,TRUE,12/18/09,12/18/09,,
106-HT-T30,FPQ-4384,SO-34670,DN-1559,Haiti,PMO - US,From RDC,N/A - From RDC,Air,ARV,Adult,SCMS from RDC,"Stavudine 20mg, capsules, 60 Caps",Stavudine,Generic,20mg,Capsule,"Aurobindo Unit III, India",84516,60,252,420.84,1.67,0.03,0.91,,,FALSE,12/9/09,12/1/09,,
106-HT-T30,FPQ-4384,SO-34670,DN-1559,Haiti,PMO - US,From RDC,N/A - From RDC,Air,ARV,Adult,SCMS from RDC,"Stavudine 20mg, capsules, 60 Caps",Stavudine,Generic,20mg,Capsule,"Aurobindo Unit III, India",84517,60,230,384.1,1.67,0.03,0.83,,,FALSE,12/9/09,12/1/09,,
151-NG-T30,FPQ-4105,SO-33143,DN-1564,Nigeria,PMO - US,From RDC,N/A - From RDC,Air Charter,ARV,Adult,SCMS from RDC,"Emtricitabine/Tenofovir Disoproxil Fumarate 200/300mg, tablets, 30 Tabs",Emtricitabine/Tenofovir Disoproxil Fumarate,Generic,200/300mg,Tablet - FDC,Mylan (formerly Matrix) Nashik,84518,30,63732,748851,11.75,0.39,1467.75,5144,11637.64,TRUE,12/18/09,12/18/09,,
151-NG-T30,FPQ-4105,SO-33144,DN-1569,Nigeria,PMO - US,From RDC,N/A - From RDC,Air Charter,ARV,Adult,SCMS from RDC,"Lamivudine/Tenofovir Disoproxil Fumarate 300/300mg, tablets, 30 Tabs",Lamivudine/Tenofovir Disoproxil Fumarate,Generic,300/300mg,Tablet - FDC,Mylan (formerly Matrix) Nashik,84519,30,50040,500400,10,0.33,980.78,4161,11637.64,TRUE,12/18/09,12/18/09,,
106-HT-T30,FPQ-4384,SO-34880,DN-1575,Haiti,PMO - US,From RDC,N/A - From RDC,Air,ARV,Adult,SCMS from RDC,"Abacavir 300mg, tablets, 60 Tabs",Abacavir,Generic,300mg,Tablet,"Aurobindo Unit III, India",84520,60,315,6747.3,21.42,0.36,14.55,1045,750.9,TRUE,12/9/09,12/5/09,,
110-ZM-T30,FPQ-4481,SO-34180,DN-1578,Zambia,PMO - US,From RDC,N/A - From RDC,Truck,ARV,Adult,SCMS from RDC,"Lamivudine/Zidovudine 150/300mg, tablets, 60 Tabs",Lamivudine/Zidovudine,Generic,150/300mg,Tablet - FDC,"Aurobindo Unit III, India",84521,60,36760,322017.6,8.76,0.15,631.15,3294,9942.26,TRUE,1/15/10,12/8/09,,
110-ZM-T30,FPQ-4035,SO-34930,DN-1583,Zambia,PMO - US,From RDC,N/A - From RDC,Truck,ARV,Adult,SCMS from RDC,"Nevirapine 200mg, tablets, 60 Tabs",Nevirapine,Generic,200mg,Tablet,"Cipla, Goa, India",84522,60,80000,232000,2.9,0.05,454.72,8756,13844.72,TRUE,1/15/10,12/14/09,,
106-HT-T30,FPQ-4384,SO-34700,DN-1609,Haiti,PMO - US,From RDC,N/A - From RDC,Air,ARV,Adult,SCMS from RDC,"Zidovudine 300mg, tablets, 60 Tabs",Zidovudine,Generic,300mg,Tablet,"Aurobindo Unit III, India",84523,60,120,903.6,7.53,0.13,1.95,,,FALSE,1/18/10,1/27/10,,
105-GY-T30,FPQ-4915,SO-35700,DN-1637,Guyana,PMO - US,From RDC,N/A - From RDC,Air,ARV,Adult,SCMS from RDC,"Nevirapine 200mg, tablets, 60 Tabs",Nevirapine,Generic,200mg,Tablet,"Aurobindo Unit III, India",84524,60,2475,6756.75,2.73,0.05,14.57,347,4293.82,TRUE,2/26/10,2/9/10,,
105-GY-T30,FPQ-4915,SO-35700,DN-1637,Guyana,PMO - US,From RDC,N/A - From RDC,Air,ARV,Adult,SCMS from RDC,"Zidovudine 300mg, tablets, 60 Tabs",Zidovudine,Generic,300mg,Tablet,"Aurobindo Unit III, India",84525,60,1063,8004.39,7.53,0.13,17.26,,,FALSE,2/26/10,2/9/10,,
114-UG-T30,FPQ-4275,SO-35610,DN-1638,Uganda,PMO - US,From RDC,N/A - From RDC,Truck,ARV,Adult,SCMS from RDC,"Lamivudine/Nevirapine/Zidovudine 150/200/300mg, tablets, 60 Tabs",Lamivudine/Nevirapine/Zidovudine,Generic,150/300/200mg,Tablet - FDC,"Aurobindo Unit III, India",84526,60,29,325.38,11.22,0.19,0.64,5134,9348,TRUE,2/25/10,2/18/10,,
104-CI-T30,FPQ-4393,SO-34490,DN-1653,Côte d'Ivoire,PMO - US,From RDC,N/A - From RDC,Air,ARV,Adult,SCMS from RDC,"Emtricitabine/Tenofovir Disoproxil Fumarate 200/300mg [Truvada], tablets, 30 Tabs",Emtricitabine/Tenofovir Disoproxil Fumarate,Truvada,300/200mg,Tablet - FDC,"Aspen-OSD, Port Elizabeth, SA",84527,30,3120,81900,26.25,0.88,176.58,275,1949.42,TRUE,3/9/10,3/2/10,,
104-CI-T30,FPQ-4378,SO-34410,DN-1662,Côte d'Ivoire,PMO - US,From RDC,N/A - From RDC,Air,ARV,Pediatric,SCMS from RDC,"Zidovudine 100mg, capsules, 100 Caps",Zidovudine,Generic,100mg,Capsule,"Aurobindo Unit III, India",84528,100,2152,10760,5,0.05,21.09,,,FALSE,3/9/10,3/1/10,,
106-HT-T30,FPQ-4384,SO-35430,DN-1665,Haiti,PMO - US,From RDC,N/A - From RDC,Air,ARV,Pediatric,SCMS from RDC,"Nevirapine 10mg/ml, oral suspension, Bottle, 240 ml",Nevirapine,Generic,10mg/ml,Oral suspension,"Aurobindo Unit III, India",84529,240,1069,2052.48,1.92,0.01,4.43,396,6036.96,TRUE,3/24/10,3/3/10,,
104-CI-T30,FPQ-4378,SO-34410,DN-1662,Côte d'Ivoire,PMO - US,From RDC,N/A - From RDC,Air,ARV,Pediatric,SCMS from RDC,"Efavirenz 50mg, capsule, 30 Caps",Efavirenz,Generic,50mg,Capsule,"Aurobindo Unit III, India",84530,30,1596,3575.04,2.24,0.07,7.01,,,FALSE,3/9/10,3/1/10,,
104-CI-T30,FPQ-4378,SO-34410,DN-1662,Côte d'Ivoire,PMO - US,From RDC,N/A - From RDC,Air,ARV,Adult,SCMS from RDC,"Lamivudine/Zidovudine 150/300mg, tablets, 60 Tabs",Lamivudine/Zidovudine,Generic,150/300mg,Tablet - FDC,Mylan (formerly Matrix) Nashik,84531,60,6584,57675.84,8.76,0.15,113.04,,,FALSE,3/9/10,3/1/10,,
104-CI-T30,FPQ-4378,SO-34410,DN-1662,Côte d'Ivoire,PMO - US,From RDC,N/A - From RDC,Air,ARV,Pediatric,SCMS from RDC,"Nevirapine 10mg/ml, oral suspension, Bottle, 240 ml",Nevirapine,Generic,10mg/ml,Oral suspension,"Aurobindo Unit III, India",84532,240,1431,2747.52,1.92,0.01,5.39,,,FALSE,3/9/10,3/1/10,,
106-HT-T30,FPQ-4384,SO-35920,DN-1667,Haiti,PMO - US,From RDC,N/A - From RDC,Air,ARV,Pediatric,SCMS from RDC,"Abacavir 20mg/ml, oral solution, Bottle, 240 ml",Abacavir,Generic,20mg/ml,Oral solution,"Aurobindo Unit III, India",84533,240,288,3916.8,13.6,0.06,8.44,,,FALSE,3/10/10,3/3/10,,
106-HT-T30,FPQ-4384,SO-35930,DN-1668,Haiti,PMO - US,From RDC,N/A - From RDC,Air,ARV,Adult,SCMS from RDC,"Stavudine 30mg, capsules, 60 Caps",Stavudine,Generic,30mg,Capsule,"Strides, Bangalore, India.",84534,60,7056,10301.76,1.46,0.02,22.21,,,FALSE,4/7/10,3/3/10,,
104-CI-T30,FPQ-4378,SO-34451,DN-1670,Côte d'Ivoire,PMO - US,From RDC,N/A - From RDC,Air,ARV,Pediatric,SCMS from RDC,"Lamivudine 10mg/ml, oral solution, Bottle, 240 ml",Lamivudine,Generic,10mg/ml,Oral solution,"Cipla, Goa, India",84535,240,2345,4455.5,1.9,0.01,8.73,,,FALSE,3/16/10,3/10/10,,
106-HT-T30,FPQ-4469,SO-35480,DN-1672,Haiti,PMO - US,From RDC,N/A - From RDC,Air,ARV,Pediatric,SCMS from RDC,"Lamivudine 10mg/ml, oral solution, Bottle, 240 ml",Lamivudine,Generic,10mg/ml,Oral solution,"Cipla, Goa, India",84536,240,1628,3093.2,1.9,0.01,6.67,622,13122.39,TRUE,3/16/10,3/15/10,,
151-NG-T30,FPQ-4537,SO-35072,DN-1688,Nigeria,PMO - US,From RDC,N/A - From RDC,Air Charter,ARV,Adult,SCMS from RDC,"Emtricitabine/Tenofovir Disoproxil Fumarate 200/300mg, tablets, 30 Tabs",Emtricitabine/Tenofovir Disoproxil Fumarate,Generic,200/300mg,Tablet - FDC,Mylan (formerly Matrix) Nashik,84537,30,578,6791.5,11.75,0.39,14.64,47,,TRUE,4/19/10,3/31/10,,
151-NG-T30,FPQ-4537,SO-35040,DN-1700,Nigeria,PMO - US,From RDC,N/A - From RDC,Air Charter,ARV,Adult,SCMS from RDC,"Lamivudine/Nevirapine/Stavudine 150/200/30mg, tablets, 60 Tabs",Lamivudine/Nevirapine/Stavudine,Generic,150/200/30mg,Tablet - FDC,"Strides, Bangalore, India.",84538,60,1500,9165,6.11,0.1,19.76,113,,TRUE,4/19/10,3/31/10,,
151-NG-T30,FPQ-4537,SO-35041,DN-1701,Nigeria,PMO - US,From RDC,N/A - From RDC,Air Charter,ARV,Adult,SCMS from RDC,"Lamivudine/Nevirapine/Stavudine 150/200/30mg, tablets, 60 Tabs",Lamivudine/Nevirapine/Stavudine,Generic,150/200/30mg,Tablet - FDC,"Strides, Bangalore, India.",84539,60,20,122.2,6.11,0.1,0.26,2,,TRUE,4/19/10,3/31/10,,
151-NG-T30,FPQ-4537,SO-35063,DN-1724,Nigeria,PMO - US,From RDC,N/A - From RDC,Air Charter,ARV,Adult,SCMS from RDC,"Lamivudine/Nevirapine/Zidovudine 150/200/300mg, tablets, 60 Tabs",Lamivudine/Nevirapine/Zidovudine,Generic,150/300/200mg,Tablet - FDC,"Aurobindo Unit III, India",84540,60,20000,224400,11.22,0.19,483.81,2347,9736.1,TRUE,4/19/10,5/18/10,,
151-NG-T30,FPQ-4537,SO-35094,DN-1748,Nigeria,PMO - US,From RDC,N/A - From RDC,Air Charter,ARV,Adult,SCMS from RDC,"Zidovudine 300mg, tablets, 60 Tabs",Zidovudine,Generic,300mg,Tablet,Mylan (formerly Matrix) Nashik,84542,60,270,2025,7.5,0.12,4.37,15,,TRUE,4/19/10,3/30/10,,
114-UG-T30,FPQ-4495,SO-34950,DN-1750,Uganda,PMO - US,From RDC,N/A - From RDC,Truck,ARV,Adult,SCMS from RDC,"Efavirenz 600mg, tablets, 30 Tabs",Efavirenz,Generic,600mg,Tablet,Mylan (formerly Matrix) Nashik,84543,30,4200,21546,5.13,0.17,46.45,238,2021.53,TRUE,4/30/10,3/25/10,,
114-UG-T30,FPQ-4495,SO-34970,DN-1755,Uganda,PMO - US,From RDC,N/A - From RDC,Truck,ARV,Adult,SCMS from RDC,"Lamivudine/Nevirapine/Zidovudine 150/200/300mg, tablets, 60 Tabs",Lamivudine/Nevirapine/Zidovudine,Generic,150/300/200mg,Tablet - FDC,"Aurobindo Unit III, India",84544,60,20000,224400,11.22,0.19,483.81,2356,16682.66,TRUE,4/1/10,3/25/10,,
114-UG-T30,FPQ-5014,SO-35890,DN-1757,Uganda,PMO - US,From RDC,N/A - From RDC,Truck,ARV,Adult,SCMS from RDC,"Efavirenz 600mg, tablets, 30 Tabs",Efavirenz,Generic,600mg,Tablet,Mylan (formerly Matrix) Nashik,84545,30,4500,24075,5.35,0.18,51.91,350,1854,TRUE,4/7/10,3/25/10,,
114-UG-T30,FPQ-4497,SO-34860,DN-1758,Uganda,PMO - US,From RDC,N/A - From RDC,Truck,ARV,Adult,SCMS from RDC,"Lamivudine/Nevirapine/Zidovudine 150/200/300mg, tablets, 60 Tabs",Lamivudine/Nevirapine/Zidovudine,Generic,150/300/200mg,Tablet - FDC,"Aurobindo Unit III, India",84546,60,3000,33660,11.22,0.19,72.57,359,3302.05,TRUE,4/28/10,3/25/10,,
114-UG-T30,FPQ-5238,SO-36100,DN-1760,Uganda,PMO - US,From RDC,N/A - From RDC,Air,ARV,Adult,SCMS from RDC,"Zidovudine 300mg, tablets, 60 Tabs",Zidovudine,Generic,300mg,Tablet,"Aurobindo Unit III, India",84547,60,50,375,7.5,0.12,0.81,,,FALSE,5/26/10,4/8/10,,
114-UG-T30,FPQ-5238,SO-36080,DN-1765,Uganda,PMO - US,From RDC,N/A - From RDC,Air,ARV,Adult,SCMS from RDC,"Efavirenz 600mg, tablets, 30 Tabs",Efavirenz,Generic,600mg,Tablet,Mylan (formerly Matrix) Nashik,84548,30,5000,25650,5.13,0.17,55.3,,,FALSE,5/26/10,4/12/10,,
109-TZ-T30,FPQ-5237,SO-36210,DN-1767,Tanzania,PMO - US,From RDC,N/A - From RDC,Air,ARV,Adult,SCMS from RDC,"Nevirapine 200mg, tablets, 60 Tabs",Nevirapine,Generic,200mg,Tablet,"Aurobindo Unit III, India",84549,60,4800,13104,2.73,0.05,28.25,460,,TRUE,7/21/10,3/31/10,,
110-ZM-T30,FPQ-4273,SO-33720,DN-1775,Zambia,PMO - US,From RDC,N/A - From RDC,Truck,ARV,Adult,SCMS from RDC,"Abacavir 300mg, tablets, 60 Tabs",Abacavir,Generic,300mg,Tablet,Mylan (formerly Matrix) Nashik,84550,60,2600,54574,20.99,0.35,106.97,8819,8022.59,TRUE,4/30/10,4/16/10,,
151-NG-T30,FPQ-4537,SO-35112,DN-1787,Nigeria,PMO - US,From RDC,N/A - From RDC,Air Charter,ARV,Adult,SCMS from RDC,"Lamivudine/Zidovudine+Efavirenz 150/300mg+600mg, tablets, co-blister 60+30 Tabs",Lamivudine/Zidovudine+Efavirenz,Generic,150/300mg+600mg,Tablet - FDC + co-blister,"Aurobindo Unit III, India",84551,90,309,8497.5,27.5,0.31,18.32,51,9736.1,TRUE,5/31/10,5/18/10,,
151-NG-T30,FPQ-4537,SO-36111,DN-1789,Nigeria,PMO - US,From RDC,N/A - From RDC,Air Charter,ARV,Adult,SCMS from RDC,"Efavirenz 600mg, tablets, 30 Tabs",Efavirenz,Generic,600mg,Tablet,"Aurobindo Unit III, India",84552,30,7118,33810.5,4.75,0.16,72.9,628,9736.1,TRUE,5/31/10,5/18/10,,
151-NG-T30,FPQ-4537,SO-36112,DN-1790,Nigeria,PMO - US,From RDC,N/A - From RDC,Air Charter,ARV,Adult,SCMS from RDC,"Zidovudine 300mg, tablets, 60 Tabs",Zidovudine,Generic,300mg,Tablet,"Aurobindo Unit III, India",84553,60,10076,75872.28,7.53,0.13,163.58,553,9736.1,TRUE,5/31/10,5/18/10,,
151-NG-T30,FPQ-4537,SO-36007,DN-1793,Nigeria,PMO - US,From RDC,N/A - From RDC,Air Charter,ARV,Adult,SCMS from RDC,"Lamivudine/Nevirapine/Zidovudine 150/200/300mg, tablets, 60 Tabs",Lamivudine/Nevirapine/Zidovudine,Generic,150/300/200mg,Tablet - FDC,"Aurobindo Unit III, India",84554,60,40000,448800,11.22,0.19,967.61,4693,9736.1,TRUE,5/31/10,5/18/10,,
114-UG-T30,FPQ-5071,SO-35940,DN-1798,Uganda,PMO - US,From RDC,N/A - From RDC,Air,ARV,Adult,SCMS from RDC,"Lamivudine/Nevirapine/Stavudine 150/200/30mg, tablets, 60 Tabs",Lamivudine/Nevirapine/Stavudine,Generic,150/200/30mg,Tablet - FDC,"Cipla, Goa, India",84555,60,200,1170,5.85,0.1,2.52,21,1000.05,TRUE,5/7/10,5/19/10,,
114-UG-T30,FPQ-4495,SO-34940,DN-1801,Uganda,PMO - US,From RDC,N/A - From RDC,Air,ARV,Adult,SCMS from RDC,"Efavirenz 600mg, tablets, 30 Tabs",Efavirenz,Generic,600mg,Tablet,Mylan (formerly Matrix) Nashik,84556,30,1621,7699.75,4.75,0.16,16.6,,,FALSE,5/3/10,5/3/10,,
151-NG-T30,FPQ-4537,SO-36004,DN-1809,Nigeria,PMO - US,From RDC,N/A - From RDC,Air Charter,ARV,Adult,SCMS from RDC,"Nevirapine 200mg, tablets, 60 Tabs",Nevirapine,Generic,200mg,Tablet,"Aurobindo Unit III, India",84557,60,15299,40695.34,2.66,0.04,87.74,1792,9736.1,TRUE,5/31/10,5/18/10,,
151-NG-T30,FPQ-4537,SO-35059,DN-1719,Nigeria,PMO - US,From RDC,N/A - From RDC,Air Charter,ARV,Adult,SCMS from RDC,"Lamivudine/Zidovudine 150/300mg, tablets, 60 Tabs",Lamivudine/Zidovudine,Generic,150/300mg,Tablet - FDC,Mylan (formerly Matrix) Nashik,84558,60,488,4274.88,8.76,0.15,9.22,39,9736.1,TRUE,5/31/10,5/18/10,,
114-UG-T30,FPQ-5275,SO-36260,DN-1819,Uganda,PMO - US,From RDC,N/A - From RDC,Air,ARV,Adult,SCMS from RDC,"Lamivudine/Zidovudine 150/300mg, tablets, 60 Tabs",Lamivudine/Zidovudine,Generic,150/300mg,Tablet - FDC,Hetero Unit III Hyderabad IN,84559,60,3600,31536,8.76,0.15,67.99,238,3299.67,TRUE,7/9/10,5/3/10,,
104-CI-T30,FPQ-4659,SO-35560,DN-1799,Côte d'Ivoire,PMO - US,From RDC,N/A - From RDC,Air,ARV,Adult,SCMS from RDC,"Efavirenz 600mg, tablets, 30 Tabs",Efavirenz,Generic,600mg,Tablet,"Aurobindo Unit III, India",84560,30,45108,214263,4.75,0.16,461.95,9863,19150.15,TRUE,5/10/10,5/7/10,,
104-CI-T30,FPQ-4659,SO-35560,DN-1799,Côte d'Ivoire,PMO - US,From RDC,N/A - From RDC,Air,ARV,Adult,SCMS from RDC,"Lamivudine 150mg, tablets, 60 Tabs",Lamivudine,Generic,150mg,Tablet,"Aurobindo Unit III, India",84561,60,5664,13820.16,2.44,0.04,29.8,,,FALSE,5/10/10,5/7/10,,
104-CI-T30,FPQ-4659,SO-35600,DN-1825,Côte d'Ivoire,PMO - US,From RDC,N/A - From RDC,Air,ARV,Pediatric,SCMS from RDC,"Stavudine 1mg/ml, powder for oral solution, 200 ml",Stavudine,Generic,1mg/ml,Oral solution,"Aurobindo Unit III, India",84562,200,4550,6370,1.4,0.01,13.73,,,FALSE,5/31/10,5/20/10,,
113-ZW-T30,FPQ-4694,SO-35400,DN-1829,Zimbabwe,PMO - US,From RDC,N/A - From RDC,Truck,ARV,Adult,SCMS from RDC,"Lamivudine/Nevirapine/Stavudine 150/200/30mg, tablets, 60 Tabs",Lamivudine/Nevirapine/Stavudine,Generic,150/200/30mg,Tablet - FDC,"Cipla, Goa, India",84563,60,112100,655785,5.85,0.1,1413.87,,,FALSE,5/31/10,5/31/10,,
113-ZW-T30,FPQ-4472,SO-35910,DN-1831,Zimbabwe,PMO - US,From RDC,N/A - From RDC,Air,ARV,Adult,SCMS from RDC,"Lamivudine/Nevirapine/Stavudine 150/200/30mg, tablets, 60 Tabs",Lamivudine/Nevirapine/Stavudine,Generic,150/200/30mg,Tablet - FDC,"Cipla, Goa, India",84564,60,47390,277231.5,5.85,0.1,543.37,7112,3833.17,TRUE,5/28/10,5/31/10,,
106-HT-T30,FPQ-4384,SO-34650,DN-1833,Haiti,PMO - US,From RDC,N/A - From RDC,Air,ARV,Adult,SCMS from RDC,"Efavirenz 600mg, tablets, 30 Tabs",Efavirenz,Generic,600mg,Tablet,"Aurobindo Unit III, India",84565,30,34080,161880,4.75,0.16,349.01,3318,23890.83,TRUE,5/19/10,5/19/10,,
106-HT-T30,FPQ-4384,SO-34660,DN-1837,Haiti,PMO - US,From RDC,N/A - From RDC,Air,ARV,Adult,SCMS from RDC,"Lamivudine/Zidovudine 150/300mg, tablets, 60 Tabs",Lamivudine/Zidovudine,Generic,150/300mg,Tablet - FDC,Mylan (formerly Matrix) Nashik,84566,60,14875,130305,8.76,0.15,280.94,,,FALSE,5/31/10,6/1/10,,
114-UG-T30,FPQ-5238,SO-36090,DN-1840,Uganda,PMO - US,From RDC,N/A - From RDC,Air,ARV,Adult,SCMS from RDC,"Lamivudine/Nevirapine/Zidovudine 150/200/300mg, tablets, 60 Tabs",Lamivudine/Nevirapine/Zidovudine,Generic,150/300/200mg,Tablet - FDC,Mylan (formerly Matrix) Nashik,84567,60,20000,224400,11.22,0.19,483.81,2560,20654.81,TRUE,5/26/10,5/27/10,,
106-HT-T30,FPQ-4384,SO-34640,DN-1842,Haiti,PMO - US,From RDC,N/A - From RDC,Air,ARV,Adult,SCMS from RDC,"Stavudine 20mg, capsules, 60 Caps",Stavudine,Generic,20mg,Capsule,"Aurobindo Unit III, India",84568,60,168,240.24,1.43,0.02,0.52,,,FALSE,6/2/10,6/9/10,,
114-UG-T30,FPQ-5239,SO-36130,DN-1856,Uganda,PMO - US,From RDC,N/A - From RDC,Air,ARV,Adult,SCMS from RDC,"Lamivudine/Zidovudine 150/300mg, tablets, 60 Tabs",Lamivudine/Zidovudine,Generic,150/300mg,Tablet - FDC,Hetero Unit III Hyderabad IN,84569,60,700,6132,8.76,0.15,13.22,,,FALSE,6/30/10,6/22/10,,
114-UG-T30,FPQ-5451,SO-36832,DN-1860,Uganda,PMO - US,From RDC,N/A - From RDC,Air,ARV,Adult,SCMS from RDC,"Efavirenz 600mg, tablets, 30 Tabs",Efavirenz,Generic,600mg,Tablet,Mylan (formerly Matrix) Nashik,84570,30,17550,83362.5,4.75,0.16,179.73,1325,4600.45,TRUE,6/30/10,6/22/10,,
104-CI-T30,FPQ-4659,SO-35590,DN-1868,Côte d'Ivoire,PMO - US,From RDC,N/A - From RDC,Air,ARV,Pediatric,SCMS from RDC,"Efavirenz 50mg, capsule, 30 Caps",Efavirenz,Generic,50mg,Capsule,"Aurobindo Unit III, India",84571,30,1596,3575.04,2.24,0.07,7.71,,,FALSE,6/30/10,6/21/10,,
104-CI-T30,FPQ-5201,SO-36350,DN-1878,Côte d'Ivoire,PMO - US,From RDC,N/A - From RDC,Air,ARV,Adult,SCMS from RDC,"Lamivudine 150mg, tablets, 60 Tabs",Lamivudine,Generic,150mg,Tablet,"Aurobindo Unit III, India",84572,60,10980,26791.2,2.44,0.04,57.76,698,5121.68,TRUE,7/9/10,7/5/10,,
151-NG-T30,FPQ-5023,SO-36435,DN-1886,Nigeria,PMO - US,From RDC,N/A - From RDC,Air,ARV,Adult,SCMS from RDC,"Lamivudine/Nevirapine/Zidovudine 150/200/300mg, tablets, 60 Tabs",Lamivudine/Nevirapine/Zidovudine,Generic,150/300/200mg,Tablet - FDC,"Aurobindo Unit III, India",84573,60,1000,11220,11.22,0.19,24.19,117,,TRUE,7/15/10,6/28/10,,
151-NG-T30,FPQ-5023,SO-36446,DN-1904,Nigeria,PMO - US,From RDC,N/A - From RDC,Air,ARV,Adult,SCMS from RDC,"Efavirenz 600mg, tablets, 30 Tabs",Efavirenz,Generic,600mg,Tablet,"Aurobindo Unit III, India",84574,30,200,920,4.6,0.15,1.98,17,,TRUE,7/15/10,6/28/10,,
151-NG-T30,FPQ-5023,SO-36447,DN-1905,Nigeria,PMO - US,From RDC,N/A - From RDC,Air,ARV,Adult,SCMS from RDC,"Efavirenz 600mg, tablets, 30 Tabs",Efavirenz,Generic,600mg,Tablet,"Aurobindo Unit III, India",84575,30,188,864.8,4.6,0.15,1.86,16,,TRUE,7/15/10,6/28/10,,
151-NG-T30,FPQ-5023,SO-36530,DN-1924,Nigeria,PMO - US,From RDC,N/A - From RDC,Air,ARV,Adult,SCMS from RDC,"Lamivudine/Zidovudine+Efavirenz 150/300mg+600mg, tablets, co-blister 60+30 Tabs",Lamivudine/Zidovudine+Efavirenz,Generic,150/300mg+600mg,Tablet - FDC + co-blister,"Aurobindo Unit III, India",84576,90,87,1827,21,0.23,3.94,42,,TRUE,7/15/10,6/28/10,,
151-NG-T30,FPQ-4537,SO-36671,DN-1925,Nigeria,PMO - US,From RDC,N/A - From RDC,Air,ARV,Adult,SCMS from RDC,"Lamivudine/Zidovudine 150/300mg, tablets, 60 Tabs",Lamivudine/Zidovudine,Generic,150/300mg,Tablet - FDC,Hetero Unit III Hyderabad IN,84577,60,53086,465033.38,8.76,0.15,1002.61,,,FALSE,7/21/10,6/28/10,,
151-NG-T30,FPQ-5023,SO-36420,DN-1930,Nigeria,PMO - US,From RDC,N/A - From RDC,Air,ARV,Adult,SCMS from RDC,"Efavirenz/Emtricitabine/Tenofovir Disoproxil Fumarate 600/200/300mg, tablets, 30 Tabs",Efavirenz/Emtricitabine/Tenofovir Disoproxil Fumarate,Generic,600/200/300mg,Tablet - FDC,Mylan (formerly Matrix) Nashik,84578,30,58500,1165320,19.92,0.66,2512.43,6433,,TRUE,7/15/10,6/28/10,,
106-HT-T30,FPQ-4384,SO-35420,DN-1944,Haiti,PMO - US,From RDC,N/A - From RDC,Air,ARV,Adult,SCMS from RDC,"Lamivudine/Zidovudine 150/300mg, tablets, 60 Tabs",Lamivudine/Zidovudine,Generic,150/300mg,Tablet - FDC,Mylan (formerly Matrix) Nashik,84579,60,31836,278883.38,8.76,0.15,601.27,2565,25670.1,TRUE,8/1/10,7/21/10,,
111-MZ-T30,FPQ-4711,SO-35740,DN-1962,Mozambique,PMO - US,From RDC,N/A - From RDC,Truck,ARV,Adult,SCMS from RDC,"Lamivudine/Nevirapine/Stavudine 150/200/30mg, tablets, 60 Tabs",Lamivudine/Nevirapine/Stavudine,Generic,150/200/30mg,Tablet - FDC,"Cipla, Goa, India",84580,60,30630,175509.9,5.73,0.1,378.4,,,FALSE,8/31/10,8/18/10,,
106-HT-T30,FPQ-5523,SO-36760,DN-1964,Haiti,PMO - US,From RDC,N/A - From RDC,Air,ARV,Pediatric,SCMS from RDC,"Lamivudine 10mg/ml, oral solution, Bottle, 240 ml",Lamivudine,Generic,10mg/ml,Oral solution,"Cipla, Goa, India",84581,240,3840,7411.2,1.93,0.01,15.98,,,FALSE,8/10/10,8/23/10,,
151-NG-T30,FPQ-5688,SO-36934,DN-1978,Nigeria,PMO - US,From RDC,N/A - From RDC,Air Charter,ARV,Adult,SCMS from RDC,"Lamivudine/Nevirapine/Zidovudine 150/200/300mg, tablets, 60 Tabs",Lamivudine/Nevirapine/Zidovudine,Generic,150/300/200mg,Tablet - FDC,"Aurobindo Unit III, India",84582,60,6000,67320,11.22,0.19,145.14,789,6147.18,TRUE,8/31/10,8/17/10,,
104-CI-T30,FPQ-5201,SO-36311,DN-1982,Côte d'Ivoire,PMO - US,From RDC,N/A - From RDC,Air,ARV,Adult,SCMS from RDC,"Zidovudine 300mg, tablets, 60 Tabs",Zidovudine,Generic,300mg,Tablet,"Aurobindo Unit III, India",84583,60,12060,86952.6,7.21,0.12,187.47,,,FALSE,8/23/10,8/23/10,,
104-CI-T30,FPQ-5201,SO-36311,DN-1982,Côte d'Ivoire,PMO - US,From RDC,N/A - From RDC,Air,ARV,Pediatric,SCMS from RDC,"Stavudine 1mg/ml, powder for oral solution, 200 ml",Stavudine,Generic,1mg/ml,Oral solution,"Aurobindo Unit III, India",84584,200,2400,3240,1.35,0.01,6.99,,,FALSE,8/23/10,8/23/10,,
104-CI-T30,FPQ-5623,SO-36890,DN-1984,Côte d'Ivoire,PMO - US,From RDC,N/A - From RDC,Air,ARV,Adult,SCMS from RDC,"Lamivudine 150mg, tablets, 60 Tabs",Lamivudine,Generic,150mg,Tablet,"Strides, Bangalore, India.",84585,60,6594,15364.02,2.33,0.04,33.12,,,FALSE,8/31/10,8/23/10,,
102-UG-T30,FPQ-6202,SO-37250,DN-1997,Uganda,PMO - US,From RDC,N/A - From RDC,Air,ARV,Adult,SCMS from RDC,"Lamivudine/Zidovudine 150/300mg, tablets, 60 Tabs",Lamivudine/Zidovudine,Generic,150/300mg,Tablet - FDC,"Aurobindo Unit III, India",84588,60,63148,539915.4,8.55,0.14,1164.06,,,FALSE,10/29/10,9/27/10,,
102-UG-T30,FPQ-6202,SO-37260,DN-1998,Uganda,PMO - US,From RDC,N/A - From RDC,Air,ARV,Adult,SCMS from RDC,"Efavirenz 600mg, tablets, 30 Tabs",Efavirenz,Generic,600mg,Tablet,"Strides, Bangalore, India.",84589,30,71991,320359.94,4.45,0.15,690.7,7187,16285.97,TRUE,9/30/10,8/23/10,,
102-UG-T30,FPQ-6202,SO-37260,DN-1998,Uganda,PMO - US,From RDC,N/A - From RDC,Air,ARV,Adult,SCMS from RDC,"Lamivudine/Zidovudine 150/300mg, tablets, 60 Tabs",Lamivudine/Zidovudine,Generic,150/300mg,Tablet - FDC,"Aurobindo Unit III, India",84590,60,26991,230773.05,8.55,0.14,497.55,,,FALSE,9/30/10,8/23/10,,
104-CI-T30,FPQ-5623,SO-36880,DN-2011,Côte d'Ivoire,PMO - US,From RDC,N/A - From RDC,Air,ARV,Pediatric,SCMS from RDC,"Didanosine 200mg, chewable/dispersible tablets, 60 Tabs",Didanosine,Generic,200mg,Chewable/dispersible tablet,"Aurobindo Unit III, India",84591,60,6016,93248,15.5,0.26,201.04,,,FALSE,9/30/10,9/25/10,,
104-CI-T30,FPQ-5623,SO-36880,DN-2011,Côte d'Ivoire,PMO - US,From RDC,N/A - From RDC,Air,ARV,Adult,SCMS from RDC,"Stavudine 20mg, capsules, 60 Caps",Stavudine,Generic,20mg,Capsule,"Aurobindo Unit III, India",84592,60,540,772.2,1.43,0.02,1.66,,,FALSE,9/30/10,9/25/10,,
104-CI-T30,FPQ-5623,SO-36881,DN-2012,Côte d'Ivoire,PMO - US,From RDC,N/A - From RDC,Truck,ARV,Adult,SCMS from RDC,"Lamivudine/Stavudine 150/30mg, tablets, 60 Tabs",Lamivudine/Stavudine,Generic,150/30mg,Tablet - FDC,Mylan (formerly Matrix) Nashik,84593,60,5624,18446.72,3.28,0.05,39.77,,,FALSE,10/19/10,9/25/10,,
105-GY-T30,FPQ-6307,SO-37400,DN-2017,Guyana,PMO - US,From RDC,N/A - From RDC,Air,ARV,Pediatric,SCMS from RDC,"Lamivudine 10mg/ml, oral solution, Bottle, 240 ml",Lamivudine,Generic,10mg/ml,Oral solution,"Aurobindo Unit III, India",84594,240,316,609.88,1.93,0.01,1.31,,,FALSE,11/23/10,9/19/10,,
102-UG-T30,FPQ-6403,SO-37460,DN-2026,Uganda,PMO - US,From RDC,N/A - From RDC,Air,ARV,Adult,SCMS from RDC,"Lamivudine/Nevirapine/Zidovudine 150/200/300mg, tablets, 60 Tabs",Lamivudine/Nevirapine/Zidovudine,Generic,150/300/200mg,Tablet - FDC,"Aurobindo Unit III, India",84595,60,31932,358277.03,11.22,0.19,772.45,,,FALSE,10/20/10,10/25/10,,
109-TZ-T30,FPQ-5436,SO-36600,DN-2039,Tanzania,PMO - US,From RDC,N/A - From RDC,Air,ARV,Pediatric,SCMS from RDC,"Didanosine 100mg, chewable/dispersible tablets, 60 Tabs",Didanosine,Generic,100mg,Chewable/dispersible tablet,"Aurobindo Unit III, India",84596,60,2864,22110.08,7.72,0.13,47.67,612,1979.75,TRUE,12/3/10,12/3/10,,
104-CI-T30,FPQ-5201,SO-36380,DN-2034,Côte d'Ivoire,PMO - US,From RDC,N/A - From RDC,Air,ARV,Pediatric,SCMS from RDC,"Efavirenz 200mg, capsule, 90 Caps",Efavirenz,Generic,200mg,Capsule,"Aurobindo Unit III, India",84597,90,1785,17974.95,10.07,0.11,38.75,168,7816.45,TRUE,10/30/10,11/23/10,,
104-CI-T30,FPQ-5925,SO-37150,DN-2035,Côte d'Ivoire,PMO - US,From RDC,N/A - From RDC,Truck,ARV,Pediatric,SCMS from RDC,"Stavudine 1mg/ml, powder for oral solution, 200 ml",Stavudine,Generic,1mg/ml,Oral solution,"Aurobindo Unit III, India",84598,200,2449,3306.15,1.35,0.01,7.13,,,FALSE,11/30/10,11/26/10,,
104-CI-T30,FPQ-5925,SO-37150,DN-2035,Côte d'Ivoire,PMO - US,From RDC,N/A - From RDC,Truck,ARV,Adult,SCMS from RDC,"Stavudine 20mg, capsules, 60 Caps",Stavudine,Generic,20mg,Capsule,"Aurobindo Unit III, India",84599,60,2551,3647.93,1.43,0.02,7.86,,,FALSE,11/30/10,11/26/10,,
151-NG-T30,FPQ-5688,SO-36952,DN-2044,Nigeria,PMO - US,From RDC,N/A - From RDC,Air Charter,ARV,Adult,SCMS from RDC,"Nevirapine 200mg, tablets, 60 Tabs",Nevirapine,Generic,200mg,Tablet,"Aurobindo Unit III, India",84600,60,10000,25800,2.58,0.04,55.62,1130,20264.93,TRUE,11/18/10,11/10/10,,
111-MZ-T30,FPQ-6426,SO-37590,DN-2051,Mozambique,PMO - US,From RDC,N/A - From RDC,Truck,ARV,Adult,SCMS from RDC,"Efavirenz 600mg, tablets, 30 Tabs",Efavirenz,Generic,600mg,Tablet,Mylan (formerly Matrix) Nashik,84601,30,30000,130200,4.34,0.14,280.71,,,FALSE,12/20/10,12/23/10,,
111-MZ-T30,FPQ-6426,SO-37590,DN-2051,Mozambique,PMO - US,From RDC,N/A - From RDC,Truck,ARV,Adult,SCMS from RDC,"Lamivudine/Nevirapine/Stavudine 150/200/30mg, tablets, 60 Tabs",Lamivudine/Nevirapine/Stavudine,Generic,150/200/30mg,Tablet - FDC,"Cipla, Goa, India",84602,60,30000,162900,5.43,0.09,351.21,,,FALSE,12/20/10,12/23/10,,
110-ZM-T30,FPQ-6221,SO-37320,DN-2054,Zambia,PMO - US,From RDC,N/A - From RDC,Truck,ARV,Adult,SCMS from RDC,"Lamivudine/Nevirapine/Stavudine 150/200/30mg, tablets, 60 Tabs",Lamivudine/Nevirapine/Stavudine,Generic,150/200/30mg,Tablet - FDC,"Cipla, Goa, India",84603,60,3653,19835.79,5.43,0.09,42.77,,,FALSE,12/31/10,11/25/10,,
102-UG-T30,FPQ-6403,SO-37470,DN-2056,Uganda,PMO - US,From RDC,N/A - From RDC,Air,ARV,Adult,SCMS from RDC,"Efavirenz/Emtricitabine/Tenofovir Disoproxil Fumarate 600/200/300mg, tablets, 30 Tabs",Efavirenz/Emtricitabine/Tenofovir Disoproxil Fumarate,Generic,600/200/300mg,Tablet - FDC,Mylan (formerly Matrix) Nashik,84604,30,2661,53007.12,19.92,0.66,114.28,909,5166.39,TRUE,12/2/10,11/29/10,,
114-UG-T30,FPQ-6427,SO-37580,DN-2058,Uganda,PMO - US,From RDC,N/A - From RDC,Truck,ARV,Adult,SCMS from RDC,"Nevirapine 200mg, tablets, 60 Tabs",Nevirapine,Generic,200mg,Tablet,Hetero Unit III Hyderabad IN,84605,60,23787,63273.42,2.66,0.04,136.42,1378,2559.88,TRUE,12/2/10,11/29/10,,
106-HT-T30,FPQ-5523,SO-36730,DN-2059,Haiti,PMO - US,From RDC,N/A - From RDC,Air,ARV,Adult,SCMS from RDC,"Nevirapine 200mg, tablets, 60 Tabs",Nevirapine,Generic,200mg,Tablet,"Strides, Bangalore, India.",84606,60,53200,141512,2.66,0.04,305.1,,,FALSE,11/26/10,12/15/10,,
106-HT-T30,FPQ-5523,SO-36730,DN-2059,Haiti,PMO - US,From RDC,N/A - From RDC,Air,ARV,Pediatric,SCMS from RDC,"Efavirenz 50mg, capsule, 30 Caps",Efavirenz,Generic,50mg,Capsule,"Aurobindo Unit III, India",84607,30,1778,3982.72,2.24,0.07,8.59,,,FALSE,11/26/10,12/15/10,,
104-CI-T30,FPQ-5925,SO-37740,DN-2064,Côte d'Ivoire,PMO - US,From RDC,N/A - From RDC,Air,ARV,Adult,SCMS from RDC,"Abacavir 300mg, tablets, 60 Tabs",Abacavir,Generic,300mg,Tablet,"Aurobindo Unit III, India",84608,60,600,9864,16.44,0.27,21.27,,,FALSE,11/30/10,12/9/10,,
104-CI-T30,FPQ-5925,SO-37740,DN-2064,Côte d'Ivoire,PMO - US,From RDC,N/A - From RDC,Air,ARV,Pediatric,SCMS from RDC,"Stavudine 1mg/ml, powder for oral solution w/syringe, 200 ml",Stavudine,Generic,1mg/ml,Powder for oral solution,"Aurobindo Unit III, India",84609,200,6551,8778.34,1.34,0.01,18.93,,,FALSE,11/30/10,12/9/10,,
106-HT-T30,FPQ-6484,SO-37760,DN-2073,Haiti,PMO - US,From RDC,N/A - From RDC,Air,ARV,Adult,SCMS from RDC,"Abacavir 300mg, tablets, 60 Tabs",Abacavir,Generic,300mg,Tablet,"Aurobindo Unit III, India",84612,60,600,9864,16.44,0.27,21.27,,,FALSE,12/20/10,1/5/11,,
110-ZM-T30,FPQ-6222,SO-38150,DN-2078,Zambia,PMO - US,From RDC,N/A - From RDC,Truck,ARV,Adult,SCMS from RDC,"Lamivudine 150mg, tablets, 60 Tabs",Lamivudine,Generic,150mg,Tablet,Hetero Unit III Hyderabad IN,84613,60,12080,28146.4,2.33,0.04,60.68,503,2355.79,TRUE,4/1/11,1/13/11,,
202-GT-T30,FPQ-6943,SO-38260,DN-2089,Guatemala,PMO - US,From RDC,N/A - From RDC,Air,ARV,Adult,SCMS from RDC,"Emtricitabine/Tenofovir Disoproxil Fumarate 200/300mg, tablets, 30 Tabs",Emtricitabine/Tenofovir Disoproxil Fumarate,Generic,200/300mg,Tablet - FDC,Mylan (formerly Matrix) Nashik,84614,30,7987,87218.04,10.92,0.36,143.91,,,FALSE,1/31/11,1/24/11,,
202-GT-T30,FPQ-6943,SO-38260,DN-2089,Guatemala,PMO - US,From RDC,N/A - From RDC,Air,ARV,Pediatric,SCMS from RDC,"Efavirenz 200mg, capsule, 90 Caps",Efavirenz,Generic,200mg,Capsule,"Aurobindo Unit III, India",84615,90,680,6589.2,9.69,0.11,10.87,,,FALSE,1/31/11,1/24/11,,
110-ZM-T30,FPQ-6222,SO-38280,DN-2091,Zambia,PMO - US,From RDC,N/A - From RDC,Truck,ARV,Adult,SCMS from RDC,"Lamivudine 150mg, tablets, 60 Tabs",Lamivudine,Generic,150mg,Tablet,Hetero Unit III Hyderabad IN,84616,60,22242,51823.86,2.33,0.04,111.73,1207,7487.51,TRUE,1/31/11,1/18/11,,
104-CI-T30,FPQ-6495,SO-37710,DN-2098,Côte d'Ivoire,PMO - US,From RDC,N/A - From RDC,Truck,ARV,Adult,SCMS from RDC,"Emtricitabine/Tenofovir Disoproxil Fumarate 200/300mg, tablets, 30 Tabs",Emtricitabine/Tenofovir Disoproxil Fumarate,Generic,200/300mg,Tablet - FDC,Mylan (formerly Matrix) Nashik,84617,30,9920,108326.4,10.92,0.36,233.55,,,FALSE,1/31/11,2/22/11,,
106-HT-T30,FPQ-6484,SO-38120,DN-2113,Haiti,PMO - US,From RDC,N/A - From RDC,Air,ARV,Adult,SCMS from RDC,"Lamivudine 150mg, tablets, 60 Tabs",Lamivudine,Generic,150mg,Tablet,"Aurobindo Unit III, India",84618,60,5980,13933.4,2.33,0.04,30.04,,,FALSE,2/28/11,2/14/11,,
106-HT-T30,FPQ-6801,SO-38620,DN-2114,Haiti,PMO - US,From RDC,N/A - From RDC,Air,ARV,Pediatric,SCMS from RDC,"Stavudine 1mg/ml, powder for oral solution w/syringe, 200 ml",Stavudine,Generic,1mg/ml,Powder for oral solution,"Aurobindo Unit III, India",84619,200,600,804,1.34,0.01,1.33,,,FALSE,2/28/11,2/14/11,,
110-ZM-T30,FPQ-6221,SO-37330,DN-2116,Zambia,PMO - US,From RDC,N/A - From RDC,Truck,ARV,Adult,SCMS from RDC,"Nevirapine 200mg, tablets, 60 Tabs",Nevirapine,Generic,200mg,Tablet,Hetero Unit III Hyderabad IN,84620,60,140000,351400,2.51,0.04,757.62,8783,8045.77,TRUE,2/11/11,2/15/11,,
114-UG-T30,FPQ-6427,SO-37560,DN-2121,Uganda,PMO - US,From RDC,N/A - From RDC,Truck,ARV,Adult,SCMS from RDC,"Lamivudine/Nevirapine/Zidovudine 150/200/300mg, tablets, 60 Tabs",Lamivudine/Nevirapine/Zidovudine,Generic,150/300/200mg,Tablet - FDC,Mylan (formerly Matrix) Nashik,84621,60,8988,100845.36,11.22,0.19,217.42,,,FALSE,2/28/11,3/22/11,,
104-CI-T30,FPQ-6495,SO-37720,DN-2122,Côte d'Ivoire,PMO - US,From RDC,N/A - From RDC,Air,ARV,Adult,SCMS from RDC,"Tenofovir Disoproxil Fumarate 300mg, tablets, 30 Tabs",Tenofovir Disoproxil Fumarate,Generic,300mg,Tablet,Mylan (formerly Matrix) Nashik,84622,30,2240,14716.8,6.57,0.22,31.73,6542,18611.93,TRUE,3/31/11,3/15/11,,
113-ZW-T30,FPQ-6470,SO-37830,DN-2127,Zimbabwe,PMO - US,From RDC,N/A - From RDC,Truck,ARV,Adult,SCMS from RDC,"Lamivudine/Nevirapine/Stavudine 150/200/30mg, tablets, 60 Tabs",Lamivudine/Nevirapine/Stavudine,Generic,150/200/30mg,Tablet - FDC,"Strides, Bangalore, India.",84623,60,66645,370546.2,5.56,0.09,798.9,,,FALSE,3/31/11,3/17/11,,
113-ZW-T30,FPQ-6470,SO-38830,DN-2128,Zimbabwe,PMO - US,From RDC,N/A - From RDC,Truck,ARV,Adult,SCMS from RDC,"Nevirapine 200mg, tablets, 60 Tabs",Nevirapine,Generic,200mg,Tablet,Hetero Unit III Hyderabad IN,84624,60,9073,22773.23,2.51,0.04,49.1,2102,7765.17,TRUE,3/31/11,3/18/11,,
113-ZW-T30,FPQ-6470,SO-38830,DN-2128,Zimbabwe,PMO - US,From RDC,N/A - From RDC,Truck,ARV,Adult,SCMS from RDC,"Lamivudine/Stavudine 150/30mg, tablets, 60 Tabs",Lamivudine/Stavudine,Generic,150/30mg,Tablet - FDC,"Cipla, Goa, India",84625,60,1883,6025.6,3.2,0.05,12.99,,,FALSE,3/31/11,3/18/11,,
117-ET-T30,FPQ-6428,SO-37630,DN-2130,Ethiopia,PMO - US,From RDC,N/A - From RDC,Air,ARV,Adult,SCMS from RDC,"Lopinavir/Ritonavir 200/50mg [Aluvia], tablets, 120 Tabs",Lopinavir/Ritonavir,Aluvia,200/50mg,Tablet,ABBVIE Ludwigshafen Germany,84626,120,8000,289280,36.16,0.3,623.69,1647,3600.65,TRUE,3/10/11,3/11/11,,
114-UG-T30,FPQ-7166,SO-38890,DN-2135,Uganda,PMO - US,From RDC,N/A - From RDC,Air,ARV,Adult,SCMS from RDC,"Zidovudine 300mg, tablets, 60 Tabs",Zidovudine,Generic,300mg,Tablet,"Aurobindo Unit III, India",84627,60,46113,332474.72,7.21,0.12,548.58,2534,16629.49,TRUE,4/18/11,3/15/11,,
106-HT-T30,FPQ-6484,SO-38240,DN-2136,Haiti,PMO - US,From RDC,N/A - From RDC,Air,ARV,Adult,SCMS from RDC,"Lopinavir/Ritonavir 200/50mg [Aluvia], tablets, 120 Tabs",Lopinavir/Ritonavir,Aluvia,200/50mg,Tablet,ABBVIE Ludwigshafen Germany,84628,120,1320,47731.2,36.16,0.3,102.91,276,2080.2,TRUE,3/14/11,4/20/11,,
104-CI-T30,FPQ-6495,SO-37700,DN-2137,Côte d'Ivoire,PMO - US,From RDC,N/A - From RDC,Air,ARV,Adult,SCMS from RDC,"Lamivudine/Nevirapine/Zidovudine 150/200/300mg, tablets, 60 Tabs",Lamivudine/Nevirapine/Zidovudine,Generic,150/300/200mg,Tablet - FDC,"Aurobindo Unit III, India",84629,60,99957,1121517.5,11.22,0.19,2417.99,,,FALSE,3/31/11,3/29/11,,
104-CI-T30,FPQ-6144,SO-38480,DN-2138,Côte d'Ivoire,PMO - US,From RDC,N/A - From RDC,Air,ARV,Pediatric,SCMS from RDC,"Didanosine 200mg, chewable/dispersible tablets, 60 Tabs",Didanosine,Generic,200mg,Chewable/dispersible tablet,"Aurobindo Unit III, India",84630,60,3008,46624,15.5,0.26,100.52,,,FALSE,3/15/11,3/29/11,,
104-CI-T30,FPQ-6144,SO-38480,DN-2138,Côte d'Ivoire,PMO - US,From RDC,N/A - From RDC,Air,ARV,Adult,SCMS from RDC,"Lamivudine/Zidovudine 150/300mg, tablets, 60 Tabs",Lamivudine/Zidovudine,Generic,150/300mg,Tablet - FDC,Hetero Unit III Hyderabad IN,84631,60,15621,133559.55,8.55,0.14,287.95,,,FALSE,3/15/11,3/29/11,,
110-ZM-T30,FPQ-6677,SO-38050,DN-2143,Zambia,PMO - US,From RDC,N/A - From RDC,Truck,ARV,Adult,SCMS from RDC,"Abacavir 300mg, tablets, 60 Tabs",Abacavir,Generic,300mg,Tablet,"Cipla, Patalganga, India",84632,60,4875,77463.75,15.89,0.26,127.82,2556,4471.07,TRUE,4/15/11,4/5/11,,
104-CI-T30,FPQ-6891,SO-38540,DN-2153,Côte d'Ivoire,PMO - US,From RDC,N/A - From RDC,Air,ARV,Pediatric,SCMS from RDC,"Lamivudine 10mg/ml, oral solution w/syringe, Bottle, 240 ml",Lamivudine,Generic,10mg/ml,Oral solution,"Aurobindo Unit III, India",84633,240,7420,13727,1.85,0.01,22.65,,,FALSE,4/20/11,6/10/11,,
109-TZ-T30,FPQ-7347,SO-39010,DN-2151,Tanzania,PMO - US,From RDC,N/A - From RDC,Air,ARV,Adult,SCMS from RDC,"Efavirenz 600mg, tablets, 30 Tabs",Efavirenz,Generic,600mg,Tablet,Mylan (formerly Matrix) Nashik,84634,30,4738,19994.36,4.22,0.14,32.99,,,FALSE,4/7/11,3/31/11,,
104-CI-T30,FPQ-6144,SO-38980,DN-2159,Côte d'Ivoire,PMO - US,From RDC,N/A - From RDC,Air,ARV,Pediatric,SCMS from RDC,"Efavirenz 200mg, capsule, 90 Caps",Efavirenz,Generic,200mg,Capsule,"Aurobindo Unit III, India",84638,90,20,194.2,9.71,0.11,0.42,5,3380.36,TRUE,3/31/11,6/7/11,,
104-CI-T30,FPQ-6891,SO-38570,DN-2161,Côte d'Ivoire,PMO - US,From RDC,N/A - From RDC,Air,ARV,Adult,SCMS from RDC,"Abacavir 300mg, tablets, 60 Tabs",Abacavir,Generic,300mg,Tablet,"Aurobindo Unit III, India",84639,60,2383,36936.5,15.5,0.26,60.95,882,4516.67,TRUE,6/30/11,6/7/11,,
113-ZW-T30,FPQ-6470,SO-37850,DN-2181,Zimbabwe,PMO - US,From RDC,N/A - From RDC,Truck,ARV,Adult,SCMS from RDC,"Lamivudine/Nevirapine/Stavudine 150/200/30mg, tablets, 60 Tabs",Lamivudine/Nevirapine/Stavudine,Generic,150/200/30mg,Tablet - FDC,"Cipla, Goa, India",84640,60,88719,493277.62,5.56,0.09,1063.51,11668,15697.15,TRUE,3/31/11,5/20/11,,
113-ZW-T30,FPQ-6470,SO-37850,DN-2181,Zimbabwe,PMO - US,From RDC,N/A - From RDC,Truck,ARV,Adult,SCMS from RDC,"Lamivudine/Nevirapine/Stavudine 150/200/30mg, tablets, 60 Tabs",Lamivudine/Nevirapine/Stavudine,Generic,150/200/30mg,Tablet - FDC,"Cipla, Goa, India",84641,60,22074,122731.44,5.56,0.09,264.61,,,FALSE,3/31/11,5/20/11,,
104-CI-T30,FPQ-6144,SO-38990,DN-2187,Côte d'Ivoire,PMO - US,From RDC,N/A - From RDC,Air,ARV,Pediatric,SCMS from RDC,"Efavirenz 200mg, capsule, 90 Caps",Efavirenz,Generic,200mg,Capsule,"Aurobindo Unit III, India",84642,90,20,194.2,9.71,0.11,0.42,3,1355.31,TRUE,3/23/11,6/7/11,,
114-UG-T30,FPQ-6901,SO-39320,DN-2190,Uganda,PMO - US,From RDC,N/A - From RDC,Truck,ARV,Adult,SCMS from RDC,"Efavirenz/Emtricitabine/Tenofovir Disoproxil Fumarate 600/200/300mg, tablets, 30 Tabs",Efavirenz/Emtricitabine/Tenofovir Disoproxil Fumarate,Generic,600/200/300mg,Tablet - FDC,Mylan (formerly Matrix) Nashik,84643,30,6600,131472,19.92,0.66,216.93,720,4647.66,TRUE,4/20/11,5/3/11,,
114-UG-T30,FPQ-7395,SO-39140,DN-2201,Uganda,PMO - US,From RDC,N/A - From RDC,Truck,ARV,Adult,SCMS from RDC,"Lamivudine/Tenofovir Disoproxil Fumarate 300/300mg, tablets, 30 Tabs",Lamivudine/Tenofovir Disoproxil Fumarate,Generic,300/300mg,Tablet - FDC,Mylan (formerly Matrix) Nashik,84644,30,2559,22570.38,8.82,0.29,37.24,338,3397.95,TRUE,6/6/11,6/1/11,,
200-ZW-T30,FPQ-6483,SO-37880,DN-2203,Zimbabwe,PMO - US,From RDC,N/A - From RDC,Truck,ARV,Pediatric,SCMS from RDC,"Efavirenz 50mg, capsule, 30 Caps",Efavirenz,Generic,50mg,Capsule,"Aurobindo Unit III, India",84645,30,4250,9520,2.24,0.07,20.53,,,FALSE,5/31/11,6/13/11,,
105-GY-T30,FPQ-7464,SO-39360,DN-2204,Guyana,PMO - US,From RDC,N/A - From RDC,Air,ARV,Pediatric,SCMS from RDC,"Nevirapine 10mg/ml, oral suspension w/syringe, Bottle, 240 ml",Nevirapine,Generic,10mg/ml,Oral suspension,"Aurobindo Unit III, India",84646,240,600,1170,1.95,0.01,1.93,239,3106.89,TRUE,6/20/11,5/16/11,,
113-ZW-T30,FPQ-6470,SO-39510,DN-2205,Zimbabwe,PMO - US,From RDC,N/A - From RDC,Truck,ARV,Adult,SCMS from RDC,"Lamivudine/Nevirapine/Stavudine 150/200/30mg, tablets, 60 Tabs",Lamivudine/Nevirapine/Stavudine,Generic,150/200/30mg,Tablet - FDC,"Cipla, Goa, India",84647,60,69207,372333.66,5.38,0.09,802.75,,,FALSE,5/31/11,6/15/11,,
113-ZW-T30,FPQ-6470,SO-39510,DN-2205,Zimbabwe,PMO - US,From RDC,N/A - From RDC,Truck,ARV,Adult,SCMS from RDC,"Lamivudine/Tenofovir Disoproxil Fumarate 300/300mg, tablets, 30 Tabs",Lamivudine/Tenofovir Disoproxil Fumarate,Generic,300/300mg,Tablet - FDC,Mylan (formerly Matrix) Nashik,84648,30,10114,87283.82,8.63,0.29,188.18,,,FALSE,5/31/11,6/15/11,,
151-NG-T30,FPQ-6800,SO-38250,DN-2175,Nigeria,PMO - US,From RDC,N/A - From RDC,Air Charter,ARV,Adult,SCMS from RDC,"Nevirapine 200mg, tablets, 60 Tabs",Nevirapine,Generic,200mg,Tablet,"Strides, Bangalore, India.",84649,60,41142,103266.42,2.51,0.04,170.39,2822,12601.12,TRUE,6/21/11,5/11/11,,
151-NG-T30,FPQ-7217,SO-39610,DN-2225,Nigeria,PMO - US,From RDC,N/A - From RDC,Air Charter,ARV,Adult,SCMS from RDC,"Lamivudine/Nevirapine/Zidovudine 150/200/300mg, tablets, 60 Tabs",Lamivudine/Nevirapine/Zidovudine,Generic,150/300/200mg,Tablet - FDC,"Aurobindo Unit III, India",84650,60,53109,595883,11.22,0.19,983.21,19464,13398.06,TRUE,6/15/11,7/6/11,,
100-BJ-T30,FPQ-7658,SO-39790,DN-2237,Benin,PMO - US,From RDC,N/A - From RDC,Air,ARV,Adult,SCMS from RDC,"Lamivudine/Tenofovir Disoproxil Fumarate 300/300mg, tablets, 30 Tabs",Lamivudine/Tenofovir Disoproxil Fumarate,Generic,300/300mg,Tablet - FDC,Mylan (formerly Matrix) Nashik,84651,30,4545,39223.35,8.63,0.29,64.72,,,FALSE,6/13/11,6/9/11,,
100-BJ-T30,FPQ-7658,SO-39790,DN-2237,Benin,PMO - US,From RDC,N/A - From RDC,Air,ARV,Adult,SCMS from RDC,"Efavirenz 600mg, tablets, 30 Tabs",Efavirenz,Generic,600mg,Tablet,"Aurobindo Unit III, India",84652,30,575,2426.5,4.22,0.14,4,,,FALSE,6/13/11,6/9/11,,
100-BJ-T30,FPQ-7658,SO-39790,DN-2237,Benin,PMO - US,From RDC,N/A - From RDC,Air,ARV,Adult,SCMS from RDC,"Lamivudine/Nevirapine/Zidovudine 150/200/300mg, tablets, 60 Tabs",Lamivudine/Nevirapine/Zidovudine,Generic,150/300/200mg,Tablet - FDC,Mylan (formerly Matrix) Nashik,84653,60,2590,29059.8,11.22,0.19,47.95,,,FALSE,6/13/11,6/9/11,,
111-MZ-T30,FPQ-7053,SO-39820,DN-2242,Mozambique,PMO - US,From RDC,N/A - From RDC,Truck,ARV,Pediatric,SCMS from RDC,"Nevirapine 10mg/ml, oral suspension w/syringe, Bottle, 240 ml",Nevirapine,Generic,10mg/ml,Oral suspension,"Aurobindo Unit III, India",84654,240,14000,27300,1.95,0.01,45.04,14413,5491.01,TRUE,8/10/11,8/4/11,,
110-ZM-T30,FPQ-7233,SO-39920,DN-2255,Zambia,PMO - US,From RDC,N/A - From RDC,Truck,ARV,Pediatric,SCMS from RDC,"Nevirapine 10mg/ml, oral suspension, Bottle, 240 ml",Nevirapine,Generic,10mg/ml,Oral suspension,"Aurobindo Unit III, India",84655,240,20000,36000,1.8,0.01,59.4,7482,6801.72,TRUE,7/15/11,7/11/11,,
114-UG-T30,FPQ-7652,SO-39490,DN-2256,Uganda,PMO - US,From RDC,N/A - From RDC,Truck,ARV,Adult,SCMS from RDC,"Tenofovir Disoproxil Fumarate 300mg, tablets, 30 Tabs",Tenofovir Disoproxil Fumarate,Generic,300mg,Tablet,Mylan (formerly Matrix) Nashik,84656,30,2011,13212.27,6.57,0.22,21.8,126,1661,TRUE,8/1/11,6/28/11,,
109-TZ-T30,FPQ-6713,SO-38160,DN-2261,Tanzania,PMO - US,From RDC,N/A - From RDC,Truck,ARV,Adult,SCMS from RDC,"Efavirenz/Emtricitabine/Tenofovir Disoproxil Fumarate 600/200/300mg, tablets, 30 Tabs",Efavirenz/Emtricitabine/Tenofovir Disoproxil Fumarate,Generic,600/200/300mg,Tablet - FDC,Mylan (formerly Matrix) Nashik,84657,30,54375,1083150,19.92,0.66,1787.2,11129,13838.17,TRUE,4/28/11,7/15/11,,
100-GH-T30,FPQ-7799,SO-39980,DN-2262,Ghana,PMO - US,From RDC,N/A - From RDC,Air,ARV,Adult,SCMS from RDC,"Tenofovir Disoproxil Fumarate 300mg, tablets, 30 Tabs",Tenofovir Disoproxil Fumarate,Generic,300mg,Tablet,"Aurobindo Unit III, India",84658,30,1086,6972.12,6.42,0.21,11.5,90,226.25,TRUE,7/4/11,6/9/11,,
100-ZW-T30,FPQ-7559,SO-40040,DN-2266,Zimbabwe,PMO - US,From RDC,N/A - From RDC,Truck,ARV,Pediatric,SCMS from RDC,"Abacavir 20mg/ml, oral solution, Bottle, 240 ml",Abacavir,Generic,20mg/ml,Oral solution,"Aurobindo Unit III, India",84659,240,1191,16197.6,13.6,0.06,26.73,445,2143.48,TRUE,8/15/11,8/11/11,,
111-MZ-T30,FPQ-7053,SO-38660,DN-2269,Mozambique,PMO - US,From RDC,N/A - From RDC,Truck,ARV,Adult,SCMS from RDC,"Lamivudine/Zidovudine 150/300mg, tablets, 60 Tabs",Lamivudine/Zidovudine,Generic,150/300mg,Tablet - FDC,"Aurobindo Unit III, India",84660,60,39636,338887.8,8.55,0.14,559.16,3666,3525.04,TRUE,8/31/11,9/1/11,,
106-HT-T30,FPQ-6801,SO-38212,DN-2291,Haiti,PMO - US,From RDC,N/A - From RDC,Air,ARV,Pediatric,SCMS from RDC,"Lamivudine 10mg/ml, oral solution w/syringe, Bottle, 240 ml",Lamivudine,Generic,10mg/ml,Oral solution,"Aurobindo Unit III, India",84661,240,5110,9862.3,1.93,0.01,16.27,1840,14866.14,TRUE,7/19/11,7/17/11,,
109-TZ-T30,FPQ-8002,SO-40190,DN-2306,Tanzania,PMO - US,From RDC,N/A - From RDC,Truck,ARV,Adult,SCMS from RDC,"Lopinavir/Ritonavir 200/50mg [Aluvia], tablets, 120 Tabs",Lopinavir/Ritonavir,Aluvia,200/50mg,Tablet,ABBVIE Ludwigshafen Germany,84662,120,4389,148084.86,33.74,0.28,244.34,880,3175.7,TRUE,8/5/11,8/16/11,,
111-MZ-T30,FPQ-7053,SO-38634,DN-2303,Mozambique,PMO - US,From RDC,N/A - From RDC,Truck,ARV,Adult,SCMS from RDC,"Nevirapine 200mg, tablets, 60 Tabs",Nevirapine,Generic,200mg,Tablet,"Aurobindo Unit VII, IN",84663,60,1890,4876.2,2.58,0.04,8.05,183,112.87,TRUE,9/30/11,9/15/11,,
106-HT-T30,FPQ-6801,SO-38213,DN-2310,Haiti,PMO - US,From RDC,N/A - From RDC,Air,ARV,Adult,SCMS from RDC,"Lamivudine/Zidovudine 150/300mg, tablets, 60 Tabs",Lamivudine/Zidovudine,Generic,150/300mg,Tablet - FDC,Mylan (formerly Matrix) Nashik,84664,60,18958,162090.9,8.55,0.14,267.45,,,FALSE,7/19/11,8/11/11,,
104-CI-T30,FPQ-7659,SO-40110,DN-2311,Côte d'Ivoire,PMO - US,From RDC,N/A - From RDC,Air,ARV,Pediatric,SCMS from RDC,"Abacavir 20mg/ml, oral solution w/syringe, Bottle, 240 ml",Abacavir,Generic,20mg/ml,Oral solution,"Aurobindo Unit III, India",84665,240,576,7200,12.5,0.05,11.88,212,1771.26,TRUE,10/25/11,8/5/11,,
110-ZM-T30,FPQ-7233,SO-39030,DN-2338,Zambia,PMO - US,From RDC,N/A - From RDC,Truck,ARV,Adult,SCMS from RDC,"Emtricitabine/Tenofovir Disoproxil Fumarate 200/300mg, tablets, 30 Tabs",Emtricitabine/Tenofovir Disoproxil Fumarate,Generic,200/300mg,Tablet - FDC,Mylan (formerly Matrix) Nashik,84667,30,169985,1665853,9.8,0.33,2748.66,18994,21077.51,TRUE,9/26/11,9/26/11,,
110-ZM-T30,FPQ-7085,SO-38742,DN-2342,Zambia,PMO - US,From RDC,N/A - From RDC,Truck,ARV,Adult,SCMS from RDC,"Lamivudine/Zidovudine 150/300mg, tablets, 60 Tabs",Lamivudine/Zidovudine,Generic,150/300mg,Tablet - FDC,"Aurobindo Unit VII, IN",84668,60,176308,1456304.1,8.26,0.14,2402.9,17967,21180.7,TRUE,9/29/11,9/26/11,,
151-NG-T30,FPQ-7812,SO-39992,DN-2351,Nigeria,PMO - US,From RDC,N/A - From RDC,Air Charter,ARV,Adult,SCMS from RDC,"Nevirapine 200mg, tablets, 60 Tabs",Nevirapine,Generic,200mg,Tablet,Hetero Unit III Hyderabad IN,84671,60,164398,412638.97,2.51,0.04,680.85,9988,18495.9,TRUE,11/3/11,9/28/11,,
901-SZ-T30,FPQ-8360,SO-40580,DN-2359,Swaziland,PMO - US,From RDC,N/A - From RDC,Air,ARV,Adult,SCMS from RDC,"Lopinavir/Ritonavir 200/50mg, tablets, 120 Tabs",Lopinavir/Ritonavir,Generic,200/50mg,Tablet,"Aurobindo Unit III, India",84672,120,5410,181776,33.6,0.28,299.93,,,FALSE,9/30/11,10/6/11,,
105-GY-T30,FPQ-8024,SO-40450,DN-2361,Guyana,PMO - US,From RDC,N/A - From RDC,Air,ARV,Adult,SCMS from RDC,"Stavudine 15mg, capsules, 60 Caps",Stavudine,Generic,15mg,Capsule,"Aurobindo Unit III, India",84673,60,21,27.72,1.32,0.02,0.05,294,4338.44,TRUE,12/15/11,9/28/11,,
104-CI-T30,FPQ-7659,SO-40123,DN-2369,Côte d'Ivoire,PMO - US,From RDC,N/A - From RDC,Air,ARV,Adult,SCMS from RDC,"Efavirenz 600mg, tablets, 30 Tabs",Efavirenz,Generic,600mg,Tablet,"Strides, Bangalore, India.",84674,30,62231,262614.8,4.22,0.14,433.31,3789,13956.38,TRUE,10/14/11,10/8/11,,
901-SZ-T30,FPQ-8360,SO-40591,DN-2371,Swaziland,PMO - US,From RDC,N/A - From RDC,Air,ARV,Adult,SCMS from RDC,"Lamivudine/Nevirapine/Zidovudine 150/200/300mg, tablets, 60 Tabs",Lamivudine/Nevirapine/Zidovudine,Generic,150/300/200mg,Tablet - FDC,"Aurobindo Unit VII, IN",84675,60,19100,214302,11.22,0.19,353.6,2237,3148.12,TRUE,9/30/11,9/29/11,,
109-TZ-T30,FPQ-6713,SO-40710,DN-2375,Tanzania,PMO - US,From RDC,N/A - From RDC,Truck,ARV,Adult,SCMS from RDC,"Efavirenz/Emtricitabine/Tenofovir Disoproxil Fumarate 600/200/300mg, tablets, 30 Tabs",Efavirenz/Emtricitabine/Tenofovir Disoproxil Fumarate,Generic,600/200/300mg,Tablet - FDC,Mylan (formerly Matrix) Nashik,84676,30,68235,1359241.2,19.92,0.66,2242.75,83,2094.34,TRUE,9/29/11,9/23/11,,
110-ZM-T30,FPQ-7085,SO-38730,DN-2385,Zambia,PMO - US,From RDC,N/A - From RDC,Truck,ARV,Adult,SCMS from RDC,"Efavirenz 600mg, tablets, 30 Tabs",Efavirenz,Generic,600mg,Tablet,"Strides, Bangalore, India.",84677,30,72974,315247.7,4.32,0.14,520.16,4471,10370.59,TRUE,10/31/11,11/4/11,,
113-ZW-T30,FPQ-7052,SO-38513,DN-2410,Zimbabwe,PMO - US,From RDC,N/A - From RDC,Truck,ARV,Adult,SCMS from RDC,"Lamivudine/Stavudine 150/30mg, tablets, 60 Tabs",Lamivudine/Stavudine,Generic,150/30mg,Tablet - FDC,"Cipla, Goa, India",84678,60,76,224.2,2.95,0.05,0.37,248,481.71,TRUE,11/14/11,11/21/11,,
151-NG-T30,FPQ-8364,SO-40726,DN-2403,Nigeria,PMO - US,From RDC,N/A - From RDC,Air Charter,ARV,Adult,SCMS from RDC,"Lamivudine/Tenofovir Disoproxil Fumarate 300/300mg, tablets, 30 Tabs",Lamivudine/Tenofovir Disoproxil Fumarate,Generic,300/300mg,Tablet - FDC,Mylan (formerly Matrix) Nashik,84679,30,18354,151053.42,8.23,0.27,249.24,1794,21326.7,TRUE,3/16/12,10/13/11,,
200-ZW-T30,FPQ-6483,SO-37900,DN-2411,Zimbabwe,PMO - US,From RDC,N/A - From RDC,Truck,ARV,Pediatric,SCMS from RDC,"Lamivudine/Nevirapine/Zidovudine 30/50/60mg, dispersible tablets, 60 Tabs",Lamivudine/Nevirapine/Zidovudine,Generic,30/50/60mg,Chewable/dispersible tablet - FDC,Mylan (formerly Matrix) Nashik,84680,60,30060,127755,4.25,0.07,275.44,1754,3537.26,TRUE,11/30/11,11/21/11,,
104-CI-T30,FPQ-7659,SO-40090,DN-2419,Côte d'Ivoire,PMO - US,From RDC,N/A - From RDC,Air,ARV,Pediatric,SCMS from RDC,"Didanosine 200mg, chewable/dispersible tablets, 60 Tabs",Didanosine,Generic,200mg,Chewable/dispersible tablet,"Aurobindo Unit III, India",84681,60,5184,77760,15,0.25,128.3,1103,3296.34,TRUE,12/20/11,11/19/11,,
104-CI-T30,FPQ-8295,SO-40750,DN-2420,Côte d'Ivoire,PMO - US,From RDC,N/A - From RDC,Truck,ARV,Adult,SCMS from RDC,"Tenofovir Disoproxil Fumarate 300mg, tablets, 30 Tabs",Tenofovir Disoproxil Fumarate,Generic,300mg,Tablet,Mylan (formerly Matrix) Nashik,84682,30,3040,19516.8,6.42,0.21,32.2,,,FALSE,12/9/11,11/19/11,,
900-SZ-T30,FPQ-8417,SO-40700,DN-2426,Swaziland,PMO - US,From RDC,N/A - From RDC,Air,ARV,Adult,SCMS from RDC,"Lamivudine/Nevirapine/Zidovudine 150/200/300mg, tablets, 60 Tabs",Lamivudine/Nevirapine/Zidovudine,Generic,150/300/200mg,Tablet - FDC,Mylan (formerly Matrix) Nashik,84683,60,45113,506167.88,11.22,0.19,835.18,5856,22711.84,TRUE,11/17/11,11/7/11,,
110-ZM-T30,FPQ-7767,SO-40272,DN-2434,Zambia,PMO - US,From RDC,N/A - From RDC,Truck,ARV,Adult,SCMS from RDC,"Zidovudine 300mg, tablets, 60 Tabs",Zidovudine,Generic,300mg,Tablet,Hetero Unit III Hyderabad IN,84684,60,6376,44759.52,7.02,0.12,73.85,639,889.94,TRUE,2/28/12,11/28/11,,
114-UG-T30,FPQ-8520,SO-40911,DN-2435,Uganda,PMO - US,From RDC,N/A - From RDC,Truck,ARV,Adult,SCMS from RDC,"Lamivudine/Zidovudine 150/300mg, tablets, 60 Tabs",Lamivudine/Zidovudine,Generic,150/300mg,Tablet - FDC,"Aurobindo Unit III, India",84685,60,1529,12629.54,8.26,0.14,20.84,,,FALSE,1/9/12,12/1/11,,
151-NG-T30,FPQ-7812,SO-40728,DN-2451,Nigeria,PMO - US,From RDC,N/A - From RDC,Air Charter,ARV,Adult,SCMS from RDC,"Efavirenz 600mg, tablets, 30 Tabs",Efavirenz,Generic,600mg,Tablet,"Strides, Bangalore, India.",84686,30,15802,66684.44,4.22,0.14,110.03,1086,15322.73,TRUE,12/20/11,12/18/11,,
151-NG-T30,FPQ-8364,SO-40661,DN-2465,Nigeria,PMO - US,From RDC,N/A - From RDC,Air Charter,ARV,Adult,SCMS from RDC,"Lamivudine/Nevirapine/Zidovudine 150/200/300mg, tablets, 60 Tabs",Lamivudine/Nevirapine/Zidovudine,Generic,150/300/200mg,Tablet - FDC,"Aurobindo Unit III, India",84687,60,45042,505371.25,11.22,0.19,833.86,,,FALSE,3/16/12,12/18/11,,
104-CI-T30,FPQ-8363,SO-40831,DN-2469,Côte d'Ivoire,PMO - US,From RDC,N/A - From RDC,Air Charter,ARV,Adult,SCMS from RDC,"Lamivudine/Zidovudine 150/300mg, tablets, 60 Tabs",Lamivudine/Zidovudine,Generic,150/300mg,Tablet - FDC,"Cipla, Goa, India",84688,60,57061,471323.88,8.26,0.14,777.68,,,FALSE,4/27/12,2/8/12,,
110-ZM-T30,FPQ-8383,SO-40740,DN-2476,Zambia,PMO - US,From RDC,N/A - From RDC,Truck,ARV,Adult,SCMS from RDC,"Emtricitabine/Tenofovir Disoproxil Fumarate 200/300mg, tablets, 30 Tabs",Emtricitabine/Tenofovir Disoproxil Fumarate,Generic,200/300mg,Tablet - FDC,Mylan (formerly Matrix) Nashik,84689,30,113925,1021907.25,8.97,0.3,1686.15,9875,14325.71,TRUE,1/19/12,12/23/11,,
109-TZ-T30,FPQ-8297,SO-40641,DN-2484,Tanzania,PMO - US,From RDC,N/A - From RDC,Truck,ARV,Adult,SCMS from RDC,"Abacavir 300mg, tablets, 60 Tabs",Abacavir,Generic,300mg,Tablet,Mylan (formerly Matrix) Nashik,84690,60,23940,350242.2,14.63,0.24,577.9,1500,1698.83,TRUE,3/12/12,3/12/12,,
101-CD-T30,FPQ-8840,SO-41132,DN-2494,"Congo, DRC",PMO - US,From RDC,N/A - From RDC,Air,ARV,Adult,SCMS from RDC,"Efavirenz 600mg, tablets, 30 Tabs",Efavirenz,Generic,600mg,Tablet,"Strides, Bangalore, India.",84691,30,27,111.24,4.12,0.14,0.16,,,FALSE,3/16/12,2/14/12,,
101-CD-T30,FPQ-8840,SO-41132,DN-2494,"Congo, DRC",PMO - US,From RDC,N/A - From RDC,Air,ARV,Adult,SCMS from RDC,"Lamivudine/Nevirapine/Zidovudine 150/200/300mg, tablets, 60 Tabs",Lamivudine/Nevirapine/Zidovudine,Generic,150/300/200mg,Tablet - FDC,Mylan (formerly Matrix) Nashik,84692,60,226,2486,11,0.18,3.49,,,FALSE,3/16/12,2/14/12,,
101-CD-T30,FPQ-8840,SO-41132,DN-2494,"Congo, DRC",PMO - US,From RDC,N/A - From RDC,Air,ARV,Adult,SCMS from RDC,"Lopinavir/Ritonavir 200/50mg, tablets, 120 Tabs",Lopinavir/Ritonavir,Generic,200/50mg,Tablet,"Aurobindo Unit III, India",84693,120,20,674.8,33.74,0.28,0.95,,,FALSE,3/16/12,2/14/12,,
101-CD-T30,FPQ-8840,SO-41133,DN-2495,"Congo, DRC",PMO - US,From RDC,N/A - From RDC,Air,ARV,Adult,SCMS from RDC,"Abacavir 300mg, tablets, 60 Tabs",Abacavir,Generic,300mg,Tablet,Mylan (formerly Matrix) Nashik,84694,60,23,336.49,14.63,0.24,0.47,,,FALSE,3/16/12,2/14/12,,
101-CD-T30,FPQ-8840,SO-41134,DN-2496,"Congo, DRC",PMO - US,From RDC,N/A - From RDC,Air,ARV,Adult,SCMS from RDC,"Efavirenz 600mg, tablets, 30 Tabs",Efavirenz,Generic,600mg,Tablet,"Strides, Bangalore, India.",84695,30,19,78.28,4.12,0.14,0.11,,,FALSE,3/16/12,2/14/12,,
101-CD-T30,FPQ-8840,SO-41134,DN-2496,"Congo, DRC",PMO - US,From RDC,N/A - From RDC,Air,ARV,Adult,SCMS from RDC,"Lopinavir/Ritonavir 200/50mg, tablets, 120 Tabs",Lopinavir/Ritonavir,Generic,200/50mg,Tablet,"Aurobindo Unit III, India",84696,120,17,573.58,33.74,0.28,0.8,,,FALSE,3/16/12,2/14/12,,
101-CD-T30,FPQ-8840,SO-41134,DN-2496,"Congo, DRC",PMO - US,From RDC,N/A - From RDC,Air,ARV,Adult,SCMS from RDC,"Nevirapine 200mg, tablets, 60 Tabs",Nevirapine,Generic,200mg,Tablet,"Strides, Bangalore, India.",84697,60,40,103.2,2.58,0.04,0.14,,,FALSE,3/16/12,2/14/12,,
101-CD-T30,FPQ-8840,SO-41135,DN-2497,"Congo, DRC",PMO - US,From RDC,N/A - From RDC,Air,ARV,Adult,SCMS from RDC,"Abacavir 300mg, tablets, 60 Tabs",Abacavir,Generic,300mg,Tablet,Mylan (formerly Matrix) Nashik,84698,60,9,131.67,14.63,0.24,0.18,,,FALSE,3/16/12,2/14/12,,
101-CD-T30,FPQ-8840,SO-41136,DN-2498,"Congo, DRC",PMO - US,From RDC,N/A - From RDC,Air,ARV,Adult,SCMS from RDC,"Lamivudine/Zidovudine 150/300mg, tablets, 60 Tabs",Lamivudine/Zidovudine,Generic,150/300mg,Tablet - FDC,"Aurobindo Unit III, India",84699,60,45,371.7,8.26,0.14,0.52,,,FALSE,3/16/12,2/14/12,,
101-CD-T30,FPQ-8840,SO-41136,DN-2498,"Congo, DRC",PMO - US,From RDC,N/A - From RDC,Air,ARV,Adult,SCMS from RDC,"Lopinavir/Ritonavir 200/50mg, tablets, 120 Tabs",Lopinavir/Ritonavir,Generic,200/50mg,Tablet,"Aurobindo Unit III, India",84700,120,9,303.66,33.74,0.28,0.43,,,FALSE,3/16/12,2/14/12,,
101-CD-T30,FPQ-8840,SO-41137,DN-2499,"Congo, DRC",PMO - US,From RDC,N/A - From RDC,Air,ARV,Adult,SCMS from RDC,"Lamivudine/Nevirapine/Zidovudine 150/200/300mg, tablets, 60 Tabs",Lamivudine/Nevirapine/Zidovudine,Generic,150/300/200mg,Tablet - FDC,Mylan (formerly Matrix) Nashik,84701,60,680,7480,11,0.18,10.49,,,FALSE,3/16/12,2/14/12,,
101-CD-T30,FPQ-8840,SO-41147,DN-2511,"Congo, DRC",PMO - US,From RDC,N/A - From RDC,Air,ARV,Adult,SCMS from RDC,"Lamivudine/Tenofovir Disoproxil Fumarate 300/300mg, tablets, 30 Tabs",Lamivudine/Tenofovir Disoproxil Fumarate,Generic,300/300mg,Tablet - FDC,Mylan (formerly Matrix) Nashik,84702,30,45,273.6,6.08,0.2,0.38,,,FALSE,3/16/12,3/14/12,,
106-HT-T30,FPQ-9056,SO-41320,DN-2521,Haiti,PMO - US,From RDC,N/A - From RDC,Air,ARV,Adult,SCMS from RDC,"Lamivudine/Nevirapine/Stavudine 150/200/30mg, tablets, 60 Tabs",Lamivudine/Nevirapine/Stavudine,Generic,150/200/30mg,Tablet - FDC,"Strides, Bangalore, India.",84704,60,180,968.4,5.38,0.09,1.36,37,1221.01,TRUE,3/30/12,2/13/12,,
101-CD-T30,FPQ-8840,SO-41384,DN-2525,"Congo, DRC",PMO - US,From RDC,N/A - From RDC,Air,ARV,Adult,SCMS from RDC,"Lamivudine 150mg, tablets, 60 Tabs",Lamivudine,Generic,150mg,Tablet,Hetero Unit III Hyderabad IN,84705,60,43,100.19,2.33,0.04,0.14,2,91.42,TRUE,3/22/12,3/22/12,,
101-CD-T30,FPQ-8840,SO-41385,DN-2526,"Congo, DRC",PMO - US,From RDC,N/A - From RDC,Air,ARV,Adult,SCMS from RDC,"Lamivudine 150mg, tablets, 60 Tabs",Lamivudine,Generic,150mg,Tablet,Hetero Unit III Hyderabad IN,84706,60,23,53.59,2.33,0.04,0.08,1,522.42,TRUE,3/22/12,3/22/12,,
101-CD-T30,FPQ-8840,SO-41386,DN-2527,"Congo, DRC",PMO - US,From RDC,N/A - From RDC,Air,ARV,Adult,SCMS from RDC,"Lamivudine 150mg, tablets, 60 Tabs",Lamivudine,Generic,150mg,Tablet,Hetero Unit III Hyderabad IN,84707,60,24,55.92,2.33,0.04,0.08,2,522.42,TRUE,3/22/12,3/22/12,,
106-HT-T30,FPQ-9056,SO-41300,DN-2535,Haiti,PMO - US,From RDC,N/A - From RDC,Air,ARV,Adult,SCMS from RDC,"Lamivudine/Nevirapine/Zidovudine 150/200/300mg, tablets, 60 Tabs",Lamivudine/Nevirapine/Zidovudine,Generic,150/300/200mg,Tablet - FDC,"Aurobindo Unit III, India",84708,60,66672,733392,11,0.18,1028.22,,,FALSE,3/2/12,3/12/12,,
114-UG-T30,FPQ-8522,SO-40920,DN-2549,Uganda,PMO - US,From RDC,N/A - From RDC,Truck,ARV,Adult,SCMS from RDC,"Lamivudine 150mg, tablets, 60 Tabs",Lamivudine,Generic,150mg,Tablet,"Aurobindo Unit III, India",84709,60,2596,6048.68,2.33,0.04,9.98,125,1831.41,TRUE,3/30/12,2/17/12,,
104-CI-T30,FPQ-8363,SO-40820,DN-2551,Côte d'Ivoire,PMO - US,From RDC,N/A - From RDC,Truck,ARV,Adult,SCMS from RDC,"Emtricitabine/Tenofovir Disoproxil Fumarate 200/300mg, tablets, 30 Tabs",Emtricitabine/Tenofovir Disoproxil Fumarate,Generic,200/300mg,Tablet - FDC,"Aurobindo Unit III, India",84710,30,10760,94150,8.75,0.29,155.35,,,FALSE,3/2/12,2/24/12,,
109-TZ-T30,FPQ-8297,SO-40600,DN-2571,Tanzania,PMO - US,From RDC,N/A - From RDC,Truck,ARV,Adult,SCMS from RDC,"Efavirenz 600mg, tablets, 30 Tabs",Efavirenz,Generic,600mg,Tablet,"Strides, Bangalore, India.",84711,30,137269,579275.2,4.22,0.14,955.8,8474,3279.25,TRUE,4/11/12,4/11/12,,
102-BI-T30,FPQ-9229,SO-41530,DN-2594,Burundi,PMO - US,From RDC,N/A - From RDC,Air,ARV,Adult,SCMS from RDC,"Efavirenz 600mg, tablets, 30 Tabs",Efavirenz,Generic,600mg,Tablet,"Strides, Bangalore, India.",84712,30,27000,111240,4.12,0.14,155.96,,,FALSE,4/26/12,5/4/12,,
102-BI-T30,FPQ-9229,SO-41540,DN-2595,Burundi,PMO - US,From RDC,N/A - From RDC,Air,ARV,Pediatric,SCMS from RDC,"Lamivudine 10mg/ml, oral solution w/syringe, Bottle, 240 ml",Lamivudine,Generic,10mg/ml,Oral solution,"Aurobindo Unit III, India",84713,240,240,444,1.85,0.01,0.62,,,FALSE,4/26/12,4/9/12,,
109-TZ-T30,FPQ-8297,SO-40610,DN-2598,Tanzania,PMO - US,From RDC,N/A - From RDC,Truck,ARV,Adult,SCMS from RDC,"Lamivudine/Zidovudine 150/300mg, tablets, 60 Tabs",Lamivudine/Zidovudine,Generic,150/300mg,Tablet - FDC,Hetero Unit III Hyderabad IN,84714,60,150446,1242684,8.26,0.14,2050.43,,,FALSE,5/4/12,4/11/12,,
114-UG-T30,FPQ-8522,SO-40932,DN-2602,Uganda,PMO - US,From RDC,N/A - From RDC,Truck,ARV,Adult,SCMS from RDC,"Efavirenz 600mg, tablets, 30 Tabs",Efavirenz,Generic,600mg,Tablet,"Strides, Bangalore, India.",84715,30,24657,101586.84,4.12,0.14,167.62,1511,7403.01,TRUE,4/16/12,3/27/12,,
114-UG-T30,FPQ-9354,SO-41640,DN-2609,Uganda,PMO - US,From RDC,N/A - From RDC,Air,ARV,Adult,SCMS from RDC,"Efavirenz/Emtricitabine/Tenofovir Disoproxil Fumarate 600/200/300mg, tablets, 30 Tabs",Efavirenz/Emtricitabine/Tenofovir Disoproxil Fumarate,Generic,600/200/300mg,Tablet - FDC,Mylan (formerly Matrix) Nashik,84716,30,11852,198283.95,16.73,0.56,277.99,1342,6340.2,TRUE,6/21/12,3/27/12,,
113-ZW-T30,FPQ-8464,SO-40860,DN-2621,Zimbabwe,PMO - US,From RDC,N/A - From RDC,Truck,ARV,Adult,SCMS from RDC,"Lamivudine/Zidovudine 150/300mg, tablets, 60 Tabs",Lamivudine/Zidovudine,Generic,150/300mg,Tablet - FDC,"Cipla, Goa, India",84717,60,3345,27629.7,8.26,0.14,45.59,,,FALSE,4/17/12,5/7/12,,
104-CI-T30,FPQ-8787,SO-41150,DN-2623,Côte d'Ivoire,PMO - US,From RDC,N/A - From RDC,Air,ARV,Pediatric,SCMS from RDC,"Didanosine 200mg, delayed-release capsules, 30 Caps",Didanosine,Generic,200mg,Delayed-release capsules,"Aurobindo Unit III, India",84718,30,3765,41415,11,0.37,58.06,,,FALSE,4/16/12,4/11/12,,
107-RW-T30,FPQ-9190,SO-41430,DN-2625,Rwanda,PMO - US,From RDC,N/A - From RDC,Air,ARV,Pediatric,SCMS from RDC,"Efavirenz 200mg, capsule, 90 Caps",Efavirenz,Generic,200mg,Capsule,"Aurobindo Unit III, India",84719,90,487,4207.68,8.64,0.1,5.9,66,585.42,TRUE,6/29/12,4/17/12,,
102-DO-T30,FPQ-9676,SO-41870,DN-2639,Dominican Republic,PMO - US,From RDC,N/A - From RDC,Air,ARV,Pediatric,SCMS from RDC,"Zidovudine 10mg/ml, oral solution w/syringe, Bottle, 240 ml",Zidovudine,Generic,10mg/ml,Oral solution,"Aurobindo Unit III, India",84720,240,1100,2310,2.1,0.01,3.24,,,FALSE,5/21/12,5/16/12,,
102-LY-T30,FPQ-9665,SO-41890,DN-2640,Libya,PMO - US,From RDC,N/A - From RDC,Air,ARV,Adult,SCMS from RDC,"Tenofovir Disoproxil Fumarate 300mg, tablets, 30 Tabs",Tenofovir Disoproxil Fumarate,Generic,300mg,Tablet,Mylan (formerly Matrix) Nashik,84721,30,150,825,5.5,0.18,1.16,,,FALSE,6/6/12,5/8/12,,
151-NG-T30,FPQ-8952,SO-41922,DN-2649,Nigeria,PMO - US,From RDC,N/A - From RDC,Air Charter,ARV,Adult,SCMS from RDC,"Lamivudine/Tenofovir Disoproxil Fumarate 300/300mg, tablets, 30 Tabs",Lamivudine/Tenofovir Disoproxil Fumarate,Generic,300/300mg,Tablet - FDC,Mylan (formerly Matrix) Nashik,84722,30,140273,777112.44,5.54,0.18,1089.51,11734,27441.22,TRUE,6/20/12,4/30/12,,
107-RW-T30,FPQ-9637,SO-41820,DN-2653,Rwanda,PMO - US,From RDC,N/A - From RDC,Air,ARV,Adult,SCMS from RDC,"Efavirenz 600mg, tablets, 30 Tabs",Efavirenz,Generic,600mg,Tablet,"Strides, Bangalore, India.",84723,30,24126,94332.66,3.91,0.13,132.25,1444,15842.34,TRUE,6/29/12,5/15/12,,
107-RW-T30,FPQ-9911,SO-42090,DN-2670,Rwanda,PMO - US,From RDC,N/A - From RDC,Air,ARV,Pediatric,SCMS from RDC,"Abacavir 20mg/ml, oral solution, Bottle, 240 ml",Abacavir,Generic,20mg/ml,Oral solution,"Cipla, Goa, India",84724,240,1004,8534,8.5,0.04,11.96,1,3253.88,TRUE,6/8/12,6/1/12,,
113-ZW-T30,FPQ-8464,SO-40882,DN-2682,Zimbabwe,PMO - US,From RDC,N/A - From RDC,Truck,ARV,Adult,SCMS from RDC,"Lamivudine/Nevirapine/Stavudine 150/200/30mg, tablets, 60 Tabs",Lamivudine/Nevirapine/Stavudine,Generic,150/200/30mg,Tablet - FDC,"Strides, Bangalore, India.",84725,60,4050,19035,4.7,0.08,31.41,,,TRUE,8/14/12,5/10/12,,
107-RW-T30,FPQ-9912,SO-42150,DN-2674,Rwanda,PMO - US,From RDC,N/A - From RDC,Air,ARV,Adult,SCMS from RDC,"Lamivudine/Zidovudine 150/300mg, tablets, 60 Tabs",Lamivudine/Zidovudine,Generic,150/300mg,Tablet - FDC,Mylan (formerly Matrix) Nashik,84726,60,30480,237134.4,7.78,0.13,332.46,698,26845.35,TRUE,6/29/12,6/1/12,,
114-UG-T30,FPQ-9875,SO-42050,DN-2675,Uganda,PMO - US,From RDC,N/A - From RDC,Air,ARV,Adult,SCMS from RDC,"Nevirapine 200mg, tablets, 60 Tabs",Nevirapine,Generic,200mg,Tablet,Mylan (formerly Matrix) Nashik,84727,60,12974,31656.56,2.44,0.04,44.38,,,FALSE,7/4/12,6/12/12,,
111-MZ-T30,FPQ-8157,SO-40384,DN-2680,Mozambique,PMO - US,From RDC,N/A - From RDC,Truck,ARV,Adult,SCMS from RDC,"Lamivudine/Nevirapine/Stavudine 150/200/30mg, tablets, 60 Tabs",Lamivudine/Nevirapine/Stavudine,Generic,150/200/30mg,Tablet - FDC,"Strides, Bangalore, India.",84728,60,4050,19035,4.7,0.08,31.41,,,TRUE,5/16/12,5/10/12,,
107-RW-T30,FPQ-9888,SO-42110,DN-2673,Rwanda,PMO - US,From RDC,N/A - From RDC,Air,ARV,Adult,SCMS from RDC,"Abacavir 300mg, tablets, 60 Tabs",Abacavir,Generic,300mg,Tablet,Mylan (formerly Matrix) Nashik,84729,60,12000,157800,13.15,0.22,221.24,1239,28202,TRUE,6/15/12,6/1/12,,
105-GY-T30,FPQ-9819,SO-42030,DN-2700,Guyana,PMO - US,From RDC,N/A - From RDC,Air,ARV,Adult,SCMS from RDC,"Zidovudine 300mg, tablets, 60 Tabs",Zidovudine,Generic,300mg,Tablet,"Aurobindo Unit III, India",84730,60,852,5802.12,6.81,0.11,8.13,46,1255.62,TRUE,7/10/12,6/18/12,,
113-ZW-T30,FPQ-8464,SO-40891,DN-2694,Zimbabwe,PMO - US,From RDC,N/A - From RDC,Truck,ARV,Adult,SCMS from RDC,"Lamivudine/Nevirapine/Zidovudine 150/200/300mg, tablets, 60 Tabs",Lamivudine/Nevirapine/Zidovudine,Generic,150/300/200mg,Tablet - FDC,Mylan (formerly Matrix) Nashik,84731,60,11574,119096.46,10.29,0.17,196.51,,,FALSE,10/16/12,6/27/12,,
151-NG-T30,FPQ-9432,SO-42643,DN-2734,Nigeria,PMO - US,From RDC,N/A - From RDC,Air Charter,ARV,Adult,SCMS from RDC,"Emtricitabine/Tenofovir Disoproxil Fumarate 200/300mg, tablets, 30 Tabs",Emtricitabine/Tenofovir Disoproxil Fumarate,Generic,200/300mg,Tablet - FDC,"Aurobindo Unit III, India",84732,30,53000,376830,7.11,0.24,528.32,5252,21347.13,TRUE,8/2/12,7/10/12,,
113-ZW-T30,FPQ-8464,SO-40890,DN-2741,Zimbabwe,PMO - US,From RDC,N/A - From RDC,Truck,ARV,Adult,SCMS from RDC,"Lamivudine/Tenofovir Disoproxil Fumarate 300/300mg, tablets, 30 Tabs",Lamivudine/Tenofovir Disoproxil Fumarate,Generic,300/300mg,Tablet - FDC,Mylan (formerly Matrix) Nashik,84733,30,78082,418519.53,5.36,0.18,690.56,,,FALSE,10/16/12,7/23/12,,
114-UG-T30,FPQ-9355,SO-41593,DN-2744,Uganda,PMO - US,From RDC,N/A - From RDC,Truck,ARV,Adult,SCMS from RDC,"Efavirenz/Emtricitabine/Tenofovir Disoproxil Fumarate 600/200/300mg, tablets, 30 Tabs",Efavirenz/Emtricitabine/Tenofovir Disoproxil Fumarate,Generic,600/200/300mg,Tablet - FDC,Mylan (formerly Matrix) Nashik,84734,30,6150,92496,15.04,0.5,129.68,,,FALSE,9/5/12,7/26/12,,
114-UG-T30,FPQ-9355,SO-41593,DN-2744,Uganda,PMO - US,From RDC,N/A - From RDC,Truck,ARV,Adult,SCMS from RDC,"Tenofovir Disoproxil Fumarate 300mg, tablets, 30 Tabs",Tenofovir Disoproxil Fumarate,Generic,300mg,Tablet,Mylan (formerly Matrix) Nashik,84735,30,804,3875.28,4.82,0.16,5.43,,,FALSE,9/5/12,7/26/12,,
110-ZM-T30,FPQ-9081,SO-41282,DN-2748,Zambia,PMO - US,From RDC,N/A - From RDC,Truck,ARV,Adult,SCMS from RDC,"Nevirapine 200mg, tablets, 60 Tabs",Nevirapine,Generic,200mg,Tablet,Mylan (formerly Matrix) Nashik,84736,60,16947,41011.74,2.42,0.04,57.5,1956,8709,TRUE,7/31/12,7/30/12,,
104-CI-T30,FPQ-8790,SO-41202,DN-2752,Côte d'Ivoire,PMO - US,From RDC,N/A - From RDC,Air,ARV,Adult,SCMS from RDC,"Lamivudine/Zidovudine 150/300mg, tablets, 60 Tabs",Lamivudine/Zidovudine,Generic,150/300mg,Tablet - FDC,Mylan (formerly Matrix) Nashik,84737,60,336,2614.08,7.78,0.13,3.66,27,1845.31,TRUE,7/31/12,7/31/12,,
151-NG-T30,FPQ-9432,SO-42930,DN-2791,Nigeria,PMO - US,From RDC,N/A - From RDC,Air Charter,ARV,Adult,SCMS from RDC,"Lamivudine/Zidovudine 150/300mg, tablets, 60 Tabs",Lamivudine/Zidovudine,Generic,150/300mg,Tablet - FDC,Hetero Unit III Hyderabad IN,84738,60,12616,100928,8,0.13,141.5,,,FALSE,8/20/12,8/14/12,,
151-NG-T30,FPQ-9432,SO-42932,DN-2793,Nigeria,PMO - US,From RDC,N/A - From RDC,Air Charter,ARV,Adult,SCMS from RDC,"Emtricitabine/Tenofovir Disoproxil Fumarate 200/300mg, tablets, 30 Tabs",Emtricitabine/Tenofovir Disoproxil Fumarate,Generic,200/300mg,Tablet - FDC,"Aurobindo Unit III, India",84739,30,41665,296238.16,7.11,0.24,415.33,5110,18461.22,TRUE,8/20/12,8/14/12,,
107-RW-T30,FPQ-9888,SO-42134,DN-2797,Rwanda,PMO - US,From RDC,N/A - From RDC,Air,ARV,Adult,SCMS from RDC,"Abacavir 300mg, tablets, 60 Tabs",Abacavir,Generic,300mg,Tablet,"Aurobindo Unit III, India",84740,60,6985,91852.75,13.15,0.22,128.78,718,12688.85,TRUE,8/31/12,8/23/12,,
107-RW-T30,FPQ-10042,SO-42490,DN-2798,Rwanda,PMO - US,From RDC,N/A - From RDC,Air,ARV,Adult,SCMS from RDC,"Efavirenz 600mg, tablets, 30 Tabs",Efavirenz,Generic,600mg,Tablet,"Aurobindo Unit III, India",84741,30,2000,7820,3.91,0.13,10.96,,,FALSE,8/31/12,8/23/12,,
104-CI-T30,FPQ-9749,SO-42350,DN-2806,Côte d'Ivoire,PMO - US,From RDC,N/A - From RDC,Truck,ARV,Adult,SCMS from RDC,"Abacavir/Lamivudine/Zidovudine 300/150/300mg, tablets, 60 Tabs",Abacavir/Lamivudine/Zidovudine,Generic,300/150/300mg,Tablet - FDC,Mylan (formerly Matrix) Nashik,84742,60,2050,57400,28,0.47,80.47,312,2128.15,TRUE,10/1/12,8/27/12,,
104-CI-T30,FPQ-9261,SO-41490,DN-2809,Côte d'Ivoire,PMO - US,From RDC,N/A - From RDC,Truck,ARV,Adult,SCMS from RDC,"Lopinavir/Ritonavir 200/50mg, tablets, 120 Tabs",Lopinavir/Ritonavir,Generic,200/50mg,Tablet,"Aurobindo Unit III, India",84743,120,13033,381997.22,29.31,0.24,535.56,,,FALSE,9/17/12,8/27/12,,
102-CD-T30,FPQ-9906,SO-42340,DN-2812,"Congo, DRC",PMO - US,From RDC,N/A - From RDC,Air,ARV,Adult,SCMS from RDC,"Nevirapine 200mg, tablets, 60 Tabs",Nevirapine,Generic,200mg,Tablet,Hetero Unit III Hyderabad IN,84744,60,739,1803.16,2.44,0.04,2.53,,,FALSE,2/14/13,2/14/13,,
104-CI-T30,FPQ-9749,SO-42401,DN-2814,Côte d'Ivoire,PMO - US,From RDC,N/A - From RDC,Truck,ARV,Adult,SCMS from RDC,"Efavirenz/Lamivudine/Tenofovir Disoproxil Fumarate 600/300/300mg, tablets, 30 Tabs",Efavirenz/Lamivudine/Tenofovir Disoproxil Fumarate,Generic,600/300/300mg,Tablet - FDC,Mylan (formerly Matrix) Nashik,84745,30,40230,533852.1,13.27,0.44,748.46,4525,11874.85,TRUE,10/30/12,8/27/12,,
114-UG-T30,FPQ-9355,SO-41594,DN-2815,Uganda,PMO - US,From RDC,N/A - From RDC,Truck,ARV,Adult,SCMS from RDC,"Lamivudine/Zidovudine 150/300mg, tablets, 60 Tabs",Lamivudine/Zidovudine,Generic,150/300mg,Tablet - FDC,Hetero Unit III Hyderabad IN,84746,60,5154,39788.88,7.72,0.13,55.78,429,3293.34,TRUE,10/30/12,10/30/12,,
104-CI-T30,FPQ-9063,SO-41360,DN-2816,Côte d'Ivoire,PMO - US,From RDC,N/A - From RDC,Truck,ARV,Adult,SCMS from RDC,"Lamivudine/Nevirapine/Zidovudine 150/200/300mg, tablets, 60 Tabs",Lamivudine/Nevirapine/Zidovudine,Generic,150/300/200mg,Tablet - FDC,Mylan (formerly Matrix) Nashik,84747,60,75000,735750,9.81,0.16,1031.52,14413,11874.85,TRUE,10/2/12,8/27/12,,
900-TZ-T30,FPQ-10391,SO-43010,DN-2820,Tanzania,PMO - US,From RDC,N/A - From RDC,Air,ARV,Adult,SCMS from RDC,"Lamivudine/Zidovudine 150/300mg, tablets, 60 Tabs",Lamivudine/Zidovudine,Generic,150/300mg,Tablet - FDC,Hetero Unit III Hyderabad IN,84748,60,147230,1136615.6,7.72,0.13,1593.54,,,FALSE,10/26/12,10/26/12,,
900-TZ-T30,FPQ-10391,SO-43011,DN-2822,Tanzania,PMO - US,From RDC,N/A - From RDC,Air,ARV,Adult,SCMS from RDC,"Efavirenz 600mg, tablets, 30 Tabs",Efavirenz,Generic,600mg,Tablet,"Aurobindo Unit III, India",84749,30,90000,342900,3.81,0.13,480.75,7867,21567.19,TRUE,10/26/12,10/26/12,,
900-UG-T30,FPQ-10048,SO-42620,DN-2824,Uganda,PMO - US,From RDC,N/A - From RDC,Air,ARV,Adult,SCMS from RDC,"Nevirapine 200mg, tablets, 60 Tabs",Nevirapine,Generic,200mg,Tablet,"Strides, Bangalore, India.",84750,60,36000,87840,2.44,0.04,123.15,2026,10095.9,TRUE,10/30/12,10/30/12,,
114-UG-T30,FPQ-9875,SO-42052,DN-2830,Uganda,PMO - US,From RDC,N/A - From RDC,Air,ARV,Adult,SCMS from RDC,"Nevirapine 200mg, tablets, 60 Tabs",Nevirapine,Generic,200mg,Tablet,"Strides, Bangalore, India.",84751,60,635,1549.4,2.44,0.04,2.17,1779,9325.16,TRUE,10/18/12,10/18/12,,
102-ZW-T30,FPQ-9927,SO-42281,DN-2835,Zimbabwe,PMO - US,From RDC,N/A - From RDC,Truck,ARV,Adult,SCMS from RDC,"Nevirapine 200mg, tablets, 60 Tabs",Nevirapine,Generic,200mg,Tablet,Mylan (formerly Matrix) Nashik,84752,60,60794,147121.48,2.42,0.04,206.26,6003,7423.38,TRUE,9/25/12,9/3/12,,
104-CI-T30,FPQ-9063,SO-41361,DN-2851,Côte d'Ivoire,PMO - US,From RDC,N/A - From RDC,Truck,ARV,Adult,SCMS from RDC,"Efavirenz 600mg, tablets, 30 Tabs",Efavirenz,Generic,600mg,Tablet,"Aurobindo Unit III, India",84753,30,34760,132435.6,3.81,0.13,185.67,3367,12589.74,TRUE,9/28/12,9/10/12,,
104-CI-T30,FPQ-9063,SO-41361,DN-2851,Côte d'Ivoire,PMO - US,From RDC,N/A - From RDC,Truck,ARV,Adult,SCMS from RDC,"Efavirenz 600mg, tablets, 30 Tabs",Efavirenz,Generic,600mg,Tablet,"Strides, Bangalore, India.",84754,30,5308,20223.48,3.81,0.13,28.35,,,FALSE,9/28/12,9/10/12,,
107-RW-T30,FPQ-9888,SO-42140,DN-2853,Rwanda,PMO - US,From RDC,N/A - From RDC,Air,ARV,Adult,SCMS from RDC,"Lopinavir/Ritonavir 200/50mg, tablets, 120 Tabs",Lopinavir/Ritonavir,Generic,200/50mg,Tablet,Mylan (formerly Matrix) Nashik,84755,120,965,28641.2,29.68,0.25,40.15,,,FALSE,10/26/12,10/26/12,,
111-MZ-T30,FPQ-10210,SO-42831,DN-2864,Mozambique,PMO - US,From RDC,N/A - From RDC,Truck,ARV,Adult,SCMS from RDC,"Efavirenz 600mg, tablets, 30 Tabs",Efavirenz,Generic,600mg,Tablet,"Strides, Bangalore, India.",84756,30,22122,84284.82,3.81,0.13,118.17,1409,3855.95,TRUE,11/30/12,10/10/12,,
110-ZM-T30,FPQ-9773,SO-41992,DN-2865,Zambia,PMO - US,From RDC,N/A - From RDC,Truck,ARV,Adult,SCMS from RDC,"Nevirapine 200mg, tablets, 60 Tabs",Nevirapine,Generic,200mg,Tablet,Hetero Unit III Hyderabad IN,84757,60,100000,242000,2.42,0.04,339.28,,,FALSE,10/10/12,10/5/12,,
114-UG-T30,FPQ-10503,SO-43090,DN-2873,Uganda,PMO - US,From RDC,N/A - From RDC,Air,ARV,Adult,SCMS from RDC,"Lamivudine/Zidovudine 150/300mg, tablets, 60 Tabs",Lamivudine/Zidovudine,Generic,150/300mg,Tablet - FDC,Mylan (formerly Matrix) Nashik,84758,60,7126,55012.72,7.72,0.13,77.13,,,FALSE,10/25/12,10/22/12,,
109-TZ-T30,FPQ-9774,SO-42650,DN-2883,Tanzania,PMO - US,From RDC,N/A - From RDC,Truck,ARV,Adult,SCMS from RDC,"Abacavir 300mg, tablets, 60 Tabs",Abacavir,Generic,300mg,Tablet,Mylan (formerly Matrix) Nashik,84759,60,13784,178640.64,12.96,0.22,250.45,,,FALSE,11/30/12,10/31/12,,
109-TZ-T30,FPQ-9303,SO-41551,DN-2889,Tanzania,PMO - US,From RDC,N/A - From RDC,Truck,ARV,Pediatric,SCMS from RDC,"Lamivudine/Nevirapine/Stavudine 30/50/6mg, dispersible tablets, 60 Tabs",Lamivudine/Nevirapine/Stavudine,Generic,30/50/6mg,Chewable/dispersible tablet - FDC,"Cipla, Goa, India",84760,60,1975,4542.5,2.3,0.04,6.37,,,FALSE,11/30/12,11/6/12,,
151-NG-T30,FPQ-9968,SO-42686,DN-2905,Nigeria,PMO - US,From RDC,N/A - From RDC,Air,ARV,Adult,SCMS from RDC,"Efavirenz 600mg, tablets, 30 Tabs",Efavirenz,Generic,600mg,Tablet,"Aurobindo Unit III, India",84761,30,120954,440272.56,3.64,0.12,617.26,11369,15459.09,TRUE,11/6/12,11/6/12,,
151-NG-T30,FPQ-9968,SO-42687,DN-2906,Nigeria,PMO - US,From RDC,N/A - From RDC,Air,ARV,Pediatric,SCMS from RDC,"Efavirenz 200mg, capsule, 90 Caps",Efavirenz,Generic,200mg,Capsule,"Aurobindo Unit III, India",84762,90,2548,21046.48,8.26,0.09,29.51,370,15459.09,TRUE,11/6/12,11/6/12,,
151-NG-T30,FPQ-9968,SO-42688,DN-2907,Nigeria,PMO - US,From RDC,N/A - From RDC,Air,ARV,Adult,SCMS from RDC,"Lamivudine 150mg, tablets, 60 Tabs",Lamivudine,Generic,150mg,Tablet,Hetero Unit III Hyderabad IN,84763,60,12847,27749.52,2.16,0.04,38.9,798,15459.09,TRUE,11/6/12,11/6/12,,
103-ZW-T30,FPQ-9907,SO-42200,DN-2913,Zimbabwe,PMO - US,From RDC,N/A - From RDC,Truck,ARV,Pediatric,SCMS from RDC,"Lamivudine/Zidovudine 30/60mg, tablets, 60 Tabs",Lamivudine/Zidovudine,Generic,30/60mg,Tablet - FDC,Mylan (formerly Matrix) Nashik,84764,60,53733,148303.08,2.76,0.05,207.92,2232,6933.76,TRUE,11/19/12,11/19/12,,
114-UG-T30,FPQ-10357,SO-42900,DN-2921,Uganda,PMO - US,From RDC,N/A - From RDC,Truck,ARV,Adult,SCMS from RDC,"Lamivudine/Tenofovir Disoproxil Fumarate 300/300mg, tablets, 30 Tabs",Lamivudine/Tenofovir Disoproxil Fumarate,Generic,300/300mg,Tablet - FDC,Hetero Unit III Hyderabad IN,84765,30,22783,122116.88,5.36,0.18,171.21,,,FALSE,12/10/12,11/19/12,,
114-UG-T30,FPQ-10780,SO-43510,DN-2926,Uganda,PMO - US,From RDC,N/A - From RDC,Air,ARV,Adult,SCMS from RDC,"Abacavir 300mg, tablets, 60 Tabs",Abacavir,Generic,300mg,Tablet,Mylan (formerly Matrix) Nashik,84766,60,2067,26788.32,12.96,0.22,37.56,220,1616.45,TRUE,12/20/12,11/28/12,,
113-ZW-T30,FPQ-7560,SO-39480,DN-2930,Zimbabwe,PMO - US,From RDC,N/A - From RDC,Truck,ARV,Adult,SCMS from RDC,"Zidovudine 300mg, tablets, 60 Tabs",Zidovudine,Generic,300mg,Tablet,"Cipla, Goa, India",84767,60,35061,237012.36,6.76,0.11,391.07,2247,8194.09,TRUE,12/19/12,12/13/12,,
106-HT-T30,FPQ-10883,SO-43600,DN-2934,Haiti,PMO - US,From RDC,N/A - From RDC,Air,ARV,Adult,SCMS from RDC,"Abacavir 300mg, tablets, 60 Tabs",Abacavir,Generic,300mg,Tablet,"Aurobindo Unit III, India",84768,60,1980,25660.8,12.96,0.22,31.74,,,FALSE,12/3/12,11/14/12,,
106-HT-T30,FPQ-10883,SO-43600,DN-2934,Haiti,PMO - US,From RDC,N/A - From RDC,Air,ARV,Adult,SCMS from RDC,"Lamivudine/Nevirapine/Zidovudine 150/200/300mg, tablets, 60 Tabs",Lamivudine/Nevirapine/Zidovudine,Generic,150/300/200mg,Tablet - FDC,Mylan (formerly Matrix) Nashik,84769,60,9696,93275.52,9.62,0.16,115.38,,,FALSE,12/3/12,11/14/12,,
104-CI-T30,FPQ-10405,SO-42990,DN-2936,Côte d'Ivoire,PMO - US,From RDC,N/A - From RDC,Truck,ARV,Adult,SCMS from RDC,"Lamivudine/Zidovudine 150/300mg, tablets, 60 Tabs",Lamivudine/Zidovudine,Generic,150/300mg,Tablet - FDC,Mylan (formerly Matrix) Nashik,84770,60,36180,279309.6,7.72,0.13,391.59,2907,11320.56,TRUE,12/13/12,12/3/12,,
151-NG-T30,FPQ-9968,SO-43435,DN-2946,Nigeria,PMO - US,From RDC,N/A - From RDC,Air,ARV,Adult,SCMS from RDC,"Nevirapine 200mg, tablets, 60 Tabs",Nevirapine,Generic,200mg,Tablet,"Aurobindo Unit III, India",84771,60,728,1761.76,2.42,0.04,2.47,,,FALSE,12/4/12,12/4/12,,
151-NG-T30,FPQ-9968,SO-43435,DN-2946,Nigeria,PMO - US,From RDC,N/A - From RDC,Air,ARV,Adult,SCMS from RDC,"Nevirapine 200mg, tablets, 60 Tabs",Nevirapine,Generic,200mg,Tablet,Hetero Unit III Hyderabad IN,84772,60,35011,84726.62,2.42,0.04,118.79,,,FALSE,12/4/12,12/4/12,,
114-UG-T30,FPQ-10556,SO-43190,DN-2951,Uganda,PMO - US,From RDC,N/A - From RDC,Air,ARV,Adult,SCMS from RDC,"Nevirapine 200mg, tablets, 60 Tabs",Nevirapine,Generic,200mg,Tablet,Hetero Unit III Hyderabad IN,84773,60,4290,10381.8,2.42,0.04,14.56,,,FALSE,2/1/13,2/1/13,,
151-NG-T30,FPQ-9968,SO-43434,DN-2945,Nigeria,PMO - US,From RDC,N/A - From RDC,Air,ARV,Adult,SCMS from RDC,"Lamivudine/Tenofovir Disoproxil Fumarate 300/300mg, tablets, 30 Tabs",Lamivudine/Tenofovir Disoproxil Fumarate,Generic,300/300mg,Tablet - FDC,Hetero Unit III Hyderabad IN,84774,30,149952,803742.75,5.36,0.18,1126.85,,,FALSE,11/30/12,12/4/12,,
104-CI-T30,FPQ-9749,SO-42373,DN-2954,Côte d'Ivoire,PMO - US,From RDC,N/A - From RDC,Truck,ARV,Adult,SCMS from RDC,"Efavirenz 600mg, tablets, 30 Tabs",Efavirenz,Generic,600mg,Tablet,"Aurobindo Unit III, India",84775,30,7640,27809.6,3.64,0.12,38.99,,,FALSE,12/31/12,12/6/12,,
109-TZ-T30,FPQ-10545,SO-43110,DN-2963,Tanzania,PMO - US,From RDC,N/A - From RDC,Truck,ARV,Pediatric,SCMS from RDC,"Lamivudine/Nevirapine/Stavudine 60/100/12mg, dispersible tablets, 60 Tabs",Lamivudine/Nevirapine/Stavudine,Generic,60/100/12mg,Chewable/dispersible tablet - FDC,"Cipla, Goa, India",84776,60,10727,46126.1,4.3,0.07,64.67,945,7579.6,TRUE,2/28/13,2/18/13,,
110-ZM-T30,FPQ-10530,SO-43150,DN-2973,Zambia,PMO - US,From RDC,N/A - From RDC,Truck,ARV,Adult,SCMS from RDC,"Lamivudine 150mg, tablets, 60 Tabs",Lamivudine,Generic,150mg,Tablet,Hetero Unit III Hyderabad IN,84777,60,70647,156836.34,2.22,0.04,219.88,4067,14050.13,TRUE,1/9/13,1/7/13,,
104-CI-T30,FPQ-9749,SO-42410,DN-2957,Côte d'Ivoire,PMO - US,From RDC,N/A - From RDC,Truck,ARV,Pediatric,SCMS from RDC,"Lamivudine/Nevirapine/Zidovudine 30/50/60mg, dispersible tablets, 60 Tabs",Lamivudine/Nevirapine/Zidovudine,Generic,30/50/60mg,Chewable/dispersible tablet - FDC,Mylan (formerly Matrix) Nashik,84778,60,5701,23659.15,4.15,0.07,33.17,338,3487.55,TRUE,1/31/13,1/14/13,,
114-UG-T30,FPQ-10556,SO-43160,DN-2952,Uganda,PMO - US,From RDC,N/A - From RDC,Air,ARV,Adult,SCMS from RDC,"Lamivudine/Zidovudine 150/300mg, tablets, 60 Tabs",Lamivudine/Zidovudine,Generic,150/300mg,Tablet - FDC,Mylan (formerly Matrix) Nashik,84779,60,1485,11464.2,7.72,0.13,16.07,,,FALSE,2/2/13,2/2/13,,
113-ZW-T30,FPQ-10632,SO-43220,DN-2989,Zimbabwe,PMO - US,From RDC,N/A - From RDC,Truck,ARV,Adult,SCMS from RDC,"Efavirenz 600mg, tablets, 30 Tabs",Efavirenz,Generic,600mg,Tablet,"Strides, Bangalore, India.",84780,30,636,2264.16,3.56,0.12,3.17,,,FALSE,2/11/13,2/11/13,,
113-ZW-T30,FPQ-10632,SO-43220,DN-2989,Zimbabwe,PMO - US,From RDC,N/A - From RDC,Truck,ARV,Adult,SCMS from RDC,"Lamivudine/Zidovudine 150/300mg, tablets, 60 Tabs",Lamivudine/Zidovudine,Generic,150/300mg,Tablet - FDC,"Cipla, Goa, India",84781,60,3600,26172,7.27,0.12,36.69,,,FALSE,2/11/13,2/11/13,,
113-ZW-T30,FPQ-10632,SO-43220,DN-2989,Zimbabwe,PMO - US,From RDC,N/A - From RDC,Truck,ARV,Adult,SCMS from RDC,"Lamivudine/Tenofovir Disoproxil Fumarate 300/300mg, tablets, 30 Tabs",Lamivudine/Tenofovir Disoproxil Fumarate,Generic,300/300mg,Tablet - FDC,"Aurobindo Unit VII, IN",84782,30,119481,574703.6,4.81,0.16,805.73,,,FALSE,2/11/13,2/11/13,,
151-NG-T30,FPQ-10477,SO-43042,DN-2994,Nigeria,PMO - US,From RDC,N/A - From RDC,Air Charter,ARV,Adult,SCMS from RDC,"Emtricitabine/Tenofovir Disoproxil Fumarate 200/300mg, tablets, 30 Tabs",Emtricitabine/Tenofovir Disoproxil Fumarate,Generic,200/300mg,Tablet - FDC,"Aurobindo Unit III, India",84783,30,8326,53119.88,6.38,0.21,74.47,,,FALSE,2/11/13,2/11/13,,
151-NG-T30,FPQ-10477,SO-43044,DN-2996,Nigeria,PMO - US,From RDC,N/A - From RDC,Air Charter,ARV,Adult,SCMS from RDC,"Nevirapine 200mg, tablets, 60 Tabs",Nevirapine,Generic,200mg,Tablet,"Aurobindo Unit III, India",84784,60,49295,113871.45,2.31,0.04,159.65,12032,29780.5,TRUE,2/11/13,2/11/13,,
114-UG-T30,FPQ-11143,SO-43961,DN-3001,Uganda,PMO - US,From RDC,N/A - From RDC,Air,ARV,Adult,SCMS from RDC,"Lopinavir/Ritonavir 200/50mg, tablets, 120 Tabs",Lopinavir/Ritonavir,Generic,200/50mg,Tablet,"Aurobindo Unit III, India",84785,120,12440,308014.4,24.76,0.21,381.01,,,FALSE,2/22/13,2/20/13,,
114-UG-T30,FPQ-11143,SO-43961,DN-3001,Uganda,PMO - US,From RDC,N/A - From RDC,Air,ARV,Adult,SCMS from RDC,"Tenofovir Disoproxil Fumarate 300mg, tablets, 30 Tabs",Tenofovir Disoproxil Fumarate,Generic,300mg,Tablet,Mylan (formerly Matrix) Nashik,84786,30,240,969.6,4.04,0.13,1.2,,,FALSE,2/22/13,2/20/13,,
106-HT-T30,FPQ-11281,SO-44410,DN-3014,Haiti,PMO - US,From RDC,N/A - From RDC,Air,ARV,Pediatric,SCMS from RDC,"Lamivudine/Nevirapine/Stavudine 30/50/6mg, dispersible tablets, 60 Tabs",Lamivudine/Nevirapine/Stavudine,Generic,30/50/6mg,Chewable/dispersible tablet - FDC,"Cipla, Goa, India",84787,60,562,1292.6,2.3,0.04,1.6,,,FALSE,4/9/13,1/3/13,,
104-CI-T30,FPQ-10405,SO-43000,DN-3023,Côte d'Ivoire,PMO - US,From RDC,N/A - From RDC,Truck,ARV,Adult,SCMS from RDC,"Efavirenz 600mg, tablets, 30 Tabs",Efavirenz,Generic,600mg,Tablet,"Hetero, Jadcherla, unit 5, IN",84788,30,30000,99900,3.33,0.11,140.06,,,FALSE,3/27/13,2/28/13,,
113-ZW-T30,FPQ-10632,SO-43210,DN-3030,Zimbabwe,PMO - US,From RDC,N/A - From RDC,Truck,ARV,Adult,SCMS from RDC,"Lamivudine/Zidovudine 150/300mg, tablets, 60 Tabs",Lamivudine/Zidovudine,Generic,150/300mg,Tablet - FDC,"Aurobindo Unit III, India",84789,60,3600,26172,7.27,0.12,36.69,,,FALSE,3/14/13,3/14/13,,
113-ZW-T30,FPQ-10632,SO-43210,DN-3030,Zimbabwe,PMO - US,From RDC,N/A - From RDC,Truck,ARV,Adult,SCMS from RDC,"Nevirapine 200mg, tablets, 60 Tabs",Nevirapine,Generic,200mg,Tablet,Hetero Unit III Hyderabad IN,84790,60,176693,399326.2,2.26,0.04,559.86,,,FALSE,3/14/13,3/14/13,,
114-UG-T30,FPQ-11143,SO-43940,DN-3034,Uganda,PMO - US,From RDC,N/A - From RDC,Air,ARV,Adult,SCMS from RDC,"Lamivudine/Zidovudine 150/300mg, tablets, 60 Tabs",Lamivudine/Zidovudine,Generic,150/300mg,Tablet - FDC,"Aurobindo Unit III, India",84791,60,25680,186693.6,7.27,0.12,230.94,3988,39037.7,TRUE,3/29/13,3/1/13,,
106-HT-T30,FPQ-11526,SO-44450,DN-3043,Haiti,PMO - US,From RDC,N/A - From RDC,Air,ARV,Adult,SCMS from RDC,"Stavudine 15mg, capsules, 60 Caps",Stavudine,Generic,15mg,Capsule,"Aurobindo Unit III, India",84792,60,216,285.12,1.32,0.02,0.35,165,3048.08,TRUE,4/30/13,3/15/13,,
106-HT-T30,FPQ-11281,SO-44400,DN-3015,Haiti,PMO - US,From RDC,N/A - From RDC,Air,ARV,Adult,SCMS from RDC,"Lamivudine 150mg, tablets, 60 Tabs",Lamivudine,Generic,150mg,Tablet,Hetero Unit III Hyderabad IN,84793,60,1980,3940.2,1.99,0.03,4.87,,,FALSE,4/9/13,3/14/13,,
106-HT-T30,FPQ-11281,SO-44400,DN-3015,Haiti,PMO - US,From RDC,N/A - From RDC,Air,ARV,Pediatric,SCMS from RDC,"Lamivudine/Zidovudine 30/60mg, tablets, 60 Tabs",Lamivudine/Zidovudine,Generic,30/60mg,Tablet - FDC,"Aurobindo Unit III, India",84794,60,7392,16705.92,2.26,0.04,20.67,,,FALSE,4/9/13,3/14/13,,
104-CI-T30,FPQ-10633,SO-43340,DN-3046,Côte d'Ivoire,PMO - US,From RDC,N/A - From RDC,Truck,ARV,Adult,SCMS from RDC,"Tenofovir Disoproxil Fumarate 300mg, tablets, 30 Tabs",Tenofovir Disoproxil Fumarate,Generic,300mg,Tablet,Mylan (formerly Matrix) Nashik,84795,30,4500,18180,4.04,0.13,25.49,,,FALSE,4/30/13,3/8/13,,
113-ZW-T30,FPQ-11002,SO-43701,DN-3049,Zimbabwe,PMO - US,From RDC,N/A - From RDC,Truck,ARV,Adult,SCMS from RDC,"Nevirapine 200mg, tablets, 60 Tabs",Nevirapine,Generic,200mg,Tablet,Hetero Unit III Hyderabad IN,84796,60,40869,92363.94,2.26,0.04,114.25,2520,15000,TRUE,4/30/13,3/23/13,,
110-ZM-T30,FPQ-11553,SO-44473,DN-3053,Zambia,PMO - US,From RDC,N/A - From RDC,Truck,ARV,Adult,SCMS from RDC,"Nevirapine 200mg, tablets, 60 Tabs",Nevirapine,Generic,200mg,Tablet,Hetero Unit III Hyderabad IN,84797,60,40000,92400,2.31,0.04,114.3,2452,5520.86,TRUE,6/25/13,3/22/13,,
113-ZW-T30,FPQ-10895,SO-43590,DN-3055,Zimbabwe,PMO - US,From RDC,N/A - From RDC,Truck,ARV,Adult,SCMS from RDC,"Efavirenz/Lamivudine/Tenofovir Disoproxil Fumarate 600/300/300mg, tablets, 30 Tabs",Efavirenz/Lamivudine/Tenofovir Disoproxil Fumarate,Generic,600/300/300mg,Tablet - FDC,Mylan (formerly Matrix) Nashik,84798,30,20160,244137.6,12.11,0.4,302,2268,9405.8,TRUE,5/31/13,3/14/13,,
111-MZ-T30,FPQ-10211,SO-42860,DN-3063,Mozambique,PMO - US,From RDC,N/A - From RDC,Truck,ARV,Adult,SCMS from RDC,"Efavirenz/Lamivudine/Tenofovir Disoproxil Fumarate 600/300/300mg, tablets, 30 Tabs",Efavirenz/Lamivudine/Tenofovir Disoproxil Fumarate,Generic,600/300/300mg,Tablet - FDC,Mylan (formerly Matrix) Nashik,84799,30,97351,1178920.6,12.11,0.4,1652.85,11667,4120.7,TRUE,4/8/13,4/16/13,,
114-UG-T30,FPQ-11143,SO-43941,DN-3069,Uganda,PMO - US,From RDC,N/A - From RDC,Air,ARV,Adult,SCMS from RDC,"Nevirapine 200mg, tablets, 60 Tabs",Nevirapine,Generic,200mg,Tablet,Hetero Unit III Hyderabad IN,84800,60,1276,2883.76,2.26,0.04,3.57,,,FALSE,4/25/13,4/25/13,,
103-SS-T30,FPQ-11489,SO-44620,DN-3080,South Sudan,PMO - US,From RDC,N/A - From RDC,Air,ARV,Pediatric,SCMS from RDC,"Efavirenz 200mg, scored tablets, 90 Tabs",Efavirenz,Generic,200mg,Tablet,"Strides, Bangalore, India.",84801,90,66,481.8,7.3,0.08,0.6,,,FALSE,4/17/13,4/23/13,,
103-ZW-T30,FPQ-11478,SO-44300,DN-3093,Zimbabwe,PMO - US,From RDC,N/A - From RDC,Truck,ARV,Pediatric,SCMS from RDC,"Abacavir 20mg/ml, oral solution w/syringe, Bottle, 240 ml",Abacavir,Generic,20mg/ml,Oral solution,"Aurobindo Unit III, India",84802,240,442,5339.36,12.08,0.05,6.6,118,8600,TRUE,5/31/13,4/8/13,,
102-BI-T30,FPQ-11661,SO-44640,DN-3096,Burundi,PMO - US,From RDC,N/A - From RDC,Air,ARV,Pediatric,SCMS from RDC,"Lamivudine 10mg/ml, oral solution w/syringe, Bottle, 240 ml",Lamivudine,Generic,10mg/ml,Oral solution,"Aurobindo Unit III, India",84803,240,552,1021.2,1.85,0.01,1.26,,,FALSE,5/2/13,5/10/13,,
102-DO-T30,FPQ-11791,SO-44730,DN-3097,Dominican Republic,PMO - US,From RDC,N/A - From RDC,Air,ARV,Pediatric,SCMS from RDC,"Lamivudine/Nevirapine/Zidovudine 30/50/60mg, dispersible tablets, 60 Tabs",Lamivudine/Nevirapine/Zidovudine,Generic,30/50/60mg,Chewable/dispersible tablet - FDC,Mylan (formerly Matrix) Nashik,84804,60,1152,4780.8,4.15,0.07,5.91,78,1342.44,TRUE,4/24/13,4/2/13,,
104-CI-T30,FPQ-10633,SO-43330,DN-3075,Côte d'Ivoire,PMO - US,From RDC,N/A - From RDC,Truck,ARV,Adult,SCMS from RDC,"Lamivudine/Zidovudine 150/300mg, tablets, 60 Tabs",Lamivudine/Zidovudine,Generic,150/300mg,Tablet - FDC,"Aurobindo Unit III, India",84805,60,86152,626325.06,7.27,0.12,878.11,,,FALSE,3/28/13,3/30/13,,
105-GY-T30,FPQ-11546,SO-44500,DN-3099,Guyana,PMO - US,From RDC,N/A - From RDC,Air,ARV,Pediatric,SCMS from RDC,"Nevirapine 10mg/ml, oral suspension w/syringe, Bottle, 240 ml",Nevirapine,Generic,10mg/ml,Oral suspension,"Aurobindo Unit III, India",84806,240,583,1136.85,1.95,0.01,1.41,,,FALSE,4/18/13,4/19/13,,
111-MZ-T30,FPQ-11882,SO-44810,DN-3108,Mozambique,PMO - US,From RDC,N/A - From RDC,Air,ARV,Adult,SCMS from RDC,"Lamivudine/Stavudine 150/30mg, tablets, 60 Tabs",Lamivudine/Stavudine,Generic,150/30mg,Tablet - FDC,Hetero Unit III Hyderabad IN,84808,60,8807,22898.2,2.6,0.04,28.33,,,FALSE,7/4/13,7/4/13,,
111-MZ-T30,FPQ-11882,SO-44830,DN-3110,Mozambique,PMO - US,From RDC,N/A - From RDC,Truck,ARV,Adult,SCMS from RDC,"Lamivudine/Zidovudine 150/300mg, tablets, 60 Tabs",Lamivudine/Zidovudine,Generic,150/300mg,Tablet - FDC,Hetero Unit III Hyderabad IN,84809,60,100000,727000,7.27,0.12,899.3,36920,7852.98,TRUE,6/6/13,6/20/13,,
114-UG-T30,FPQ-11133,SO-43890,DN-3122,Uganda,PMO - US,From RDC,N/A - From RDC,Truck,ARV,Adult,SCMS from RDC,"Tenofovir Disoproxil Fumarate 300mg, tablets, 30 Tabs",Tenofovir Disoproxil Fumarate,Generic,300mg,Tablet,Mylan (formerly Matrix) Nashik,84810,30,192,775.68,4.04,0.13,0.96,,,FALSE,6/7/13,6/7/13,,
114-UG-T30,FPQ-10946,SO-43650,DN-3121,Uganda,PMO - US,From RDC,N/A - From RDC,Air,ARV,Adult,SCMS from RDC,"Lamivudine/Tenofovir Disoproxil Fumarate 300/300mg, tablets, 30 Tabs",Lamivudine/Tenofovir Disoproxil Fumarate,Generic,300/300mg,Tablet - FDC,"Aurobindo Unit VII, IN",84811,30,1613,7581.1,4.7,0.16,9.38,,,FALSE,8/9/13,8/9/13,,
113-ZW-T30,FPQ-11002,SO-43710,DN-3131,Zimbabwe,PMO - US,From RDC,N/A - From RDC,Truck,ARV,Adult,SCMS from RDC,"Lamivudine/Tenofovir Disoproxil Fumarate 300/300mg, tablets, 30 Tabs",Lamivudine/Tenofovir Disoproxil Fumarate,Generic,300/300mg,Tablet - FDC,Hetero Unit III Hyderabad IN,84812,30,100000,470000,4.7,0.16,581.39,,,FALSE,5/6/13,4/29/13,,
900-SS-T30,FPQ-11637,SO-44690,DN-3134,South Sudan,PMO - US,From RDC,N/A - From RDC,Air,ARV,Adult,SCMS from RDC,"Lamivudine 150mg, tablets, 60 Tabs",Lamivudine,Generic,150mg,Tablet,Hetero Unit III Hyderabad IN,84813,60,270,537.3,1.99,0.03,0.66,15,735.24,TRUE,6/28/13,5/17/13,,
151-NG-T30,FPQ-11022,SO-43851,DN-3143,Nigeria,PMO - US,From RDC,N/A - From RDC,Air Charter,ARV,Adult,SCMS from RDC,"Efavirenz 600mg, tablets, 30 Tabs",Efavirenz,Generic,600mg,Tablet,"Strides, Bangalore, India.",84814,30,80000,266400,3.33,0.11,329.54,4847,14547.55,TRUE,6/4/13,5/3/13,,
114-UG-T30,FPQ-11133,SO-43873,DN-3153,Uganda,PMO - US,From RDC,N/A - From RDC,Truck,ARV,Adult,SCMS from RDC,"Lamivudine/Zidovudine 150/300mg, tablets, 60 Tabs",Lamivudine/Zidovudine,Generic,150/300mg,Tablet - FDC,"Cipla, Goa, India",84816,60,3173,22211,7,0.12,27.48,,,FALSE,6/28/13,6/7/13,,
109-TZ-T30,FPQ-12015,SO-44981,DN-3155,Tanzania,PMO - US,From RDC,N/A - From RDC,Truck,ARV,Pediatric,SCMS from RDC,"Lamivudine/Nevirapine/Stavudine 60/100/12mg, dispersible tablets, 60 Tabs",Lamivudine/Nevirapine/Stavudine,Generic,60/100/12mg,Chewable/dispersible tablet - FDC,"Cipla, Goa, India",84817,60,12106,52055.8,4.3,0.07,64.39,,,FALSE,8/23/13,5/14/13,,
110-ZM-T30,FPQ-10728,SO-44770,DN-3161,Zambia,PMO - US,From RDC,N/A - From RDC,Truck,ARV,Adult,SCMS from RDC,"Efavirenz/Emtricitabine/Tenofovir Disoproxil Fumarate 600/200/300mg, tablets, 30 Tabs",Efavirenz/Emtricitabine/Tenofovir Disoproxil Fumarate,Generic,600/200/300mg,Tablet - FDC,Mylan (formerly Matrix) Nashik,84819,30,249965,3239546.5,12.96,0.43,4541.84,28182,17650.15,TRUE,5/31/13,5/28/13,,
151-NG-T30,FPQ-11022,SO-44261,DN-3163,Nigeria,PMO - US,From RDC,N/A - From RDC,Air Charter,ARV,Adult,SCMS from RDC,"Efavirenz/Lamivudine/Tenofovir Disoproxil Fumarate 600/300/300mg, tablets, 30 Tabs",Efavirenz/Lamivudine/Tenofovir Disoproxil Fumarate,Generic,600/300/300mg,Tablet - FDC,Hetero Unit III Hyderabad IN,84820,30,100000,1052000,10.52,0.35,1301.32,14783,14547.55,TRUE,5/28/13,5/3/13,,
110-ZM-T30,FPQ-10728,SO-43460,DN-3186,Zambia,PMO - US,From RDC,N/A - From RDC,Truck,ARV,Adult,SCMS from RDC,"Lamivudine/Zidovudine 150/300mg, tablets, 60 Tabs",Lamivudine/Zidovudine,Generic,150/300mg,Tablet - FDC,"Aurobindo Unit III, India",84821,60,87384,611688,7,0.12,857.59,,,FALSE,6/28/13,6/7/13,,
111-MZ-T30,FPQ-11033,SO-43770,DN-3182,Mozambique,PMO - US,From RDC,N/A - From RDC,Truck,ARV,Adult,SCMS from RDC,"Efavirenz/Lamivudine/Tenofovir Disoproxil Fumarate 600/300/300mg, tablets, 30 Tabs",Efavirenz/Lamivudine/Tenofovir Disoproxil Fumarate,Generic,600/300/300mg,Tablet - FDC,Mylan (formerly Matrix) Nashik,84822,30,7044,74102.88,10.52,0.35,91.67,,,FALSE,7/26/13,7/26/13,,
151-NG-T30,FPQ-11022,SO-43850,DN-3199,Nigeria,PMO - US,From RDC,N/A - From RDC,Air Charter,ARV,Adult,SCMS from RDC,"Efavirenz 600mg, tablets, 30 Tabs",Efavirenz,Generic,600mg,Tablet,"Aurobindo Unit III, India",84824,30,63610,211821.3,3.33,0.11,262.02,,,FALSE,6/4/13,5/29/13,,
104-CI-T30,FPQ-10633,SO-43310,DN-3200,Côte d'Ivoire,PMO - US,From RDC,N/A - From RDC,Truck,ARV,Adult,SCMS from RDC,"Efavirenz/Lamivudine/Tenofovir Disoproxil Fumarate 600/300/300mg, tablets, 30 Tabs",Efavirenz/Lamivudine/Tenofovir Disoproxil Fumarate,Generic,600/300/300mg,Tablet - FDC,Hetero Unit III Hyderabad IN,84825,30,46600,490232,10.52,0.35,687.31,6107,23753.64,TRUE,7/6/13,7/19/13,,
110-ZM-T30,FPQ-11553,SO-44476,DN-3202,Zambia,PMO - US,From RDC,N/A - From RDC,Truck,ARV,Adult,SCMS from RDC,"Nevirapine 200mg, tablets, 60 Tabs",Nevirapine,Generic,200mg,Tablet,"Aurobindo Unit III, India",84826,60,120000,271200,2.26,0.04,335.47,11419,11941.65,TRUE,6/25/13,6/7/13,,
151-NG-T30,FPQ-11022,SO-45680,DN-3206,Nigeria,PMO - US,From RDC,N/A - From RDC,Air Charter,ARV,Adult,SCMS from RDC,"Lopinavir/Ritonavir 200/50mg, tablets, 120 Tabs",Lopinavir/Ritonavir,Generic,200/50mg,Tablet,"Aurobindo Unit III, India",84827,120,3831,83439.18,21.78,0.18,103.21,1094,20761,TRUE,5/31/13,5/30/13,,
114-UG-T30,FPQ-10945,SO-43632,DN-3219,Uganda,PMO - US,From RDC,N/A - From RDC,Air,ARV,Adult,SCMS from RDC,"Efavirenz/Lamivudine/Tenofovir Disoproxil Fumarate 600/300/300mg, tablets, 30 Tabs",Efavirenz/Lamivudine/Tenofovir Disoproxil Fumarate,Generic,600/300/300mg,Tablet - FDC,Hetero Unit III Hyderabad IN,84828,30,10415,109565.8,10.52,0.35,135.53,1400,5718.69,TRUE,7/31/13,7/18/13,,
901-CM-T30,FPQ-12520,SO-45830,DN-3228,Cameroon,PMO - US,From RDC,N/A - From RDC,Air Charter,ARV,Adult,SCMS from RDC,"Lamivudine/Tenofovir Disoproxil Fumarate 300/300mg, tablets, 30 Tabs",Lamivudine/Tenofovir Disoproxil Fumarate,Generic,300/300mg,Tablet - FDC,"Aurobindo Unit VII, IN",84829,30,5800,27260,4.7,0.16,33.72,,,FALSE,7/22/13,7/14/13,,
901-CM-T30,FPQ-12520,SO-45820,DN-3227,Cameroon,PMO - US,From RDC,N/A - From RDC,Air Charter,ARV,Adult,SCMS from RDC,"Lamivudine/Nevirapine/Zidovudine 150/200/300mg, tablets, 60 Tabs",Lamivudine/Nevirapine/Zidovudine,Generic,150/300/200mg,Tablet - FDC,"Aurobindo Unit III, India",84830,60,70000,600600,8.58,0.14,742.94,,,FALSE,7/22/13,7/31/13,,
113-ZW-T30,FPQ-11545,SO-44340,DN-3231,Zimbabwe,PMO - US,From RDC,N/A - From RDC,Truck,ARV,Adult,SCMS from RDC,"Nevirapine 200mg, tablets, 60 Tabs",Nevirapine,Generic,200mg,Tablet,"Strides, Bangalore, India.",84831,60,23090,52183.4,2.26,0.04,64.55,394,11133.66,TRUE,7/31/13,8/6/13,,
104-CI-T30,FPQ-11254,SO-44120,DN-3246,Côte d'Ivoire,PMO - US,From RDC,N/A - From RDC,Truck,ARV,Adult,SCMS from RDC,"Tenofovir Disoproxil Fumarate 300mg, tablets, 30 Tabs",Tenofovir Disoproxil Fumarate,Generic,300mg,Tablet,Mylan (formerly Matrix) Nashik,84832,30,3000,12120,4.04,0.13,14.99,188,1478.35,TRUE,8/1/13,7/23/13,,
104-CI-T30,FPQ-11254,SO-44150,DN-3248,Côte d'Ivoire,PMO - US,From RDC,N/A - From RDC,Truck,ARV,Adult,SCMS from RDC,"Tenofovir Disoproxil Fumarate 300mg, tablets, 30 Tabs",Tenofovir Disoproxil Fumarate,Generic,300mg,Tablet,Mylan (formerly Matrix) Nashik,84833,30,1644,6641.76,4.04,0.13,8.22,97,1620.19,TRUE,10/31/13,8/21/13,,
151-NG-T30,FPQ-11771,SO-44757,DN-3251,Nigeria,PMO - US,From RDC,N/A - From RDC,Air Charter,ARV,Adult,SCMS from RDC,"Lopinavir/Ritonavir 200/50mg, tablets, 120 Tabs",Lopinavir/Ritonavir,Generic,200/50mg,Tablet,Mylan (formerly Matrix) Nashik,84835,120,63353,1330413,21,0.18,1645.72,32671,,TRUE,8/21/13,7/30/13,,
151-NG-T30,FPQ-11771,SO-44757,DN-3251,Nigeria,PMO - US,From RDC,N/A - From RDC,Air Charter,ARV,Adult,SCMS from RDC,"Lopinavir/Ritonavir 200/50mg, tablets, 120 Tabs",Lopinavir/Ritonavir,Generic,200/50mg,Tablet,Hetero Unit III Hyderabad IN,84836,120,6000,126000,21,0.18,155.86,,,FALSE,8/21/13,7/30/13,,
151-NG-T30,FPQ-11771,SO-44757,DN-3251,Nigeria,PMO - US,From RDC,N/A - From RDC,Air Charter,ARV,Adult,SCMS from RDC,"Lopinavir/Ritonavir 200/50mg, tablets, 120 Tabs",Lopinavir/Ritonavir,Generic,200/50mg,Tablet,"Aurobindo Unit III, India",84837,120,43169,906549,21,0.18,1121.4,,,FALSE,8/21/13,7/30/13,,
900-SS-T30,FPQ-11637,SO-44701,DN-3259,South Sudan,PMO - US,From RDC,N/A - From RDC,Truck,ARV,Adult,SCMS from RDC,"Nevirapine 200mg, tablets, 60 Tabs",Nevirapine,Generic,200mg,Tablet,Hetero Unit III Hyderabad IN,84838,60,225,508.5,2.26,0.04,0.63,81,1641,TRUE,8/26/13,8/26/13,,
102-BI-T30,FPQ-12065,SO-45152,DN-3261,Burundi,PMO - US,From RDC,N/A - From RDC,Air,ARV,Adult,SCMS from RDC,"Lamivudine/Nevirapine/Zidovudine 150/200/300mg, tablets, 60 Tabs",Lamivudine/Nevirapine/Zidovudine,Generic,150/300/200mg,Tablet - FDC,"Strides, Bangalore, India.",84839,60,960,7958.4,8.29,0.14,9.84,111,1047.34,TRUE,8/16/13,8/22/13,,
114-UG-T30,FPQ-12473,SO-45870,DN-3267,Uganda,PMO - US,From RDC,N/A - From RDC,Air,ARV,Adult,SCMS from RDC,"Lopinavir/Ritonavir 200/50mg [Aluvia], tablets, 120 Tabs",Lopinavir/Ritonavir,Aluvia,200/50mg,Tablet,ABBVIE Ludwigshafen Germany,84841,120,12022,243084.84,20.22,0.17,300.7,,,FALSE,8/29/13,9/13/13,,
101-CD-T30,FPQ-12033,SO-45020,DN-3268,"Congo, DRC",PMO - US,From RDC,N/A - From RDC,Air,ARV,Adult,SCMS from RDC,"Lamivudine/Nevirapine/Zidovudine 150/200/300mg, tablets, 60 Tabs",Lamivudine/Nevirapine/Zidovudine,Generic,150/300/200mg,Tablet - FDC,Mylan (formerly Matrix) Nashik,84842,60,20697,177580.27,8.58,0.14,219.67,,,FALSE,8/27/13,2/8/14,,
104-CI-T30,FPQ-10633,SO-43362,DN-3282,Côte d'Ivoire,PMO - US,From RDC,N/A - From RDC,Truck,ARV,Adult,SCMS from RDC,"Lamivudine/Tenofovir Disoproxil Fumarate 300/300mg, tablets, 30 Tabs",Lamivudine/Tenofovir Disoproxil Fumarate,Generic,300/300mg,Tablet - FDC,Hetero Unit III Hyderabad IN,84843,30,8000,37600,4.7,0.16,52.72,315,10807.98,TRUE,8/15/13,8/14/13,,
111-MZ-T30,FPQ-11884,SO-44863,DN-3289,Mozambique,PMO - US,From RDC,N/A - From RDC,Truck,ARV,Adult,SCMS from RDC,"Zidovudine 300mg, tablets, 60 Tabs",Zidovudine,Generic,300mg,Tablet,"Aurobindo Unit III, India",84844,60,43680,285667.2,6.54,0.11,353.37,6535,5950.16,TRUE,11/13/13,11/13/13,,
109-TZ-T30,FPQ-12015,SO-44983,DN-3295,Tanzania,PMO - US,From RDC,N/A - From RDC,Truck,ARV,Adult,SCMS from RDC,"Emtricitabine/Tenofovir Disoproxil Fumarate 200/300mg, tablets, 30 Tabs",Emtricitabine/Tenofovir Disoproxil Fumarate,Generic,200/300mg,Tablet - FDC,"Aurobindo Unit III, India",84846,30,19086,112034.82,5.87,0.2,138.59,,,FALSE,10/15/13,9/10/13,,
109-TZ-T30,FPQ-12015,SO-44983,DN-3295,Tanzania,PMO - US,From RDC,N/A - From RDC,Truck,ARV,Adult,SCMS from RDC,"Abacavir 300mg, tablets, 60 Tabs",Abacavir,Generic,300mg,Tablet,"Aurobindo Unit III, India",84847,60,3342,38299.32,11.46,0.19,47.38,,,FALSE,10/15/13,9/10/13,,
114-UG-T30,FPQ-12253,SO-45541,DN-3296,Uganda,PMO - US,From RDC,N/A - From RDC,Truck,ARV,Adult,SCMS from RDC,"Abacavir 300mg, tablets, 60 Tabs",Abacavir,Generic,300mg,Tablet,"Aurobindo Unit III, India",84848,60,2880,33004.8,11.46,0.19,40.83,,,FALSE,9/12/13,10/16/13,,
103-ZW-T30,FPQ-12086,SO-45131,DN-3319,Zimbabwe,PMO - US,From RDC,N/A - From RDC,Truck,ARV,Pediatric,SCMS from RDC,"Abacavir 20mg/ml, oral solution w/syringe, Bottle, 240 ml",Abacavir,Generic,20mg/ml,Oral solution,"Aurobindo Unit III, India",84849,240,435,5254.8,12.08,0.05,6.5,116,3100,TRUE,9/30/13,9/20/13,,
109-TZ-T30,FPQ-12015,SO-44984,DN-3316,Tanzania,PMO - US,From RDC,N/A - From RDC,Truck,ARV,Pediatric,SCMS from RDC,"Lamivudine/Nevirapine/Zidovudine 30/50/60mg, dispersible tablets, 60 Tabs",Lamivudine/Nevirapine/Zidovudine,Generic,30/50/60mg,Chewable/dispersible tablet - FDC,Mylan (formerly Matrix) Nashik,84850,60,80322,312452.6,3.89,0.06,386.5,,,FALSE,10/31/13,9/27/13,,
110-ZM-T30,FPQ-12066,SO-45071,DN-3317,Zambia,PMO - US,From RDC,N/A - From RDC,Truck,ARV,Adult,SCMS from RDC,"Nevirapine 200mg, tablets, 60 Tabs",Nevirapine,Generic,200mg,Tablet,Hetero Unit III Hyderabad IN,84851,60,52483,118611.58,2.26,0.04,146.72,3832,4356.74,TRUE,10/22/13,10/22/13,,
110-ZM-T30,FPQ-12066,SO-45071,DN-3317,Zambia,PMO - US,From RDC,N/A - From RDC,Truck,ARV,Pediatric,SCMS from RDC,"Lamivudine/Nevirapine/Zidovudine 30/50/60mg, dispersible tablets, 60 Tabs",Lamivudine/Nevirapine/Zidovudine,Generic,30/50/60mg,Chewable/dispersible tablet - FDC,"Strides, Bangalore, India.",84852,60,14404,56031.56,3.89,0.06,69.31,,,FALSE,10/22/13,10/22/13,,
111-MZ-T30,FPQ-11884,SO-44865,DN-3318,Mozambique,PMO - US,From RDC,N/A - From RDC,Truck,ARV,Adult,SCMS from RDC,"Lamivudine/Nevirapine/Stavudine 150/200/30mg, tablets, 60 Tabs",Lamivudine/Nevirapine/Stavudine,Generic,150/200/30mg,Tablet - FDC,"Strides, Bangalore, India.",84853,60,87707,378894.25,4.32,0.07,468.69,,,FALSE,10/31/13,10/31/13,,
151-NG-T30,FPQ-11864,SO-44931,DN-3324,Nigeria,PMO - US,From RDC,N/A - From RDC,Air Charter,ARV,Adult,SCMS from RDC,"Lamivudine/Nevirapine/Zidovudine 150/200/300mg, tablets, 60 Tabs",Lamivudine/Nevirapine/Zidovudine,Generic,150/300/200mg,Tablet - FDC,Hetero Unit III Hyderabad IN,84854,60,17782,152569.56,8.58,0.14,188.73,,41352.75,TRUE,9/18/13,9/12/13,,
104-CI-T30,FPQ-11253,SO-44190,DN-3330,Côte d'Ivoire,PMO - US,From RDC,N/A - From RDC,Truck,ARV,Adult,SCMS from RDC,"Lamivudine/Nevirapine/Zidovudine 150/200/300mg, tablets, 60 Tabs",Lamivudine/Nevirapine/Zidovudine,Generic,150/300/200mg,Tablet - FDC,Hetero Unit III Hyderabad IN,84855,60,60000,495600,8.26,0.14,613.06,8750,28864.27,TRUE,9/30/13,9/20/13,,
105-GY-T30,FPQ-12619,SO-46080,DN-3334,Guyana,PMO - US,From RDC,N/A - From RDC,Air,ARV,Adult,SCMS from RDC,"Lamivudine 150mg, tablets, 60 Tabs",Lamivudine,Generic,150mg,Tablet,Hetero Unit III Hyderabad IN,84856,60,140,278.6,1.99,0.03,0.34,9,1118.22,TRUE,10/14/13,10/7/13,,
113-ZW-T30,FPQ-11545,SO-44350,DN-3337,Zimbabwe,PMO - US,From RDC,N/A - From RDC,Truck,ARV,Adult,SCMS from RDC,"Nevirapine 200mg, tablets, 60 Tabs",Nevirapine,Generic,200mg,Tablet,Hetero Unit III Hyderabad IN,84857,60,131520,303811.2,2.31,0.04,375.81,,,FALSE,9/30/13,10/9/13,,
111-MZ-T30,FPQ-11884,SO-44870,DN-3339,Mozambique,PMO - US,From RDC,N/A - From RDC,Truck,ARV,Adult,SCMS from RDC,"Lamivudine/Zidovudine 150/300mg, tablets, 60 Tabs",Lamivudine/Zidovudine,Generic,150/300mg,Tablet - FDC,"Aurobindo Unit III, India",84858,60,21984,159823.69,7.27,0.12,197.7,,,FALSE,10/31/13,11/13/13,,
105-GY-T30,FPQ-12047,SO-45051,DN-3344,Guyana,PMO - US,From RDC,N/A - From RDC,Air,ARV,Adult,SCMS from RDC,"Zidovudine 300mg, tablets, 60 Tabs",Zidovudine,Generic,300mg,Tablet,Hetero Unit III Hyderabad IN,84859,60,1300,8333,6.41,0.11,10.31,77,1149.07,TRUE,9/30/13,10/11/13,,
109-TZ-T30,FPQ-12015,SO-44990,DN-3346,Tanzania,PMO - US,From RDC,N/A - From RDC,Truck,ARV,Pediatric,SCMS from RDC,"Efavirenz 200mg, scored tablets, 90 Tabs",Efavirenz,Generic,200mg,Tablet,"Strides, Bangalore, India.",84860,90,5117,47588.1,9.3,0.1,58.87,333,1956,TRUE,10/28/13,11/1/13,,
100-ZM-T30,FPQ-12497,SO-45930,DN-3357,Zambia,PMO - US,From RDC,N/A - From RDC,Truck,ARV,Adult,SCMS from RDC,"Efavirenz/Emtricitabine/Tenofovir Disoproxil Fumarate 600/200/300mg, tablets, 30 Tabs",Efavirenz/Emtricitabine/Tenofovir Disoproxil Fumarate,Generic,600/200/300mg,Tablet - FDC,Mylan (formerly Matrix) Nashik,84863,30,66205,814321.5,12.3,0.41,1007.32,12121,,TRUE,11/24/13,11/29/13,,
110-ZM-T30,FPQ-12066,SO-45081,DN-3360,Zambia,PMO - US,From RDC,N/A - From RDC,Truck,ARV,Adult,SCMS from RDC,"Efavirenz/Emtricitabine/Tenofovir Disoproxil Fumarate 600/200/300mg, tablets, 30 Tabs",Efavirenz/Emtricitabine/Tenofovir Disoproxil Fumarate,Generic,600/200/300mg,Tablet - FDC,"Cipla, Goa, India",84864,30,100619,1237613.8,12.3,0.41,1530.93,47387,30981.39,TRUE,1/24/14,1/24/14,,
151-NG-T30,FPQ-12248,SO-45661,DN-3368,Nigeria,PMO - US,From RDC,N/A - From RDC,Air Charter,ARV,Adult,SCMS from RDC,"Efavirenz/Lamivudine/Tenofovir Disoproxil Fumarate 600/300/300mg, tablets, 30 Tabs",Efavirenz/Lamivudine/Tenofovir Disoproxil Fumarate,Generic,600/300/300mg,Tablet - FDC,Mylan (formerly Matrix) Nashik,84865,30,100000,1115000,11.15,0.37,1379.26,,,FALSE,11/18/13,10/14/13,,
110-ZM-T30,FPQ-12066,SO-46520,DN-3379,Zambia,PMO - US,From RDC,N/A - From RDC,Truck,ARV,Adult,SCMS from RDC,"Abacavir 300mg, tablets, 60 Tabs",Abacavir,Generic,300mg,Tablet,Mylan (formerly Matrix) Nashik,84866,60,11833,135606.19,11.46,0.19,167.74,,,TRUE,11/20/13,11/29/13,,
151-NG-T30,FPQ-13091,SO-46780,DN-3374,Nigeria,PMO - US,From RDC,N/A - From RDC,Air Charter,ARV,Adult,SCMS from RDC,"Zidovudine 300mg, tablets, 60 Tabs",Zidovudine,Generic,300mg,Tablet,"Aurobindo Unit III, India",84867,60,4068,25425,6.25,0.1,26.14,268,20225.07,TRUE,11/7/13,10/21/13,,
107-RW-T30,FPQ-12190,SO-45390,DN-3421,Rwanda,PMO - US,From RDC,N/A - From RDC,Truck,ARV,Pediatric,SCMS from RDC,"Abacavir 20mg/ml, oral solution w/syringe, Bottle, 240 ml",Abacavir,Generic,20mg/ml,Oral solution,"Aurobindo Unit III, India",84868,240,6816,58004.16,8.51,0.04,71.75,,,FALSE,1/31/14,12/23/13,,
105-GY-T30,FPQ-12619,SO-46090,DN-3425,Guyana,PMO - US,From RDC,N/A - From RDC,Air,ARV,Pediatric,SCMS from RDC,"Zidovudine 10mg/ml, oral solution w/syringe, Bottle, 240 ml",Zidovudine,Generic,10mg/ml,Oral solution,"Aurobindo Unit III, India",84869,240,225,472.5,2.1,0.01,0.58,,,FALSE,12/31/13,12/2/13,,
111-MZ-T30,FPQ-12416,SO-45893,DN-3428,Mozambique,PMO - US,From RDC,N/A - From RDC,Truck,ARV,Adult,SCMS from RDC,"Zidovudine 300mg, tablets, 60 Tabs",Zidovudine,Generic,300mg,Tablet,Hetero Unit III Hyderabad IN,84870,60,13290,74158.2,5.58,0.09,91.73,,,FALSE,11/29/13,1/30/14,,
107-RW-T30,FPQ-12190,SO-45381,DN-3453,Rwanda,PMO - US,From RDC,N/A - From RDC,Truck,ARV,Adult,SCMS from RDC,"Efavirenz/Lamivudine/Tenofovir Disoproxil Fumarate 600/300/300mg, tablets, 30 Tabs",Efavirenz/Lamivudine/Tenofovir Disoproxil Fumarate,Generic,600/300/300mg,Tablet - FDC,Mylan (formerly Matrix) Nashik,84873,30,64500,719175,11.15,0.37,889.62,7248,11571.94,TRUE,1/17/14,1/17/14,,
109-TZ-T30,FPQ-12587,SO-45995,DN-3458,Tanzania,PMO - US,From RDC,N/A - From RDC,Truck,ARV,Pediatric,SCMS from RDC,"Lamivudine/Nevirapine/Stavudine 30/50/6mg, dispersible tablets, 60 Tabs",Lamivudine/Nevirapine/Stavudine,Generic,30/50/6mg,Chewable/dispersible tablet - FDC,"Cipla, Goa, India",84874,60,9301,21392.3,2.3,0.04,26.46,,,FALSE,12/31/13,2/25/14,,
109-TZ-T30,FPQ-12587,SO-45995,DN-3458,Tanzania,PMO - US,From RDC,N/A - From RDC,Truck,ARV,Pediatric,SCMS from RDC,"Lamivudine/Nevirapine/Stavudine 60/100/12mg, dispersible tablets, 60 Tabs",Lamivudine/Nevirapine/Stavudine,Generic,60/100/12mg,Chewable/dispersible tablet - FDC,"Cipla, Goa, India",84875,60,7894,33944.2,4.3,0.07,41.99,,,FALSE,12/31/13,2/25/14,,
104-CI-T30,FPQ-12800,SO-46372,DN-3472,Côte d'Ivoire,PMO - US,From RDC,N/A - From RDC,Air,ARV,Pediatric,SCMS from RDC,"Lamivudine/Nevirapine/Zidovudine 30/50/60mg, dispersible tablets, 60 Tabs",Lamivudine/Nevirapine/Zidovudine,Generic,30/50/60mg,Chewable/dispersible tablet - FDC,"Cipla, Goa, India",84876,60,2200,8250,3.75,0.06,10.21,192,3649.76,TRUE,1/31/14,1/10/14,,
102-BI-T30,FPQ-12602,SO-46020,DN-3381,Burundi,PMO - US,From RDC,N/A - From RDC,Air,ARV,Adult,SCMS from RDC,"Lopinavir/Ritonavir 200/50mg, tablets, 120 Tabs",Lopinavir/Ritonavir,Generic,200/50mg,Tablet,"Aurobindo Unit III, India",84877,120,27,567,21,0.18,0.7,,,FALSE,11/15/13,11/22/13,,
111-MZ-T30,FPQ-11884,SO-44840,DN-3485,Mozambique,PMO - US,From RDC,N/A - From RDC,Truck,ARV,Adult,SCMS from RDC,"Efavirenz/Lamivudine/Tenofovir Disoproxil Fumarate 600/300/300mg, tablets, 30 Tabs",Efavirenz/Lamivudine/Tenofovir Disoproxil Fumarate,Generic,600/300/300mg,Tablet - FDC,"Aurobindo Unit VII, IN",84879,30,70000,780500,11.15,0.37,965.48,18957,16813.62,TRUE,3/20/14,3/28/14,,
103-ZW-T30,FPQ-12086,SO-45132,DN-3486,Zimbabwe,PMO - US,From RDC,N/A - From RDC,Truck,ARV,Pediatric,SCMS from RDC,"Lamivudine/Nevirapine/Zidovudine 30/50/60mg, dispersible tablets, 60 Tabs",Lamivudine/Nevirapine/Zidovudine,Generic,30/50/60mg,Chewable/dispersible tablet - FDC,"Cipla, Goa, India",84880,60,841,3153.75,3.75,0.06,3.9,73,1500,TRUE,2/14/14,2/10/14,,
151-NG-T30,FPQ-12248,SO-45663,DN-3494,Nigeria,PMO - US,From RDC,N/A - From RDC,Air Charter,ARV,Adult,SCMS from RDC,"Efavirenz/Lamivudine/Tenofovir Disoproxil Fumarate 600/300/300mg, tablets, 30 Tabs",Efavirenz/Lamivudine/Tenofovir Disoproxil Fumarate,Generic,600/300/300mg,Tablet - FDC,Hetero Unit III Hyderabad IN,84883,30,14,156.1,11.15,0.37,0.19,38142,49199.75,TRUE,1/17/14,1/10/14,,
104-CI-T30,FPQ-12800,SO-46350,DN-3504,Côte d'Ivoire,PMO - US,From RDC,N/A - From RDC,Air,ARV,Pediatric,SCMS from RDC,"Nevirapine 10mg/ml, oral suspension w/syringe, Bottle, 240 ml",Nevirapine,Generic,10mg/ml,Oral suspension,"Aurobindo Unit III, India",84884,240,4000,7440,1.86,0.01,9.2,1928,8050.55,TRUE,1/31/14,1/18/14,,
102-CD-T30,FPQ-12577,SO-46160,DN-3514,"Congo, DRC",PMO - US,From RDC,N/A - From RDC,Air,ARV,Adult,SCMS from RDC,"Lopinavir/Ritonavir 200/50mg, tablets, 120 Tabs",Lopinavir/Ritonavir,Generic,200/50mg,Tablet,Mylan (formerly Matrix) Nashik,84887,120,2300,47104,20.48,0.17,58.27,613,4676.4,TRUE,3/26/14,3/26/14,,
109-TZ-T30,FPQ-12587,SO-45994,DN-3543,Tanzania,PMO - US,From RDC,N/A - From RDC,Truck,ARV,Pediatric,SCMS from RDC,"Abacavir/Lamivudine 60/30mg, dispersible tablets, 60 Tabs",Abacavir/Lamivudine,Generic,60/30mg,Chewable/dispersible tablet - FDC,"Cipla, Patalganga, India",84889,60,25000,157500,6.3,0.1,194.83,2266,2352.52,TRUE,5/29/14,5/7/14,,
109-TZ-T30,FPQ-13042,SO-46671,DN-3533,Tanzania,PMO - US,From RDC,N/A - From RDC,Truck,ARV,Adult,SCMS from RDC,"Abacavir 300mg, tablets, 60 Tabs",Abacavir,Generic,300mg,Tablet,"Aurobindo Unit III, India",84890,60,16357,185815.52,11.36,0.19,229.85,1635,6007.2,TRUE,2/14/14,2/21/14,,
114-UG-T30,FPQ-12253,SO-45531,DN-3534,Uganda,PMO - US,From RDC,N/A - From RDC,Truck,ARV,Adult,SCMS from RDC,"Lamivudine/Tenofovir Disoproxil Fumarate 300/300mg, tablets, 30 Tabs",Lamivudine/Tenofovir Disoproxil Fumarate,Generic,300/300mg,Tablet - FDC,Hetero Unit III Hyderabad IN,84891,30,52800,248160,4.7,0.16,306.97,5412,6951.84,TRUE,1/31/14,3/19/14,,
104-CI-T30,FPQ-12800,SO-46422,DN-3546,Côte d'Ivoire,PMO - US,From RDC,N/A - From RDC,Air,ARV,Pediatric,SCMS from RDC,"Lamivudine/Nevirapine/Zidovudine 30/50/60mg, dispersible tablets, 60 Tabs",Lamivudine/Nevirapine/Zidovudine,Generic,30/50/60mg,Chewable/dispersible tablet - FDC,"Strides, Bangalore, India.",84893,60,8201,30753.75,3.75,0.06,38.04,,,FALSE,2/28/14,2/18/14,,
104-CI-T30,FPQ-12144,SO-45631,DN-3547,Côte d'Ivoire,PMO - US,From RDC,N/A - From RDC,Truck,ARV,Pediatric,SCMS from RDC,"Abacavir/Lamivudine 60/30mg, tablets, 60 Tabs",Abacavir/Lamivudine,Generic,60/30mg,Tablet - FDC,"Aurobindo Unit III, India",84894,60,1915,7660,4,0.07,9.48,,,FALSE,2/28/14,1/18/14,,
151-NG-T30,FPQ-12248,SO-45665,DN-3551,Nigeria,PMO - US,From RDC,N/A - From RDC,Air Charter,ARV,Adult,SCMS from RDC,"Lamivudine/Nevirapine/Zidovudine 150/200/300mg, tablets, 60 Tabs",Lamivudine/Nevirapine/Zidovudine,Generic,150/300/200mg,Tablet - FDC,Mylan (formerly Matrix) Nashik,84895,60,255001,2106308.2,8.26,0.14,2605.5,60779,30936.1,TRUE,2/28/14,2/10/14,,
103-ZW-T30,FPQ-13109,SO-46951,DN-3550,Zimbabwe,PMO - US,From RDC,N/A - From RDC,Truck,ARV,Pediatric,SCMS from RDC,"Efavirenz 200mg, scored tablets, 90 Tabs",Efavirenz,Generic,200mg,Tablet,"Strides, Bangalore, India.",84896,90,5923,55083.9,9.3,0.1,56.63,365,3481.29,TRUE,3/3/14,2/11/14,,
111-MZ-T30,FPQ-12416,SO-45890,DN-3553,Mozambique,PMO - US,From RDC,N/A - From RDC,Truck,ARV,Adult,SCMS from RDC,"Lamivudine/Zidovudine 150/300mg, tablets, 60 Tabs",Lamivudine/Zidovudine,Generic,150/300mg,Tablet - FDC,"Aurobindo Unit III, India",84898,60,25000,168250,6.73,0.11,208.13,,,FALSE,6/3/14,6/3/14,,
101-CD-T30,FPQ-13554,SO-47630,DN-3561,"Congo, DRC",PMO - US,From RDC,N/A - From RDC,Air,ARV,Adult,SCMS from RDC,"Lamivudine/Zidovudine 150/300mg, tablets, 60 Tabs",Lamivudine/Zidovudine,Generic,150/300mg,Tablet - FDC,Mylan (formerly Matrix) Nashik,84899,60,2723,18325.79,6.73,0.11,18.84,,,FALSE,5/30/14,5/19/14,,
101-CD-T30,FPQ-13554,SO-47630,DN-3561,"Congo, DRC",PMO - US,From RDC,N/A - From RDC,Air,ARV,Adult,SCMS from RDC,"Lopinavir/Ritonavir 200/50mg, tablets, 120 Tabs",Lopinavir/Ritonavir,Generic,200/50mg,Tablet,Mylan (formerly Matrix) Nashik,84900,120,777,15912.96,20.48,0.17,16.36,,,FALSE,5/30/14,5/19/14,,
101-CD-T30,FPQ-13554,SO-47630,DN-3561,"Congo, DRC",PMO - US,From RDC,N/A - From RDC,Air,ARV,Pediatric,SCMS from RDC,"Nevirapine 10mg/ml, oral suspension w/syringe, Bottle, 240 ml",Nevirapine,Generic,10mg/ml,Oral suspension,"Aurobindo Unit III, India",84901,240,630,1171.8,1.86,0.01,1.2,,,FALSE,5/30/14,5/19/14,,
100-ZM-T30,FPQ-12497,SO-45940,DN-3565,Zambia,PMO - US,From RDC,N/A - From RDC,Truck,ARV,Adult,SCMS from RDC,"Lamivudine 150mg, tablets, 60 Tabs",Lamivudine,Generic,150mg,Tablet,"Micro labs, Verna, Goa, India",84903,60,1209,2696.07,2.23,0.04,3.34,609,3526.69,TRUE,3/25/14,3/25/14,,
104-CI-T30,FPQ-12800,SO-46361,DN-3567,Côte d'Ivoire,PMO - US,From RDC,N/A - From RDC,Air,ARV,Pediatric,SCMS from RDC,"Lamivudine 10mg/ml, oral solution w/syringe, Bottle, 240 ml",Lamivudine,Generic,10mg/ml,Oral solution,"Aurobindo Unit III, India",84904,240,13000,18590,1.43,0.01,23,,,FALSE,3/28/14,3/26/14,,
103-SS-T30,FPQ-13173,SO-47100,DN-3581,South Sudan,PMO - US,From RDC,N/A - From RDC,Air,ARV,Adult,SCMS from RDC,"Lamivudine/Zidovudine 150/300mg, tablets, 60 Tabs",Lamivudine/Zidovudine,Generic,150/300mg,Tablet - FDC,"Cipla, Goa, India",84905,60,1702,11454.46,6.73,0.11,11.78,,,FALSE,3/31/14,3/21/14,,
105-GY-T30,FPQ-13071,SO-46800,DN-3585,Guyana,PMO - US,From RDC,N/A - From RDC,Air,ARV,Pediatric,SCMS from RDC,"Efavirenz 200mg, scored tablets, 90 Tabs",Efavirenz,Generic,200mg,Tablet,"Strides, Bangalore, India.",84906,90,48,446.4,9.3,0.1,0.46,,,FALSE,3/31/14,4/3/14,,
105-GY-T30,FPQ-13071,SO-46800,DN-3585,Guyana,PMO - US,From RDC,N/A - From RDC,Air,ARV,Adult,SCMS from RDC,"Zidovudine 300mg, tablets, 60 Tabs",Zidovudine,Generic,300mg,Tablet,"Aurobindo Unit III, India",84907,60,803,5018.75,6.25,0.1,5.16,,,FALSE,3/31/14,4/3/14,,
106-HT-T30,FPQ-13608,SO-47690,DN-3586,Haiti,PMO - US,From RDC,N/A - From RDC,Air,ARV,Adult,SCMS from RDC,"Efavirenz 600mg, tablets, 30 Tabs",Efavirenz,Generic,600mg,Tablet,"Hetero, Jadcherla, unit 5, IN",84908,30,25000,83250,3.33,0.11,85.58,,,FALSE,3/30/14,3/24/14,,
114-UG-T30,FPQ-13108,SO-46870,DN-3589,Uganda,PMO - US,From RDC,N/A - From RDC,Truck,ARV,Adult,SCMS from RDC,"Lamivudine/Zidovudine 150/300mg, tablets, 60 Tabs",Lamivudine/Zidovudine,Generic,150/300mg,Tablet - FDC,"Aurobindo Unit III, India",84909,60,3757,25284.61,6.73,0.11,25.99,,,FALSE,4/20/14,4/18/14,,
109-TZ-T30,FPQ-13042,SO-46720,DN-3593,Tanzania,PMO - US,From RDC,N/A - From RDC,Truck,ARV,Adult,SCMS from RDC,"Lopinavir/Ritonavir 200/50mg, tablets, 120 Tabs",Lopinavir/Ritonavir,Generic,200/50mg,Tablet,Mylan (formerly Matrix) Nashik,84910,120,33086,664036,20.07,0.17,821.41,5065,2352.52,TRUE,5/15/14,5/7/14,,
104-CI-T30,FPQ-12800,SO-46430,DN-3599,Côte d'Ivoire,PMO - US,From RDC,N/A - From RDC,Truck,ARV,Adult,SCMS from RDC,"Lamivudine/Tenofovir Disoproxil Fumarate 300/300mg, tablets, 30 Tabs",Lamivudine/Tenofovir Disoproxil Fumarate,Generic,300/300mg,Tablet - FDC,Hetero Unit III Hyderabad IN,84911,30,26000,122200,4.7,0.16,151.16,,,FALSE,4/30/14,4/14/14,,
151-NG-T30,FPQ-11771,SO-44754,DN-3621,Nigeria,PMO - US,From RDC,N/A - From RDC,Air Charter,ARV,Adult,SCMS from RDC,"Lopinavir/Ritonavir 200/50mg [Aluvia], tablets, 120 Tabs",Lopinavir/Ritonavir,Aluvia,200/50mg,Tablet,ABBVIE Ludwigshafen Germany,84913,120,15826,299111.4,18.9,0.16,370,3814,29674.92,TRUE,4/15/14,4/17/14,,
105-GY-T30,FPQ-13567,SO-47730,DN-3626,Guyana,PMO - US,From RDC,N/A - From RDC,Air,ARV,Pediatric,SCMS from RDC,"Efavirenz 200mg, scored tablets, 90 Tabs",Efavirenz,Generic,200mg,Tablet,"Strides, Bangalore, India.",84914,90,74,688.2,9.3,0.1,0.71,,,FALSE,6/30/14,4/14/14,,
105-GY-T30,FPQ-13567,SO-47730,DN-3626,Guyana,PMO - US,From RDC,N/A - From RDC,Air,ARV,Adult,SCMS from RDC,"Lamivudine 150mg, tablets, 60 Tabs",Lamivudine,Generic,150mg,Tablet,"Strides, Bangalore, India.",84915,60,210,468.3,2.23,0.04,0.48,,,FALSE,6/30/14,4/14/14,,
104-CI-T30,FPQ-12800,SO-46423,DN-3630,Côte d'Ivoire,PMO - US,From RDC,N/A - From RDC,Air,ARV,Adult,SCMS from RDC,"Tenofovir Disoproxil Fumarate 300mg, tablets, 30 Tabs",Tenofovir Disoproxil Fumarate,Generic,300mg,Tablet,Mylan (formerly Matrix) Nashik,84916,30,3300,12474,3.78,0.13,15.43,259,1008.9,TRUE,4/30/14,4/25/14,,
104-CI-T30,FPQ-13142,SO-47131,DN-3632,Côte d'Ivoire,PMO - US,From RDC,N/A - From RDC,Truck,ARV,Adult,SCMS from RDC,"Efavirenz/Lamivudine/Tenofovir Disoproxil Fumarate 600/300/300mg, tablets, 30 Tabs",Efavirenz/Lamivudine/Tenofovir Disoproxil Fumarate,Generic,600/300/300mg,Tablet - FDC,Hetero Unit III Hyderabad IN,84917,30,52200,562716,10.78,0.36,578.47,,,FALSE,4/30/14,4/25/14,,
105-GY-T30,FPQ-13071,SO-46801,DN-3639,Guyana,PMO - US,From RDC,N/A - From RDC,Air,ARV,Pediatric,SCMS from RDC,"Abacavir 20mg/ml, oral solution w/syringe, Bottle, 240 ml",Abacavir,Generic,20mg/ml,Oral solution,"Aurobindo Unit III, India",84918,240,30,251.4,8.38,0.03,0.26,11,871.8,TRUE,5/5/14,4/25/14,,
110-ZM-T30,FPQ-13221,SO-47201,DN-3648,Zambia,PMO - US,From RDC,N/A - From RDC,Truck,ARV,Adult,SCMS from RDC,"Lamivudine/Tenofovir Disoproxil Fumarate 300/300mg, tablets, 30 Tabs",Lamivudine/Tenofovir Disoproxil Fumarate,Generic,300/300mg,Tablet - FDC,Ranbaxy per Shasun Pharma,84919,30,29440,136601.6,4.64,0.15,140.43,,,FALSE,5/6/14,5/19/14,,
104-CI-T30,FPQ-13142,SO-47130,DN-3655,Côte d'Ivoire,PMO - US,From RDC,N/A - From RDC,Truck,ARV,Adult,SCMS from RDC,"Abacavir/Lamivudine 600/300mg, tablets, 30 Tabs",Abacavir/Lamivudine,Generic,600/300mg,Tablet - FDC,"Aurobindo Unit III, India",84920,30,3291,44494.32,13.52,0.45,45.74,,,FALSE,4/21/14,5/1/14,,
104-CI-T30,FPQ-13142,SO-47130,DN-3655,Côte d'Ivoire,PMO - US,From RDC,N/A - From RDC,Truck,ARV,Adult,SCMS from RDC,"Abacavir/Lamivudine 600/300mg, tablets, 30 Tabs",Abacavir/Lamivudine,Generic,600/300mg,Tablet - FDC,"Aurobindo Unit III, India",84921,30,3709,50145.68,13.52,0.45,51.55,,,FALSE,4/21/14,5/1/14,,
104-CI-T30,FPQ-13142,SO-47150,DN-3656,Côte d'Ivoire,PMO - US,From RDC,N/A - From RDC,Truck,ARV,Adult,SCMS from RDC,"Lamivudine/Nevirapine/Zidovudine 150/200/300mg, tablets, 60 Tabs",Lamivudine/Nevirapine/Zidovudine,Generic,150/300/200mg,Tablet - FDC,"Strides, Bangalore, India.",84922,60,75235,610155.9,8.11,0.14,627.24,9080,34551.83,TRUE,4/30/14,4/22/14,,
106-HT-T30,FPQ-13648,SO-47820,DN-3682,Haiti,PMO - US,From RDC,N/A - From RDC,Air,ARV,Pediatric,SCMS from RDC,"Lamivudine/Nevirapine/Zidovudine 30/50/60mg, dispersible tablets, 60 Tabs",Lamivudine/Nevirapine/Zidovudine,Generic,30/50/60mg,Chewable/dispersible tablet - FDC,"Strides, Bangalore, India.",84925,60,2581,9678.75,3.75,0.06,9.95,110,1955.22,TRUE,4/30/14,5/12/14,,
107-RW-T30,FPQ-12901,SO-46560,DN-3689,Rwanda,PMO - US,From RDC,N/A - From RDC,Truck,ARV,Adult,SCMS from RDC,"Efavirenz/Lamivudine/Tenofovir Disoproxil Fumarate 600/300/300mg, tablets, 30 Tabs",Efavirenz/Lamivudine/Tenofovir Disoproxil Fumarate,Generic,600/300/300mg,Tablet - FDC,Hetero Unit III Hyderabad IN,84926,30,61123,658905.94,10.78,0.36,815.07,8281,14311,TRUE,6/16/14,5/17/14,,
104-CI-T30,FPQ-12800,SO-46390,DN-3692,Côte d'Ivoire,PMO - US,From RDC,N/A - From RDC,Truck,ARV,Adult,SCMS from RDC,"Lopinavir/Ritonavir 200/50mg [Aluvia], tablets, 120 Tabs",Lopinavir/Ritonavir,Aluvia,200/50mg,Tablet,ABBVIE Ludwigshafen Germany,84927,120,54000,1020600,18.9,0.16,1262.48,11971,44448.75,TRUE,6/30/14,5/16/14,,
113-ZW-T30,FPQ-12950,SO-46650,DN-3702,Zimbabwe,PMO - US,From RDC,N/A - From RDC,Truck,ARV,Adult,SCMS from RDC,"Efavirenz/Lamivudine/Tenofovir Disoproxil Fumarate 600/300/300mg, tablets, 30 Tabs",Efavirenz/Lamivudine/Tenofovir Disoproxil Fumarate,Generic,600/300/300mg,Tablet - FDC,"Aurobindo Unit VII, IN",84928,30,225000,2425500,10.78,0.36,3000.34,37973,15873.95,TRUE,5/30/14,5/30/14,,
107-RW-T30,FPQ-12190,SO-45391,DN-3714,Rwanda,PMO - US,From RDC,N/A - From RDC,Truck,ARV,Adult,SCMS from RDC,"Nevirapine 200mg, tablets, 60 Tabs",Nevirapine,Generic,200mg,Tablet,Hetero Unit III Hyderabad IN,84929,60,30666,67771.86,2.21,0.04,83.83,1878,11085.83,TRUE,5/30/14,7/3/14,,
151-NG-T30,FPQ-13293,SO-47283,DN-3718,Nigeria,PMO - US,From RDC,N/A - From RDC,Air Charter,ARV,Adult,SCMS from RDC,"Lamivudine/Zidovudine 150/300mg, tablets, 60 Tabs",Lamivudine/Zidovudine,Generic,150/300mg,Tablet - FDC,Mylan (formerly Matrix) Nashik,84930,60,92125,608025,6.6,0.11,625.05,7982,45180.63,TRUE,6/30/14,5/9/14,,
151-NG-T30,FPQ-13293,SO-47300,DN-3720,Nigeria,PMO - US,From RDC,N/A - From RDC,Air Charter,ARV,Pediatric,SCMS from RDC,"Efavirenz 200mg, scored tablets, 90 Tabs",Efavirenz,Generic,200mg,Tablet,"Strides, Bangalore, India.",84931,90,10534,97966.2,9.3,0.1,100.71,2,45180.62,TRUE,6/30/14,5/9/14,,
105-GY-T30,FPQ-14042,SO-48500,DN-3737,Guyana,PMO - US,From RDC,N/A - From RDC,Air,ARV,Adult,SCMS from RDC,"Lopinavir/Ritonavir 200/50mg, tablets, 120 Tabs",Lopinavir/Ritonavir,Generic,200/50mg,Tablet,Mylan (formerly Matrix) Nashik,84934,120,1031,20321.01,19.71,0.16,20.89,298,4353.04,TRUE,6/30/14,6/3/14,,
102-BI-T30,FPQ-12602,SO-46023,DN-3739,Burundi,PMO - US,From RDC,N/A - From RDC,Air,ARV,Adult,SCMS from RDC,"Efavirenz 600mg, tablets, 30 Tabs",Efavirenz,Generic,600mg,Tablet,"Strides, Bangalore, India.",84935,30,573,1839.33,3.21,0.11,2.28,,,FALSE,6/16/14,6/4/14,,
110-ZM-T30,FPQ-13574,SO-47790,DN-3753,Zambia,PMO - US,From RDC,N/A - From RDC,Air,ARV,Pediatric,SCMS from RDC,"Nevirapine 10mg/ml, oral suspension w/syringe, Bottle, 100 ml",Nevirapine,Generic,10mg/ml,Oral suspension,"Aurobindo Unit III, India",84936,100,6778,8811.4,1.3,0.01,9.06,1358,3150.3,TRUE,6/16/14,6/17/14,,
111-MZ-T30,FPQ-13123,SO-47092,DN-3752,Mozambique,PMO - US,From RDC,N/A - From RDC,Truck,ARV,Adult,SCMS from RDC,"Efavirenz 600mg, tablets, 30 Tabs",Efavirenz,Generic,600mg,Tablet,"Strides, Bangalore, India.",84937,30,30000,96300,3.21,0.11,99,,,FALSE,7/31/14,7/25/14,,
111-MZ-T30,FPQ-13166,SO-47611,DN-3697,Mozambique,PMO - US,From RDC,N/A - From RDC,Truck,ARV,Adult,SCMS from RDC,"Abacavir/Lamivudine 600/300mg, scored tablets, 30 Tabs",Abacavir/Lamivudine,Generic,600/300mg,Tablet - FDC,Mylan (formerly Matrix) Nashik,84938,30,2555,34543.6,13.52,0.45,35.51,227,227.19,TRUE,7/9/14,7/18/14,,
111-MZ-T30,FPQ-13123,SO-47087,DN-3757,Mozambique,PMO - US,From RDC,N/A - From RDC,Truck,ARV,Adult,SCMS from RDC,"Efavirenz 600mg, tablets, 30 Tabs",Efavirenz,Generic,600mg,Tablet,"Strides, Bangalore, India.",84939,30,20340,65291.4,3.21,0.11,67.12,1242,9384,TRUE,7/31/14,10/6/14,,
109-TZ-T30,FPQ-13042,SO-46721,DN-3758,Tanzania,PMO - US,From RDC,N/A - From RDC,Truck,ARV,Adult,SCMS from RDC,"Lopinavir/Ritonavir 200/50mg [Aluvia], tablets, 120 Tabs",Lopinavir/Ritonavir,Aluvia,200/50mg,Tablet,ABBVIE Ludwigshafen Germany,84940,120,14758,278926.2,18.9,0.16,345.03,3030,2994.62,TRUE,6/30/14,6/24/14,,
109-TZ-T30,FPQ-13042,SO-46701,DN-3762,Tanzania,PMO - US,From RDC,N/A - From RDC,Air,ARV,Pediatric,SCMS from RDC,"Nevirapine 10mg/ml, oral suspension w/syringe, Bottle, 100 ml",Nevirapine,Generic,10mg/ml,Oral suspension,"Aurobindo Unit III, India",84942,100,28464,37003.2,1.3,0.01,45.77,,,FALSE,7/31/14,9/25/14,,
113-ZW-T30,FPQ-13508,SO-47541,DN-3771,Zimbabwe,PMO - US,From RDC,N/A - From RDC,Truck,ARV,Adult,SCMS from RDC,"Lamivudine/Tenofovir Disoproxil Fumarate 300/300mg, tablets, 30 Tabs",Lamivudine/Tenofovir Disoproxil Fumarate,Generic,300/300mg,Tablet - FDC,"Aurobindo Unit VII, IN",84943,30,153560,721732,4.7,0.16,741.94,18528,31514.85,TRUE,9/30/14,6/20/14,,
113-ZW-T30,FPQ-13508,SO-47530,DN-3780,Zimbabwe,PMO - US,From RDC,N/A - From RDC,Truck,ARV,Adult,SCMS from RDC,"Nevirapine 200mg, tablets, 60 Tabs",Nevirapine,Generic,200mg,Tablet,Hetero Unit III Hyderabad IN,84944,60,44716,101058.16,2.26,0.04,103.89,5925,13770.65,TRUE,7/30/14,7/11/14,,
102-ZW-T30,FPQ-14557,SO-49250,DN-3879,Zimbabwe,PMO - US,From RDC,N/A - From RDC,Truck,ARV,Pediatric,SCMS from RDC,"Abacavir 20mg/ml, [DON] oral solution, Bottle, 240 ml",Abacavir,Generic,20mg/ml,Oral solution,"Aurobindo Unit III, India",84945,240,301,0,0,0,0,,,TRUE,8/25/14,9/12/14,,
111-MZ-T30,FPQ-14226,SO-48883,DN-3875,Mozambique,PMO - US,From RDC,N/A - From RDC,Truck,ARV,Adult,SCMS from RDC,"Efavirenz 600mg, tablets, 30 Tabs",Efavirenz,Generic,600mg,Tablet,"Cipla, Goa, India",84947,30,8283,26588.43,3.21,0.11,27.33,,,FALSE,12/31/14,10/30/14,,
111-MZ-T30,FPQ-14226,SO-48871,DN-3805,Mozambique,PMO - US,From RDC,N/A - From RDC,Truck,ARV,Adult,SCMS from RDC,"Tenofovir Disoproxil Fumarate 300mg, tablets, 30 Tabs",Tenofovir Disoproxil Fumarate,Generic,300mg,Tablet,Hetero Unit III Hyderabad IN,84949,30,800,3024,3.78,0.13,3.11,64,166.96,TRUE,9/30/14,9/5/14,,
111-MZ-T30,FPQ-13124,SO-47040,DN-3809,Mozambique,PMO - US,From RDC,N/A - From RDC,Truck,ARV,Adult,SCMS from RDC,"Efavirenz 600mg, tablets, 30 Tabs",Efavirenz,Generic,600mg,Tablet,"Strides, Bangalore, India.",84950,30,108650,348766.5,3.21,0.11,358.53,9741,9360.14,TRUE,8/15/14,8/15/14,,
113-ZW-T30,FPQ-13508,SO-47540,DN-3825,Zimbabwe,PMO - US,From RDC,N/A - From RDC,Truck,ARV,Adult,SCMS from RDC,"Nevirapine 200mg, tablets, 60 Tabs",Nevirapine,Generic,200mg,Tablet,"Strides, Bangalore, India.",84951,60,48253,105191.54,2.18,0.04,108.14,,,FALSE,9/30/14,6/29/14,,
111-MZ-T30,FPQ-13123,SO-47090,DN-3826,Mozambique,PMO - US,From RDC,N/A - From RDC,Truck,ARV,Adult,SCMS from RDC,"Lamivudine/Stavudine 150/30mg, tablets, 60 Tabs",Lamivudine/Stavudine,Generic,150/30mg,Tablet - FDC,"Strides, Bangalore, India.",84952,60,26700,66483,2.49,0.04,68.34,1307,1482.7,TRUE,8/29/14,11/5/14,,
110-ZM-T30,FPQ-14105,SO-48660,DN-3832,Zambia,PMO - US,From RDC,N/A - From RDC,Truck,ARV,Adult,SCMS from RDC,"Lamivudine/Zidovudine 150/300mg, tablets, 60 Tabs",Lamivudine/Zidovudine,Generic,150/300mg,Tablet - FDC,Hetero Unit III Hyderabad IN,84953,60,100000,652000,6.52,0.11,670.26,8528,8635.96,TRUE,7/31/14,7/25/14,,
110-ZM-T30,FPQ-14162,SO-48671,DN-3839,Zambia,PMO - US,From RDC,N/A - From RDC,Truck,ARV,Adult,SCMS from RDC,"Nevirapine 200mg, tablets, 60 Tabs",Nevirapine,Generic,200mg,Tablet,Hetero Unit III Hyderabad IN,84955,60,39132,86481.72,2.21,0.04,88.9,2426,2413.89,TRUE,8/30/14,7/25/14,,
103-SS-T30,FPQ-14409,SO-49120,DN-3842,South Sudan,PMO - US,From RDC,N/A - From RDC,Air,ARV,Pediatric,SCMS from RDC,"Abacavir/Lamivudine 60/30mg, dispersible tablets, 60 Tabs",Abacavir/Lamivudine,Generic,60/30mg,Chewable/dispersible tablet - FDC,"Cipla, Patalganga, India",84956,60,3274,18432.62,5.63,0.09,18.95,,,FALSE,9/1/14,9/1/14,,
101-CD-T30,FPQ-14252,SO-48850,DN-3843,"Congo, DRC",PMO - US,From RDC,N/A - From RDC,Air,ARV,Adult,SCMS from RDC,"Tenofovir Disoproxil Fumarate 300mg, tablets, 30 Tabs",Tenofovir Disoproxil Fumarate,Generic,300mg,Tablet,Mylan (formerly Matrix) Nashik,84957,30,1540,5821.2,3.78,0.13,5.98,,,FALSE,8/13/14,9/24/14,,
107-RW-T30,FPQ-14111,SO-48760,DN-3857,Rwanda,PMO - US,From RDC,N/A - From RDC,Air,ARV,Pediatric,SCMS from RDC,"Lamivudine/Nevirapine/Zidovudine 30/50/60mg, dispersible tablets, 60 Tabs",Lamivudine/Nevirapine/Zidovudine,Generic,30/50/60mg,Chewable/dispersible tablet - FDC,"Strides, Bangalore, India.",84966,60,2274,8527.5,3.75,0.06,8.77,100,1511.4,TRUE,7/30/14,8/1/14,,
111-MZ-T30,FPQ-13575,SO-47703,DN-3865,Mozambique,PMO - US,From RDC,N/A - From RDC,Truck,ARV,Adult,SCMS from RDC,"Efavirenz 600mg, tablets, 30 Tabs",Efavirenz,Generic,600mg,Tablet,"Strides, Bangalore, India.",84967,30,6600,21186,3.21,0.11,21.78,,,FALSE,8/31/14,10/30/14,,
109-TZ-T30,FPQ-13042,SO-46674,DN-3867,Tanzania,PMO - US,From RDC,N/A - From RDC,Truck,ARV,Pediatric,SCMS from RDC,"Lamivudine/Nevirapine/Zidovudine 30/50/60mg, dispersible tablets, 60 Tabs",Lamivudine/Nevirapine/Zidovudine,Generic,30/50/60mg,Chewable/dispersible tablet - FDC,Mylan (formerly Matrix) Nashik,84968,60,20000,74600,3.73,0.06,92.28,3431,19379.94,TRUE,8/29/14,9/29/14,,
110-ZM-T30,FPQ-13221,SO-47205,DN-3869,Zambia,PMO - US,From RDC,N/A - From RDC,Truck,ARV,Adult,SCMS from RDC,"Lopinavir/Ritonavir 200/50mg, tablets, 120 Tabs",Lopinavir/Ritonavir,Generic,200/50mg,Tablet,Mylan (formerly Matrix) Nashik,84969,120,32905,648557.56,19.71,0.16,666.72,5111,10944.73,TRUE,8/29/14,9/2/14,,
111-MZ-T30,FPQ-13575,SO-47704,DN-3874,Mozambique,PMO - US,From RDC,N/A - From RDC,Truck,ARV,Adult,SCMS from RDC,"Lamivudine/Nevirapine/Zidovudine 150/200/300mg, tablets, 60 Tabs",Lamivudine/Nevirapine/Zidovudine,Generic,150/300/200mg,Tablet - FDC,Mylan (formerly Matrix) Nashik,84970,60,74930,607682.3,8.11,0.14,624.7,9100,6507.33,TRUE,8/31/14,10/27/14,,
101-CD-T30,FPQ-14252,SO-48851,DN-3901,"Congo, DRC",PMO - US,From RDC,N/A - From RDC,Air,ARV,Pediatric,SCMS from RDC,"Zidovudine 10mg/ml, oral solution w/syringe, Bottle, 240 ml",Zidovudine,Generic,10mg/ml,Oral solution,"Cipla, Goa, India",84971,240,1090,2289,2.1,0.01,2.35,408,5580.44,TRUE,9/30/14,10/24/14,,
107-RW-T30,FPQ-12190,SO-45350,DN-3902,Rwanda,PMO - US,From RDC,N/A - From RDC,Air,ARV,Pediatric,SCMS from RDC,"Zidovudine 10mg/ml, oral solution w/syringe, Bottle, 240 ml",Zidovudine,Generic,10mg/ml,Oral solution,"Cipla, Goa, India",84972,240,2125,4462.5,2.1,0.01,5.52,796,5603.78,TRUE,9/15/14,9/19/14,,
101-CD-T30,FPQ-14252,SO-48853,DN-3909,"Congo, DRC",PMO - US,From RDC,N/A - From RDC,Air,ARV,Adult,SCMS from RDC,"Zidovudine 300mg, tablets, 60 Tabs",Zidovudine,Generic,300mg,Tablet,"Aurobindo Unit III, India",84974,60,2651,14421.44,5.44,0.09,14.83,155,3028.36,TRUE,11/27/14,11/27/14,,
151-NG-T30,FPQ-13293,SO-47274,DN-3913,Nigeria,PMO - US,From RDC,N/A - From RDC,Air Charter,ARV,Adult,SCMS from RDC,"Lamivudine/Nevirapine/Zidovudine 150/200/300mg, tablets, 60 Tabs",Lamivudine/Nevirapine/Zidovudine,Generic,150/300/200mg,Tablet - FDC,Mylan (formerly Matrix) Nashik,84975,60,45520,369167.2,8.11,0.14,379.5,,,FALSE,9/30/14,9/3/14,,
114-UG-T30,FPQ-13693,SO-47840,DN-3930,Uganda,PMO - US,From RDC,N/A - From RDC,Truck,ARV,Pediatric,SCMS from RDC,"Lamivudine/Zidovudine 30/60mg, dispersible tablets, 60 Tabs",Lamivudine/Zidovudine,Generic,30/60mg,Chewable/dispersible tablet - FDC,"Cipla, Goa, India",84978,60,4000,8600,2.15,0.04,8.84,474,1332.7,TRUE,10/31/14,9/25/14,,
111-MZ-T30,FPQ-13575,SO-47700,DN-3939,Mozambique,PMO - US,From RDC,N/A - From RDC,Truck,ARV,Adult,SCMS from RDC,"Abacavir 300mg, tablets, 60 Tabs",Abacavir,Generic,300mg,Tablet,"Aurobindo Unit III, India",84979,60,7977,90618.72,11.36,0.19,93.16,,,FALSE,10/31/14,10/30/14,,
110-ZM-T30,FPQ-13221,SO-47207,DN-3941,Zambia,PMO - US,From RDC,N/A - From RDC,Truck,ARV,Adult,SCMS from RDC,"Lamivudine/Tenofovir Disoproxil Fumarate 300/300mg, tablets, 30 Tabs",Lamivudine/Tenofovir Disoproxil Fumarate,Generic,300/300mg,Tablet - FDC,Ranbaxy per Shasun Pharma,84980,30,11536,54219.2,4.7,0.16,55.74,1046,1157.78,TRUE,9/30/14,10/2/14,,
110-ZM-T30,FPQ-14575,SO-49281,DN-3943,Zambia,PMO - US,From RDC,N/A - From RDC,Truck,ARV,Pediatric,SCMS from RDC,"Nevirapine 10mg/ml, oral suspension w/syringe, Bottle, 240 ml",Nevirapine,Generic,10mg/ml,Oral suspension,"Aurobindo Unit III, India",84981,240,10000,13000,1.3,0.01,13.36,3731,4329.61,TRUE,11/30/14,9/23/14,,
105-GY-T30,FPQ-14042,SO-48522,DN-3945,Guyana,PMO - US,From RDC,N/A - From RDC,Air,ARV,Pediatric,SCMS from RDC,"Abacavir 20mg/ml, oral solution w/syringe, Bottle, 240 ml",Abacavir,Generic,20mg/ml,Oral solution,"Aurobindo Unit III, India",84982,240,100,838,8.38,0.03,0.86,44,863.24,TRUE,9/30/14,10/31/14,,
102-BI-T30,FPQ-14112,SO-48630,DN-3952,Burundi,PMO - US,From RDC,N/A - From RDC,Air,ARV,Adult,SCMS from RDC,"Lamivudine/Zidovudine 150/300mg, tablets, 60 Tabs",Lamivudine/Zidovudine,Generic,150/300mg,Tablet - FDC,Mylan (formerly Matrix) Nashik,84984,60,2532,16711.2,6.6,0.11,17.18,,,FALSE,10/31/14,10/15/14,,
103-ZW-T30,FPQ-14459,SO-49181,DN-3973,Zimbabwe,PMO - US,From RDC,N/A - From RDC,Truck,ARV,Pediatric,SCMS from RDC,"Lamivudine/Zidovudine 30/60mg, dispersible tablets, 60 Tabs",Lamivudine/Zidovudine,Generic,30/60mg,Chewable/dispersible tablet - FDC,"Cipla, Goa, India",84988,60,15000,29850,1.99,0.03,30.69,1037,891.65,TRUE,11/24/14,10/30/14,,
101-CD-T30,FPQ-14576,SO-49310,DN-3954,"Congo, DRC",PMO - US,From RDC,N/A - From RDC,Air,ARV,Adult,SCMS from RDC,"Nevirapine 200mg, tablets, 60 Tabs",Nevirapine,Generic,200mg,Tablet,Hetero Unit III Hyderabad IN,84991,60,5850,12753,2.18,0.04,13.11,,,FALSE,4/14/15,4/14/15,,
101-CD-T30,FPQ-14576,SO-49290,DN-3975,"Congo, DRC",PMO - US,From RDC,N/A - From RDC,Air,ARV,Pediatric,SCMS from RDC,"Zidovudine 10mg/ml, oral solution w/syringe, Bottle, 240 ml",Zidovudine,Generic,10mg/ml,Oral solution,"Cipla, Goa, India",84992,240,714,1499.4,2.1,0.01,1.54,,,FALSE,1/30/15,2/18/15,,
151-NG-T30,FPQ-14156,SO-48891,DN-3999,Nigeria,PMO - US,From RDC,N/A - From RDC,Air Charter,ARV,Adult,SCMS from RDC,"Lamivudine/Nevirapine/Zidovudine 150/200/300mg, tablets, 60 Tabs",Lamivudine/Nevirapine/Zidovudine,Generic,150/300/200mg,Tablet - FDC,"Cipla, Goa, India",84994,60,100000,811000,8.11,0.14,833.71,,,FALSE,11/30/14,10/30/14,,
109-TZ-T30,FPQ-13566,SO-47656,DN-4006,Tanzania,PMO - US,From RDC,N/A - From RDC,Truck,ARV,Adult,SCMS from RDC,"Efavirenz/Emtricitabine/Tenofovir Disoproxil Fumarate 600/200/300mg, tablets, 30 Tabs",Efavirenz/Emtricitabine/Tenofovir Disoproxil Fumarate,Generic,600/200/300mg,Tablet - FDC,Mylan (formerly Matrix) Nashik,84995,30,12783,151989.88,11.89,0.4,156.25,1371,7585.82,TRUE,1/30/15,1/23/15,,
104-CI-T30,FPQ-13628,SO-47882,DN-4016,Côte d'Ivoire,PMO - US,From RDC,N/A - From RDC,Truck,ARV,Pediatric,SCMS from RDC,"Abacavir/Lamivudine 60/30mg, dispersible tablets, 60 Tabs",Abacavir/Lamivudine,Generic,60/30mg,Chewable/dispersible tablet - FDC,"Cipla, Patalganga, India",84996,60,137,697.33,5.09,0.08,0.72,2014,7726.12,TRUE,11/28/14,12/2/14,,
104-CI-T30,FPQ-14370,SO-49051,DN-4017,Côte d'Ivoire,PMO - US,From RDC,N/A - From RDC,Truck,ARV,Adult,SCMS from RDC,"Efavirenz 600mg, tablets, 30 Tabs",Efavirenz,Generic,600mg,Tablet,"Strides, Bangalore, India.",84997,30,64445,206868.45,3.21,0.11,212.66,5678,20052.11,TRUE,11/28/14,12/2/14,,
104-CI-T30,FPQ-13628,SO-47890,DN-4027,Côte d'Ivoire,PMO - US,From RDC,N/A - From RDC,Truck,ARV,Adult,SCMS from RDC,"Lamivudine/Zidovudine 150/300mg, tablets, 60 Tabs",Lamivudine/Zidovudine,Generic,150/300mg,Tablet - FDC,Hetero Unit III Hyderabad IN,84999,60,126840,853633.2,6.73,0.11,877.53,11283,42947.44,TRUE,1/30/15,12/19/14,,
111-MZ-T30,FPQ-14226,SO-48880,DN-4032,Mozambique,PMO - US,From RDC,N/A - From RDC,Truck,ARV,Adult,SCMS from RDC,"Tenofovir Disoproxil Fumarate 300mg, tablets, 30 Tabs",Tenofovir Disoproxil Fumarate,Generic,300mg,Tablet,Hetero Unit III Hyderabad IN,85000,30,380,1436.4,3.78,0.13,1.48,,,FALSE,3/2/15,3/2/15,,
111-MZ-T30,FPQ-14226,SO-48880,DN-4032,Mozambique,PMO - US,From RDC,N/A - From RDC,Truck,ARV,Adult,SCMS from RDC,"Lopinavir/Ritonavir 200/50mg, tablets, 120 Tabs",Lopinavir/Ritonavir,Generic,200/50mg,Tablet,"Aurobindo Unit III, India",85001,120,13642,264381.97,19.38,0.16,271.78,,,FALSE,3/2/15,3/2/15,,
114-UG-T30,FPQ-14396,SO-48992,DN-4034,Uganda,PMO - US,From RDC,N/A - From RDC,Truck,ARV,Adult,SCMS from RDC,"Efavirenz/Lamivudine/Tenofovir Disoproxil Fumarate 600/300/300mg, tablets, 30 Tabs",Efavirenz/Lamivudine/Tenofovir Disoproxil Fumarate,Generic,600/300/300mg,Tablet - FDC,Mylan (formerly Matrix) Nashik,85002,30,45000,485100,10.78,0.36,498.68,5083,6948.04,TRUE,1/30/15,1/5/15,,
114-UG-T30,FPQ-14396,SO-48993,DN-4041,Uganda,PMO - US,From RDC,N/A - From RDC,Truck,ARV,Adult,SCMS from RDC,"Lopinavir/Ritonavir 200/50mg [Aluvia], tablets, 120 Tabs",Lopinavir/Ritonavir,Aluvia,200/50mg,Tablet,ABBVIE Ludwigshafen Germany,85003,120,3663,69230.7,18.9,0.16,71.17,,,FALSE,2/16/15,1/24/15,,
151-NG-T30,FPQ-14156,SO-48907,DN-4054,Nigeria,PMO - US,From RDC,N/A - From RDC,Air Charter,ARV,Adult,SCMS from RDC,"Lamivudine/Zidovudine 150/300mg, tablets, 60 Tabs",Lamivudine/Zidovudine,Generic,150/300mg,Tablet - FDC,Hetero Unit III Hyderabad IN,85004,60,33147,218770.2,6.6,0.11,224.9,32,5798.14,TRUE,1/30/15,12/29/14,,
151-NG-T30,FPQ-14156,SO-48892,DN-4052,Nigeria,PMO - US,From RDC,N/A - From RDC,Air Charter,ARV,Adult,SCMS from RDC,"Lamivudine/Nevirapine/Zidovudine 150/200/300mg, tablets, 60 Tabs",Lamivudine/Nevirapine/Zidovudine,Generic,150/300/200mg,Tablet - FDC,Mylan (formerly Matrix) Nashik,85005,60,320300,2472716,7.72,0.13,2541.95,87076,194623.44,TRUE,1/30/15,12/29/14,,
104-CI-T30,FPQ-14370,SO-49052,DN-4064,Côte d'Ivoire,PMO - US,From RDC,N/A - From RDC,Truck,ARV,Adult,SCMS from RDC,"Tenofovir Disoproxil Fumarate 300mg, tablets, 30 Tabs",Tenofovir Disoproxil Fumarate,Generic,300mg,Tablet,Hetero Unit III Hyderabad IN,85007,30,4236,15037.8,3.55,0.12,15.46,,,FALSE,2/16/15,1/19/15,,
110-ZM-T30,FPQ-14162,SO-48680,DN-4082,Zambia,PMO - US,From RDC,N/A - From RDC,Truck,ARV,Adult,SCMS from RDC,"Lamivudine/Zidovudine 150/300mg, tablets, 60 Tabs",Lamivudine/Zidovudine,Generic,150/300mg,Tablet - FDC,Mylan (formerly Matrix) Nashik,85008,60,132000,871200,6.6,0.11,895.59,10615,22520.71,TRUE,1/30/15,2/19/15,,
151-NG-T30,FPQ-14156,SO-48908,DN-4097,Nigeria,PMO - US,From RDC,N/A - From RDC,Air Charter,ARV,Adult,SCMS from RDC,"Lamivudine/Tenofovir Disoproxil Fumarate 300/300mg, tablets, 30 Tabs",Lamivudine/Tenofovir Disoproxil Fumarate,Generic,300/300mg,Tablet - FDC,"Cipla, Kurkumbh, India",85009,30,4,18.44,4.61,0.15,0.02,34119,69737,TRUE,1/30/15,1/14/15,,
114-UG-T30,FPQ-15294,SO-50060,DN-4103,Uganda,PMO - US,From RDC,N/A - From RDC,Truck,ARV,Pediatric,SCMS from RDC,"Lamivudine/Zidovudine 30/60mg, dispersible tablets, 60 Tabs",Lamivudine/Zidovudine,Generic,30/60mg,Chewable/dispersible tablet - FDC,"Cipla, Goa, India",85010,60,6000,11940,1.99,0.03,14.05,404,2055.25,TRUE,2/16/15,1/30/15,,
109-TZ-T30,FPQ-14135,SO-48920,DN-4104,Tanzania,PMO - US,From RDC,N/A - From RDC,Truck,ARV,Pediatric,SCMS from RDC,"Lamivudine/Zidovudine 30/60mg, dispersible tablets, 60 Tabs",Lamivudine/Zidovudine,Generic,30/60mg,Chewable/dispersible tablet - FDC,"Cipla, Goa, India",85011,60,19389,38778,2,0.03,39.86,1293,4916,TRUE,2/16/15,3/12/15,,
151-NG-T30,FPQ-14766,SO-49682,DN-4122,Nigeria,PMO - US,From RDC,N/A - From RDC,Air Charter,ARV,Adult,SCMS from RDC,"Lamivudine/Nevirapine/Zidovudine 150/200/300mg, tablets, 60 Tabs",Lamivudine/Nevirapine/Zidovudine,Generic,150/300/200mg,Tablet - FDC,Hetero Unit III Hyderabad IN,85012,60,3194,24657.68,7.72,0.13,25.35,23220,51645.79,TRUE,2/28/15,2/5/15,,
114-UG-T30,FPQ-15638,SO-50620,DN-4095,Uganda,PMO - US,From RDC,N/A - From RDC,Air,ARV,Adult,SCMS from RDC,"Lopinavir/Ritonavir 200/50mg [Aluvia], tablets, 120 Tabs",Lopinavir/Ritonavir,Aluvia,200/50mg,Tablet,ABBVIE Ludwigshafen Germany,85013,120,11607,219372.3,18.9,0.16,258.2,2653,14056.46,TRUE,2/3/15,2/10/15,,
102-BI-T30,FPQ-15406,SO-50270,DN-4144,Burundi,PMO - US,From RDC,N/A - From RDC,Air,ARV,Adult,SCMS from RDC,"Efavirenz/Lamivudine/Tenofovir Disoproxil Fumarate 600/300/300mg, tablets, 30 Tabs",Efavirenz/Lamivudine/Tenofovir Disoproxil Fumarate,Generic,600/300/300mg,Tablet - FDC,Mylan (formerly Matrix) Nashik,85018,30,9360,89856,9.6,0.32,105.76,,,FALSE,2/27/15,2/28/15,,
107-RW-T30,FPQ-15632,SO-50740,DN-4150,Rwanda,PMO - US,From RDC,N/A - From RDC,Air,ARV,Pediatric,SCMS from RDC,"Lamivudine/Zidovudine 30/60mg, dispersible tablets, 60 Tabs",Lamivudine/Zidovudine,Generic,30/60mg,Chewable/dispersible tablet - FDC,"Mylan,  H-12 & H-13, India",85019,60,1700,3315,1.95,0.03,3.9,268,1061.37,TRUE,3/31/15,3/20/15,,
151-NG-T30,FPQ-14156,SO-51030,DN-4170,Nigeria,PMO - US,From RDC,N/A - From RDC,Air Charter,ARV,Adult,SCMS from RDC,"Lamivudine/Zidovudine 150/300mg, tablets, 60 Tabs",Lamivudine/Zidovudine,Generic,150/300mg,Tablet - FDC,Hetero Unit III Hyderabad IN,85020,60,51431,335330.12,6.52,0.11,344.72,19196,43055.82,TRUE,3/2/15,3/10/15,,
110-ZM-T30,FPQ-15448,SO-50480,DN-4182,Zambia,PMO - US,From RDC,N/A - From RDC,Truck,ARV,Adult,SCMS from RDC,"Efavirenz 600mg, tablets, 30 Tabs",Efavirenz,Generic,600mg,Tablet,"Strides, Bangalore, India.",85022,30,108856,339630.72,3.12,0.1,399.75,6431,43219.06,TRUE,5/15/15,5/25/15,,
151-NG-T30,FPQ-14766,SO-51090,DN-4190,Nigeria,PMO - US,From RDC,N/A - From RDC,Air Charter,ARV,Adult,SCMS from RDC,"Efavirenz/Lamivudine/Tenofovir Disoproxil Fumarate 600/300/300mg, tablets, 30 Tabs",Efavirenz/Lamivudine/Tenofovir Disoproxil Fumarate,Generic,600/300/300mg,Tablet - FDC,Hetero Unit III Hyderabad IN,85024,30,200000,1920000,9.6,0.32,1973.76,,,FALSE,4/30/15,3/18/15,,
101-CD-T30,FPQ-15787,SO-50900,DN-4196,"Congo, DRC",PMO - US,From RDC,N/A - From RDC,Air,ARV,Pediatric,SCMS from RDC,"Abacavir 20mg/ml, oral solution, Bottle, 240 ml",Abacavir,Generic,20mg/ml,Oral solution,"Aurobindo Unit III, India",85025,240,140,956.2,6.83,0.03,1.13,139,973.2,TRUE,6/16/15,5/25/15,,
114-UG-T30,FPQ-14396,SO-48995,DN-4214,Uganda,PMO - US,From RDC,N/A - From RDC,Truck,ARV,Adult,SCMS from RDC,"Lamivudine/Tenofovir Disoproxil Fumarate 300/300mg, tablets, 30 Tabs",Lamivudine/Tenofovir Disoproxil Fumarate,Generic,300/300mg,Tablet - FDC,"Cipla, Kurkumbh, India",85026,30,13549,62189.91,4.59,0.15,63.93,1354,,TRUE,4/30/15,4/22/15,,
151-NG-T30,FPQ-14989,SO-49934,DN-4230,Nigeria,PMO - US,From RDC,N/A - From RDC,Air Charter,ARV,Pediatric,SCMS from RDC,"Lamivudine/Nevirapine/Zidovudine 30/50/60mg, dispersible tablets, 60 Tabs",Lamivudine/Nevirapine/Zidovudine,Generic,30/50/60mg,Chewable/dispersible tablet - FDC,Mylan (formerly Matrix) Nashik,85027,60,912,3283.2,3.6,0.06,3.38,71,134,TRUE,6/30/15,4/15/15,,
104-CI-T30,FPQ-15259,SO-50100,DN-4255,Côte d'Ivoire,PMO - US,From RDC,N/A - From RDC,Truck,ARV,Adult,SCMS from RDC,"Efavirenz/Lamivudine/Tenofovir Disoproxil Fumarate 600/300/300mg, tablets, 30 Tabs",Efavirenz/Lamivudine/Tenofovir Disoproxil Fumarate,Generic,600/300/300mg,Tablet - FDC,Hetero Unit III Hyderabad IN,85029,30,100000,960000,9.6,0.32,1129.92,,,FALSE,6/19/15,6/8/15,,
104-CI-T30,FPQ-14370,SO-49040,DN-4253,Côte d'Ivoire,PMO - US,From RDC,N/A - From RDC,Truck,ARV,Adult,SCMS from RDC,"Lamivudine/Zidovudine 150/300mg, tablets, 60 Tabs",Lamivudine/Zidovudine,Generic,150/300mg,Tablet - FDC,Mylan (formerly Matrix) Nashik,85030,60,36971,241050.92,6.52,0.11,247.8,,,FALSE,6/8/15,6/8/15,,
104-CI-T30,FPQ-14370,SO-49040,DN-4253,Côte d'Ivoire,PMO - US,From RDC,N/A - From RDC,Truck,ARV,Adult,SCMS from RDC,"Lamivudine/Zidovudine 150/300mg, tablets, 60 Tabs",Lamivudine/Zidovudine,Generic,150/300mg,Tablet - FDC,Hetero Unit III Hyderabad IN,85031,60,25526,166429.52,6.52,0.11,171.09,,,FALSE,6/8/15,6/8/15,,
151-NG-T30,FPQ-14989,SO-49937,DN-4263,Nigeria,PMO - US,From RDC,N/A - From RDC,Air Charter,ARV,Pediatric,SCMS from RDC,"Lamivudine/Nevirapine/Zidovudine 30/50/60mg, dispersible tablets, 60 Tabs",Lamivudine/Nevirapine/Zidovudine,Generic,30/50/60mg,Chewable/dispersible tablet - FDC,Mylan (formerly Matrix) Nashik,85032,60,13660,49176,3.6,0.06,50.55,849,1871.34,TRUE,6/30/15,4/29/15,,
104-CI-T30,FPQ-14370,SO-49090,DN-4177,Côte d'Ivoire,PMO - US,From RDC,N/A - From RDC,Truck,ARV,Adult,SCMS from RDC,"Tenofovir Disoproxil Fumarate 300mg, tablets, 30 Tabs",Tenofovir Disoproxil Fumarate,Generic,300mg,Tablet,Mylan (formerly Matrix) Nashik,85035,30,7500,26625,3.55,0.12,27.37,,,FALSE,5/29/15,5/29/15,,
151-NG-T30,FPQ-14989,SO-51428,DN-4291,Nigeria,PMO - US,From RDC,N/A - From RDC,Air Charter,ARV,Adult,SCMS from RDC,"Efavirenz/Lamivudine/Tenofovir Disoproxil Fumarate 600/300/300mg, tablets, 30 Tabs",Efavirenz/Lamivudine/Tenofovir Disoproxil Fumarate,Generic,600/300/300mg,Tablet - FDC,Hetero Unit III Hyderabad IN,85036,30,121000,1161600,9.6,0.32,1194.12,35884,68103.71,TRUE,6/30/15,6/2/15,,
151-NG-T30,FPQ-14989,SO-51428,DN-4291,Nigeria,PMO - US,From RDC,N/A - From RDC,Air Charter,ARV,Adult,SCMS from RDC,"Efavirenz/Lamivudine/Tenofovir Disoproxil Fumarate 600/300/300mg, tablets, 30 Tabs",Efavirenz/Lamivudine/Tenofovir Disoproxil Fumarate,Generic,600/300/300mg,Tablet - FDC,Mylan (formerly Matrix) Nashik,85037,30,170780,1639488,9.6,0.32,1685.39,,,FALSE,6/30/15,6/2/15,,
114-UG-T30,FPQ-15294,SO-50053,DN-4298,Uganda,PMO - US,From RDC,N/A - From RDC,Truck,ARV,Pediatric,SCMS from RDC,"Abacavir/Lamivudine 60/30mg, dispersible tablets, 60 Tabs",Abacavir/Lamivudine,Generic,60/30mg,Chewable/dispersible tablet - FDC,"Cipla, Patalganga, India",85038,60,14476,57180.2,3.95,0.07,67.3,839,8402.24,TRUE,7/15/15,7/9/15,,
103-CM-T30,FPQ-16209,SO-51470,DN-4305,Cameroon,PMO - US,From RDC,N/A - From RDC,Air,ARV,Pediatric,SCMS from RDC,"Efavirenz 200mg, scored tablets, 90 Tabs",Efavirenz,Generic,200mg,Tablet,"Strides, Bangalore, India.",85039,90,3101,28839.3,9.3,0.1,33.94,195,4257.91,TRUE,7/16/15,6/28/15,,
103-ZW-T30,FPQ-15197,SO-50020,DN-4307,Zimbabwe,PMO - US,From RDC,N/A - From RDC,Truck,ARV,Pediatric,SCMS from RDC,"Lamivudine/Zidovudine 30/60mg, dispersible tablets, 60 Tabs",Lamivudine/Zidovudine,Generic,30/60mg,Chewable/dispersible tablet - FDC,"Mylan,  H-12 & H-13, India",85041,60,2741,5454.59,1.99,0.03,6.42,,,FALSE,7/31/15,7/15/15,,
103-ZW-T30,FPQ-15197,SO-50020,DN-4307,Zimbabwe,PMO - US,From RDC,N/A - From RDC,Truck,ARV,Pediatric,SCMS from RDC,"Lamivudine/Zidovudine 30/60mg, dispersible tablets, 60 Tabs",Lamivudine/Zidovudine,Generic,30/60mg,Chewable/dispersible tablet - FDC,"Cipla, Goa, India",85042,60,9262,18431.38,1.99,0.03,21.69,,,FALSE,7/31/15,7/15/15,,
114-UG-T30,FPQ-15294,SO-50052,DN-4309,Uganda,PMO - US,From RDC,N/A - From RDC,Truck,ARV,Pediatric,SCMS from RDC,"Lamivudine/Zidovudine 30/60mg, dispersible tablets, 60 Tabs",Lamivudine/Zidovudine,Generic,30/60mg,Chewable/dispersible tablet - FDC,"Cipla, Goa, India",85043,60,5126,9841.92,1.92,0.03,11.58,,,FALSE,7/31/15,7/23/15,,
110-ZM-T30,FPQ-14784,SO-49620,DN-4315,Zambia,PMO - US,From RDC,N/A - From RDC,Truck,ARV,Adult,SCMS from RDC,"Nevirapine 200mg, tablets, 60 Tabs",Nevirapine,Generic,200mg,Tablet,Hetero Unit III Hyderabad IN,85044,60,221000,481780,2.18,0.04,495.27,,,FALSE,8/15/15,8/25/15,,
110-ZM-T30,FPQ-14784,SO-49620,DN-4315,Zambia,PMO - US,From RDC,N/A - From RDC,Truck,ARV,Adult,SCMS from RDC,"Nevirapine 200mg, tablets, 60 Tabs",Nevirapine,Generic,200mg,Tablet,"Strides, Bangalore, India.",85045,60,89575,195273.5,2.18,0.04,200.74,,,FALSE,8/15/15,8/25/15,,
114-UG-T30,FPQ-15294,SO-50055,DN-4325,Uganda,PMO - US,From RDC,N/A - From RDC,Truck,ARV,Adult,SCMS from RDC,"Lopinavir/Ritonavir 200/50mg [Aluvia], tablets, 120 Tabs",Lopinavir/Ritonavir,Aluvia,200/50mg,Tablet,ABBVIE Ludwigshafen Germany,85047,120,8452,157545.28,18.64,0.16,185.43,,,FALSE,8/14/15,8/8/15,,
110-ZM-T30,FPQ-14575,SO-49283,DN-4331,Zambia,PMO - US,From RDC,N/A - From RDC,Truck,ARV,Adult,SCMS from RDC,"Lamivudine/Zidovudine 150/300mg, tablets, 60 Tabs",Lamivudine/Zidovudine,Generic,150/300mg,Tablet - FDC,Mylan (formerly Matrix) Nashik,85048,60,6258,40802.16,6.52,0.11,41.94,,,FALSE,8/14/15,8/25/15,,
111-MZ-T30,FPQ-16268,SO-51410,DN-4317,Mozambique,PMO - US,From RDC,N/A - From RDC,Truck,ARV,Adult,SCMS from RDC,"Efavirenz/Lamivudine/Tenofovir Disoproxil Fumarate 600/300/300mg, tablets, 30 Tabs",Efavirenz/Lamivudine/Tenofovir Disoproxil Fumarate,Generic,600/300/300mg,Tablet - FDC,Cipla Ltd A-42 MIDC Mahar. IN,85051,30,134500,1343655,9.99,0.33,1581.48,18177,,TRUE,10/22/15,8/20/15,,
154-NG-T30,FPQ-3815,SO-32272,DN-1360,Nigeria,PMO - US,From RDC,N/A - From RDC,Air Charter,ARV,Adult,SCMS from RDC,"Lamivudine 150mg, tablets, 60 Tabs",Lamivudine,Generic,150mg,Tablet,"Aurobindo Unit III, India",85064,60,45,109.8,2.44,0.04,0.22,,,FALSE,8/31/09,8/4/09,,
114-UG-T30,FPQ-4065,SO-33010,DN-1417,Uganda,PMO - US,From RDC,N/A - From RDC,Air,ARV,Adult,SCMS from RDC,"Nevirapine 200mg, tablets, 60 Tabs",Nevirapine,Generic,200mg,Tablet,"Aurobindo Unit III, India",85065,60,100,290,2.9,0.05,0.57,,,FALSE,10/8/09,10/8/09,,
154-NG-T30,FPQ-3815,SO-32260,DN-1452,Nigeria,PMO - US,From RDC,N/A - From RDC,Air Charter,ARV,Adult,SCMS from RDC,"Lamivudine 150mg, tablets, 60 Tabs",Lamivudine,Generic,150mg,Tablet,"Aurobindo Unit III, India",85066,60,63,153.72,2.44,0.04,0.3,,,FALSE,10/30/09,10/20/09,,
154-NG-T30,FPQ-3815,SO-32260,DN-1452,Nigeria,PMO - US,From RDC,N/A - From RDC,Air Charter,ARV,Adult,SCMS from RDC,"Zidovudine 300mg, tablets, 60 Tabs",Zidovudine,Generic,300mg,Tablet,"Aurobindo Unit III, India",85067,60,28,210.84,7.53,0.13,0.41,,,FALSE,10/30/09,10/20/09,,
112-NG-T30,FPQ-4040,SO-32980,DN-1456,Nigeria,PMO - US,From RDC,N/A - From RDC,Air Charter,ARV,Adult,SCMS from RDC,"Nevirapine 200mg, tablets, 60 Tabs",Nevirapine,Generic,200mg,Tablet,"Aurobindo Unit III, India",85068,60,3000,8700,2.9,0.05,17.05,,,FALSE,10/15/09,10/20/09,,
106-HT-T30,FPQ-4277,SO-33730,DN-1479,Haiti,PMO - US,From RDC,N/A - From RDC,Air,ARV,Adult,SCMS from RDC,"Lamivudine 150mg, tablets, 60 Tabs",Lamivudine,Generic,150mg,Tablet,"Aurobindo Unit III, India",85069,60,398,971.12,2.44,0.04,1.9,,,FALSE,11/18/09,10/18/09,,
104-CI-T30,FPQ-3964,SO-33040,DN-1510,Côte d'Ivoire,PMO - US,From RDC,N/A - From RDC,Air,ARV,Adult,SCMS from RDC,"Lamivudine/Zidovudine 150/300mg, tablets, 60 Tabs",Lamivudine/Zidovudine,Generic,150/300mg,Tablet - FDC,"Aurobindo Unit III, India",85070,60,41336,362103.38,8.76,0.15,709.72,,,FALSE,12/1/09,11/5/09,,
104-CI-T30,FPQ-3964,SO-34500,DN-1523,Côte d'Ivoire,PMO - US,From RDC,N/A - From RDC,Air,ARV,Adult,SCMS from RDC,"Abacavir 300mg, tablets, 60 Tabs",Abacavir,Generic,300mg,Tablet,Mylan (formerly Matrix) Nashik,85071,60,4000,85680,21.42,0.36,167.93,,,FALSE,12/1/09,12/2/09,,
104-CI-T30,FPQ-4187,SO-33490,DN-1526,Côte d'Ivoire,PMO - US,From RDC,N/A - From RDC,Air,ARV,Pediatric,SCMS from RDC,"Nevirapine 10mg/ml, oral suspension, Bottle, 240 ml",Nevirapine,Generic,10mg/ml,Oral suspension,"Aurobindo Unit III, India",85072,240,4464,8570.88,1.92,0.01,16.8,1655,1211.48,TRUE,12/4/09,12/2/09,,
106-HT-T30,FPQ-4469,SO-34240,DN-1530,Haiti,PMO - US,From RDC,N/A - From RDC,Air,ARV,Pediatric,SCMS from RDC,"Nevirapine 10mg/ml, oral suspension, Bottle, 240 ml",Nevirapine,Generic,10mg/ml,Oral suspension,"Aurobindo Unit III, India",85073,240,4704,9031.68,1.92,0.01,19.47,,,FALSE,11/30/09,11/30/09,,
104-CI-T30,FPQ-4187,SO-33471,DN-1534,Côte d'Ivoire,PMO - US,From RDC,N/A - From RDC,Air,ARV,Pediatric,SCMS from RDC,"Efavirenz 50mg, capsule, 30 Caps",Efavirenz,Generic,50mg,Capsule,"Aurobindo Unit III, India",85074,30,3444,7714.56,2.24,0.07,15.12,200,1211.48,TRUE,12/1/09,12/2/09,,
123-NG-T30,FPQ-4071,SO-33280,DN-1533,Nigeria,PMO - US,From RDC,N/A - From RDC,Air Charter,ARV,Adult,SCMS from RDC,"Lamivudine 150mg, tablets, 60 Tabs",Lamivudine,Generic,150mg,Tablet,"Aurobindo Unit III, India",85075,60,50000,122000,2.44,0.04,239.12,2390,,TRUE,11/24/09,11/20/09,,
114-UG-T30,FPQ-4470,SO-34010,DN-1548,Uganda,PMO - US,From RDC,N/A - From RDC,Air,ARV,Adult,SCMS from RDC,"Efavirenz 600mg, tablets, 30 Tabs",Efavirenz,Generic,600mg,Tablet,"Aurobindo Unit III, India",85076,30,5000,28900,5.78,0.19,56.64,907,9044.65,TRUE,11/30/09,12/2/09,,
123-NG-T30,FPQ-4014,SO-32974,DN-1570,Nigeria,PMO - US,From RDC,N/A - From RDC,Air Charter,ARV,Adult,SCMS from RDC,"Abacavir 300mg, tablets, 60 Tabs",Abacavir,Generic,300mg,Tablet,Mylan (formerly Matrix) Nashik,85077,60,755,16172.1,21.42,0.36,31.7,75,11637.64,TRUE,12/18/09,12/18/09,,
112-NG-T30,FPQ-4040,SO-32982,DN-1571,Nigeria,PMO - US,From RDC,N/A - From RDC,Air Charter,ARV,Adult,SCMS from RDC,"Efavirenz 600mg, tablets, 30 Tabs",Efavirenz,Generic,600mg,Tablet,"Aurobindo Unit III, India",85078,30,168,971.04,5.78,0.19,1.9,15,11637.64,TRUE,12/18/09,12/18/09,,
106-HT-T30,FPQ-4469,SO-35190,DN-1592,Haiti,PMO - US,From RDC,N/A - From RDC,Air,ARV,Pediatric,SCMS from RDC,"Efavirenz 50mg, capsule, 30 Caps",Efavirenz,Generic,50mg,Capsule,"Aurobindo Unit III, India",85079,30,572,1281.28,2.24,0.07,2.76,33,1062.95,TRUE,12/25/09,12/21/09,,
114-UG-T30,FPQ-4495,SO-34960,DN-1596,Uganda,PMO - US,From RDC,N/A - From RDC,Air,ARV,Adult,SCMS from RDC,"Lamivudine/Tenofovir Disoproxil Fumarate 300/300mg, tablets, 30 Tabs",Lamivudine/Tenofovir Disoproxil Fumarate,Generic,300/300mg,Tablet - FDC,Mylan (formerly Matrix) Nashik,85080,30,2000,20000,10,0.33,43.12,168,2990.92,TRUE,2/15/10,1/15/10,,
151-NG-T30,FPQ-4105,SO-33145,DN-1614,Nigeria,PMO - US,From RDC,N/A - From RDC,Air,ARV,Adult,SCMS from RDC,"Lamivudine/Nevirapine/Zidovudine 150/200/300mg, tablets, 60 Tabs",Lamivudine/Nevirapine/Zidovudine,Generic,150/300/200mg,Tablet - FDC,"Aurobindo Unit III, India",85081,60,40080,454908,11.35,0.19,891.62,4498,19480.97,TRUE,1/29/10,1/22/10,,
102-SD-T30,FPQ-3812,SO-34550,DN-1624,Sudan,PMO - US,From RDC,N/A - From RDC,Air,HRDT,HIV test,SCMS from RDC,"HIV 1/2, Determine Complete HIV Kit, 100 Tests","HIV 1/2, Determine Complete HIV Kit",Determine,N/A,Test kit,Inverness Japan,85082,100,350,28000,80,0.8,54.88,,,FALSE,11/30/09,11/22/09,,
106-HT-T30,FPQ-4384,SO-34680,DN-1627,Haiti,PMO - US,From RDC,N/A - From RDC,Air,ARV,Adult,SCMS from RDC,"Efavirenz 600mg, tablets, 30 Tabs",Efavirenz,Generic,600mg,Tablet,"Aurobindo Unit III, India",85084,30,26712,154395.36,5.78,0.19,332.88,2342,12016.69,TRUE,3/5/10,3/3/10,,
114-UG-T30,FPQ-4497,SO-34850,DN-1636,Uganda,PMO - US,From RDC,N/A - From RDC,Truck,ARV,Adult,SCMS from RDC,"Nevirapine 200mg, tablets, 60 Tabs",Nevirapine,Generic,200mg,Tablet,"Aurobindo Unit III, India",85085,60,200,546,2.73,0.05,1.18,,,FALSE,2/11/10,1/29/10,,
114-UG-T30,FPQ-4275,SO-35610,DN-1638,Uganda,PMO - US,From RDC,N/A - From RDC,Truck,ARV,Adult,SCMS from RDC,"Lamivudine/Nevirapine/Zidovudine 150/200/300mg, tablets, 60 Tabs",Lamivudine/Nevirapine/Zidovudine,Generic,150/300/200mg,Tablet - FDC,Mylan (formerly Matrix) Nashik,85086,60,21658,243002.77,11.22,0.19,476.29,,,FALSE,2/25/10,2/18/10,,
114-UG-T30,FPQ-4275,SO-35610,DN-1638,Uganda,PMO - US,From RDC,N/A - From RDC,Truck,ARV,Adult,SCMS from RDC,"Lamivudine/Nevirapine/Zidovudine 150/200/300mg, tablets, 60 Tabs",Lamivudine/Nevirapine/Zidovudine,Generic,150/300/200mg,Tablet - FDC,"Aurobindo Unit III, India",85087,60,19942,223749.23,11.22,0.19,438.55,,,FALSE,2/25/10,2/18/10,,
104-CI-T30,FPQ-4659,SO-35820,DN-1647,Côte d'Ivoire,PMO - US,From RDC,N/A - From RDC,Air,ARV,Adult,SCMS from RDC,"Nevirapine 200mg, tablets, 60 Tabs",Nevirapine,Generic,200mg,Tablet,"Aurobindo Unit III, India",85088,60,9876,26961.48,2.73,0.05,58.13,941,7779.96,TRUE,5/10/10,2/19/10,,
104-CI-T30,FPQ-4416,SO-34770,DN-1652,Côte d'Ivoire,PMO - US,From RDC,N/A - From RDC,Air,ARV,Adult,SCMS from RDC,"Emtricitabine/Tenofovir Disoproxil Fumarate 200/300mg [Truvada], tablets, 30 Tabs",Emtricitabine/Tenofovir Disoproxil Fumarate,Truvada,300/200mg,Tablet - FDC,"Aspen-OSD, Port Elizabeth, SA",85089,30,6464,169680,26.25,0.88,365.83,571,1949.41,TRUE,3/10/10,3/2/10,,
113-ZW-T30,FPQ-4694,SO-35390,DN-1659,Zimbabwe,PMO - US,From RDC,N/A - From RDC,Truck,ARV,Adult,SCMS from RDC,"Efavirenz 600mg, tablets, 30 Tabs",Efavirenz,Generic,600mg,Tablet,"Aurobindo Unit III, India",85090,30,1900,9747,5.13,0.17,21.01,,,FALSE,3/31/10,3/12/10,,
113-ZW-T30,FPQ-4688,SO-35410,DN-1660,Zimbabwe,PMO - US,From RDC,N/A - From RDC,Air,ARV,Adult,SCMS from RDC,"Lamivudine/Nevirapine/Stavudine 150/200/30mg, tablets, 60 Tabs",Lamivudine/Nevirapine/Stavudine,Generic,150/200/30mg,Tablet - FDC,"Cipla, Goa, India",85091,60,35802,218750.22,6.11,0.1,471.63,,,FALSE,3/31/10,3/12/10,,
106-HT-T30,FPQ-4384,SO-35920,DN-1667,Haiti,PMO - US,From RDC,N/A - From RDC,Air,ARV,Adult,SCMS from RDC,"Stavudine 30mg, capsules, 60 Caps",Stavudine,Generic,30mg,Capsule,"Aurobindo Unit III, India",85092,60,2610,3680.1,1.41,0.02,7.93,,,FALSE,3/10/10,3/3/10,,
106-HT-T30,FPQ-4384,SO-35920,DN-1667,Haiti,PMO - US,From RDC,N/A - From RDC,Air,ARV,Adult,SCMS from RDC,"Stavudine 20mg, capsules, 60 Caps",Stavudine,Generic,20mg,Capsule,"Aurobindo Unit III, India",85093,60,106,151.58,1.43,0.02,0.33,,,FALSE,3/10/10,3/3/10,,
114-UG-T30,FPQ-4325,SO-35970,DN-1677,Uganda,PMO - US,From RDC,N/A - From RDC,Air,ARV,Adult,SCMS from RDC,"Efavirenz 600mg, tablets, 30 Tabs",Efavirenz,Generic,600mg,Tablet,"Aurobindo Unit III, India",85094,30,26697,136955.61,5.13,0.17,268.43,,,FALSE,3/19/10,3/17/10,,
151-NG-T30,FPQ-4537,SO-35067,DN-1685,Nigeria,PMO - US,From RDC,N/A - From RDC,Air Charter,ARV,Adult,SCMS from RDC,"Lamivudine/Nevirapine/Zidovudine 150/200/300mg, tablets, 60 Tabs",Lamivudine/Nevirapine/Zidovudine,Generic,150/300/200mg,Tablet - FDC,"Aurobindo Unit III, India",85095,60,10000,112200,11.22,0.19,241.9,1169,,TRUE,4/19/10,3/31/10,,
151-NG-T30,FPQ-4537,SO-35076,DN-1691,Nigeria,PMO - US,From RDC,N/A - From RDC,Air Charter,ARV,Adult,SCMS from RDC,"Emtricitabine/Tenofovir Disoproxil Fumarate 200/300mg, tablets, 30 Tabs",Emtricitabine/Tenofovir Disoproxil Fumarate,Generic,200/300mg,Tablet - FDC,Mylan (formerly Matrix) Nashik,85096,30,350,4112.5,11.75,0.39,8.87,29,,TRUE,4/19/10,3/31/10,,
111-MZ-T30,FPQ-4471,SO-35490,DN-1698,Mozambique,PMO - US,From RDC,N/A - From RDC,Truck,ARV,Adult,SCMS from RDC,"Lamivudine/Nevirapine/Zidovudine 150/200/300mg, tablets, 60 Tabs",Lamivudine/Nevirapine/Zidovudine,Generic,150/300/200mg,Tablet - FDC,"Aurobindo Unit III, India",85097,60,30315,340134.3,11.22,0.19,666.66,3563,3423.26,TRUE,5/17/10,4/14/10,,
151-NG-T30,FPQ-4537,SO-34897,DN-1707,Nigeria,PMO - US,From RDC,N/A - From RDC,Air Charter,ARV,Adult,SCMS from RDC,"Nevirapine 200mg, tablets, 60 Tabs",Nevirapine,Generic,200mg,Tablet,"Aurobindo Unit III, India",85098,60,6000,16380,2.73,0.05,35.32,577,,TRUE,4/19/10,3/31/10,,
151-NG-T30,FPQ-4537,SO-35073,DN-1731,Nigeria,PMO - US,From RDC,N/A - From RDC,Air Charter,ARV,Adult,SCMS from RDC,"Emtricitabine/Tenofovir Disoproxil Fumarate 200/300mg, tablets, 30 Tabs",Emtricitabine/Tenofovir Disoproxil Fumarate,Generic,200/300mg,Tablet - FDC,Mylan (formerly Matrix) Nashik,85099,30,35000,411250,11.75,0.39,886.66,2825,,TRUE,4/19/10,3/31/10,,
151-NG-T30,FPQ-4537,SO-35056,DN-1738,Nigeria,PMO - US,From RDC,N/A - From RDC,Air Charter,ARV,Adult,SCMS from RDC,"Lamivudine/Zidovudine 150/300mg, tablets, 60 Tabs",Lamivudine/Zidovudine,Generic,150/300mg,Tablet - FDC,Mylan (formerly Matrix) Nashik,85100,60,3200,28032,8.76,0.15,60.44,255,,TRUE,4/19/10,3/31/10,,
114-UG-T30,FPQ-4496,SO-34990,DN-1749,Uganda,PMO - US,From RDC,N/A - From RDC,Truck,ARV,Adult,SCMS from RDC,"Lamivudine/Tenofovir Disoproxil Fumarate 300/300mg, tablets, 30 Tabs",Lamivudine/Tenofovir Disoproxil Fumarate,Generic,300/300mg,Tablet - FDC,Mylan (formerly Matrix) Nashik,85101,30,3680,36800,10,0.33,79.34,328,3522.52,TRUE,3/26/10,3/25/10,,
114-UG-T30,FPQ-5239,SO-36160,DN-1761,Uganda,PMO - US,From RDC,N/A - From RDC,Air,ARV,Adult,SCMS from RDC,"Lamivudine/Stavudine 150/30mg, tablets, 60 Tabs",Lamivudine/Stavudine,Generic,150/30mg,Tablet - FDC,"Cipla, Goa, India",85102,60,70,238,3.4,0.06,0.51,,,FALSE,6/23/10,4/8/10,,
114-UG-T30,FPQ-5239,SO-36110,DN-1772,Uganda,PMO - US,From RDC,N/A - From RDC,Air,ARV,Adult,SCMS from RDC,"Lamivudine/Zidovudine 150/300mg, tablets, 60 Tabs",Lamivudine/Zidovudine,Generic,150/300mg,Tablet - FDC,Hetero Unit III Hyderabad IN,85103,60,1600,14016,8.76,0.15,30.22,13,1758.6,TRUE,6/2/10,4/22/10,,
151-NG-T30,FPQ-4537,SO-34916,DN-1779,Nigeria,PMO - US,From RDC,N/A - From RDC,Air Charter,ARV,Adult,SCMS from RDC,"Efavirenz 600mg, tablets, 30 Tabs",Efavirenz,Generic,600mg,Tablet,"Aurobindo Unit III, India",85104,30,3500,16625,4.75,0.16,35.84,309,9736.1,TRUE,5/31/10,5/18/10,,
151-NG-T30,FPQ-4537,SO-34915,DN-1781,Nigeria,PMO - US,From RDC,N/A - From RDC,Air Charter,ARV,Adult,SCMS from RDC,"Efavirenz 600mg, tablets, 30 Tabs",Efavirenz,Generic,600mg,Tablet,"Aurobindo Unit III, India",85105,30,188,893,4.75,0.16,1.93,17,9736.1,TRUE,5/31/10,5/18/10,,
151-NG-T30,FPQ-4537,SO-35111,DN-1786,Nigeria,PMO - US,From RDC,N/A - From RDC,Air Charter,ARV,Adult,SCMS from RDC,"Lamivudine/Zidovudine+Efavirenz 150/300mg+600mg, tablets, co-blister 60+30 Tabs",Lamivudine/Zidovudine+Efavirenz,Generic,150/300mg+600mg,Tablet - FDC + co-blister,"Aurobindo Unit III, India",85106,90,250,6875,27.5,0.31,14.82,42,9736.1,TRUE,5/31/10,5/18/10,,
151-NG-T30,FPQ-4537,SO-36008,DN-1794,Nigeria,PMO - US,From RDC,N/A - From RDC,Air Charter,ARV,Adult,SCMS from RDC,"Lamivudine/Nevirapine/Zidovudine 150/200/300mg, tablets, 60 Tabs",Lamivudine/Nevirapine/Zidovudine,Generic,150/300/200mg,Tablet - FDC,"Aurobindo Unit III, India",85107,60,45000,504900,11.22,0.19,1088.56,,,FALSE,5/31/10,5/18/10,,
151-NG-T30,FPQ-4537,SO-36010,DN-1810,Nigeria,PMO - US,From RDC,N/A - From RDC,Air Charter,ARV,Adult,SCMS from RDC,"Lamivudine/Tenofovir Disoproxil Fumarate 300/300mg, tablets, 30 Tabs",Lamivudine/Tenofovir Disoproxil Fumarate,Generic,300/300mg,Tablet - FDC,Mylan (formerly Matrix) Nashik,85108,30,9852,98520,10,0.33,212.41,1078,9736.1,TRUE,5/31/10,5/18/10,,
105-GY-T30,FPQ-5470,SO-36641,DN-1811,Guyana,PMO - US,From RDC,N/A - From RDC,Air,ARV,Pediatric,SCMS from RDC,"Didanosine 100mg, chewable/dispersible tablets, 60 Tabs",Didanosine,Generic,100mg,Chewable/dispersible tablet,"Aurobindo Unit III, India",85109,60,330,2547.6,7.72,0.13,5.49,71,1721.53,TRUE,6/30/10,5/25/10,,
114-UG-T30,FPQ-4496,SO-34981,DN-1816,Uganda,PMO - US,From RDC,N/A - From RDC,Air,ARV,Adult,SCMS from RDC,"Lamivudine/Nevirapine/Zidovudine 150/200/300mg, tablets, 60 Tabs",Lamivudine/Nevirapine/Zidovudine,Generic,150/300/200mg,Tablet - FDC,Mylan (formerly Matrix) Nashik,85110,60,17000,190740,11.22,0.19,411.24,2156,14467.75,TRUE,5/3/10,5/3/10,,
114-UG-T30,FPQ-5275,SO-36280,DN-1820,Uganda,PMO - US,From RDC,N/A - From RDC,Air,ARV,Adult,SCMS from RDC,"Lamivudine/Zidovudine 150/300mg, tablets, 60 Tabs",Lamivudine/Zidovudine,Generic,150/300mg,Tablet - FDC,Hetero Unit III Hyderabad IN,85111,60,5000,43800,8.76,0.15,94.43,338,4159.73,TRUE,6/11/10,5/3/10,,
109-TZ-T30,FPQ-5436,SO-36590,DN-1824,Tanzania,PMO - US,From RDC,N/A - From RDC,Air,ARV,Pediatric,SCMS from RDC,"Didanosine 100mg, chewable/dispersible tablets, 60 Tabs",Didanosine,Generic,100mg,Chewable/dispersible tablet,"Aurobindo Unit III, India",85112,60,2159,16667.48,7.72,0.13,35.94,454,3219.93,TRUE,7/29/10,5/25/10,,
104-CI-T30,FPQ-4659,SO-35560,DN-1799,Côte d'Ivoire,PMO - US,From RDC,N/A - From RDC,Air,ARV,Adult,SCMS from RDC,"Lamivudine 150mg, tablets, 60 Tabs",Lamivudine,Generic,150mg,Tablet,"Strides, Bangalore, India.",85113,60,9316,22731.04,2.44,0.04,49.01,,,FALSE,5/10/10,5/7/10,,
104-CI-T30,FPQ-4659,SO-35560,DN-1799,Côte d'Ivoire,PMO - US,From RDC,N/A - From RDC,Air,ARV,Adult,SCMS from RDC,"Abacavir 300mg, tablets, 60 Tabs",Abacavir,Generic,300mg,Tablet,Mylan (formerly Matrix) Nashik,85114,60,8150,154850,19,0.32,333.86,,,FALSE,5/10/10,5/7/10,,
104-CI-T30,FPQ-4659,SO-35560,DN-1799,Côte d'Ivoire,PMO - US,From RDC,N/A - From RDC,Air,ARV,Pediatric,SCMS from RDC,"Zidovudine 100mg, capsules, 100 Caps",Zidovudine,Generic,100mg,Capsule,"Aurobindo Unit III, India",85115,100,6636,32118.24,4.84,0.05,69.25,,,FALSE,5/10/10,5/7/10,,
104-CI-T30,FPQ-4659,SO-35560,DN-1799,Côte d'Ivoire,PMO - US,From RDC,N/A - From RDC,Air,ARV,Adult,SCMS from RDC,"Lamivudine 150mg, tablets, 60 Tabs",Lamivudine,Generic,150mg,Tablet,Mylan (formerly Matrix) Nashik,85116,60,6000,14640,2.44,0.04,31.56,,,FALSE,5/10/10,5/7/10,,
105-GY-T30,FPQ-5599,SO-36700,DN-1838,Guyana,PMO - US,From RDC,N/A - From RDC,Air,ARV,Adult,SCMS from RDC,"Nevirapine 200mg, tablets, 60 Tabs",Nevirapine,Generic,200mg,Tablet,"Aurobindo Unit III, India",85117,60,1815,4827.9,2.66,0.04,10.41,,,FALSE,6/7/10,5/27/10,,
106-HT-T30,FPQ-4384,SO-34640,DN-1842,Haiti,PMO - US,From RDC,N/A - From RDC,Air,ARV,Adult,SCMS from RDC,"Lamivudine 150mg, tablets, 60 Tabs",Lamivudine,Generic,150mg,Tablet,"Strides, Bangalore, India.",85118,60,8520,19851.6,2.33,0.04,42.8,,,FALSE,6/2/10,6/9/10,,
106-HT-T30,FPQ-5523,SO-36740,DN-1847,Haiti,PMO - US,From RDC,N/A - From RDC,Air,ARV,Pediatric,SCMS from RDC,"Efavirenz 200mg, capsule, 90 Caps",Efavirenz,Generic,200mg,Capsule,"Aurobindo Unit III, India",85119,90,1176,11842.32,10.07,0.11,25.53,,,FALSE,6/30/10,6/9/10,,
106-HT-T30,FPQ-5523,SO-36740,DN-1847,Haiti,PMO - US,From RDC,N/A - From RDC,Air,ARV,Adult,SCMS from RDC,"Stavudine 20mg, capsules, 60 Caps",Stavudine,Generic,20mg,Capsule,"Aurobindo Unit III, India",85120,60,504,720.72,1.43,0.02,1.55,,,FALSE,6/30/10,6/9/10,,
114-UG-T30,FPQ-5239,SO-36141,DN-1852,Uganda,PMO - US,From RDC,N/A - From RDC,Air,ARV,Adult,SCMS from RDC,"Emtricitabine/Tenofovir Disoproxil Fumarate 200/300mg, tablets, 30 Tabs",Emtricitabine/Tenofovir Disoproxil Fumarate,Generic,200/300mg,Tablet - FDC,Mylan (formerly Matrix) Nashik,85121,30,1500,17625,11.75,0.39,38,109,2288.29,TRUE,6/30/10,6/22/10,,
151-NG-T30,FPQ-4537,SO-35055,DN-1855,Nigeria,PMO - US,From RDC,N/A - From RDC,Air,ARV,Adult,SCMS from RDC,"Lamivudine/Zidovudine 150/300mg, tablets, 60 Tabs",Lamivudine/Zidovudine,Generic,150/300mg,Tablet - FDC,Hetero Unit III Hyderabad IN,85122,60,176143,1543012.6,8.76,0.15,3326.74,15200,9735.95,TRUE,5/31/10,5/18/10,,
114-UG-T30,FPQ-5239,SO-36132,DN-1858,Uganda,PMO - US,From RDC,N/A - From RDC,Air,ARV,Adult,SCMS from RDC,"Nevirapine 200mg, tablets, 60 Tabs",Nevirapine,Generic,200mg,Tablet,"Strides, Bangalore, India.",85123,60,2500,6825,2.73,0.05,14.71,132,3661.42,TRUE,6/30/10,6/15/10,,
151-NG-T30,FPQ-5023,SO-36460,DN-1893,Nigeria,PMO - US,From RDC,N/A - From RDC,Air,ARV,Adult,SCMS from RDC,"Nevirapine 200mg, tablets, 60 Tabs",Nevirapine,Generic,200mg,Tablet,"Strides, Bangalore, India.",85124,60,35199,96093.27,2.73,0.05,207.18,2411,,TRUE,7/15/10,6/28/10,,
151-NG-T30,FPQ-5023,SO-36461,DN-1894,Nigeria,PMO - US,From RDC,N/A - From RDC,Air,ARV,Adult,SCMS from RDC,"Nevirapine 200mg, tablets, 60 Tabs",Nevirapine,Generic,200mg,Tablet,"Strides, Bangalore, India.",85125,60,20000,54600,2.73,0.05,117.72,1370,,TRUE,7/15/10,6/28/10,,
151-NG-T30,FPQ-5023,SO-36444,DN-1902,Nigeria,PMO - US,From RDC,N/A - From RDC,Air,ARV,Adult,SCMS from RDC,"Efavirenz 600mg, tablets, 30 Tabs",Efavirenz,Generic,600mg,Tablet,"Aurobindo Unit III, India",85126,30,5000,23000,4.6,0.15,49.59,428,,TRUE,7/15/10,6/28/10,,
151-NG-T30,FPQ-5689,SO-37030,DN-1926,Nigeria,PMO - US,From RDC,N/A - From RDC,Air,ARV,Adult,SCMS from RDC,"Lamivudine/Nevirapine/Zidovudine 150/200/300mg, tablets, 60 Tabs",Lamivudine/Nevirapine/Zidovudine,Generic,150/300/200mg,Tablet - FDC,"Aurobindo Unit III, India",85127,60,34379,385732.38,11.22,0.19,831.64,4013,,TRUE,7/15/10,6/28/10,,
151-NG-T30,FPQ-5023,SO-36470,DN-1934,Nigeria,PMO - US,From RDC,N/A - From RDC,Air,ARV,Adult,SCMS from RDC,"Lamivudine/Tenofovir Disoproxil Fumarate 300/300mg, tablets, 30 Tabs",Lamivudine/Tenofovir Disoproxil Fumarate,Generic,300/300mg,Tablet - FDC,Mylan (formerly Matrix) Nashik,85128,30,45000,450000,10,0.33,970.2,4050,,TRUE,7/15/10,6/28/10,,
151-NG-T30,FPQ-5023,SO-36471,DN-1935,Nigeria,PMO - US,From RDC,N/A - From RDC,Air,ARV,Adult,SCMS from RDC,"Lamivudine/Tenofovir Disoproxil Fumarate 300/300mg, tablets, 30 Tabs",Lamivudine/Tenofovir Disoproxil Fumarate,Generic,300/300mg,Tablet - FDC,Mylan (formerly Matrix) Nashik,85129,30,20000,200000,10,0.33,431.2,1801,,TRUE,7/15/10,6/28/10,,
114-UG-T30,FPQ-5239,SO-36131,DN-1943,Uganda,PMO - US,From RDC,N/A - From RDC,Air,ARV,Adult,SCMS from RDC,"Emtricitabine/Tenofovir Disoproxil Fumarate 200/300mg, tablets, 30 Tabs",Emtricitabine/Tenofovir Disoproxil Fumarate,Generic,200/300mg,Tablet - FDC,Mylan (formerly Matrix) Nashik,85130,30,2500,29375,11.75,0.39,63.33,,,FALSE,8/4/10,7/19/10,,
151-NG-T30,FPQ-5023,SO-36542,DN-1945,Nigeria,PMO - US,From RDC,N/A - From RDC,Air Charter,ARV,Adult,SCMS from RDC,"Lamivudine/Zidovudine 150/300mg, tablets, 60 Tabs",Lamivudine/Zidovudine,Generic,150/300mg,Tablet - FDC,"Aurobindo Unit III, India",85131,60,15000,131400,8.76,0.15,283.3,1040,,TRUE,7/15/10,6/28/10,,
113-ZW-T30,FPQ-4694,SO-35351,DN-1948,Zimbabwe,PMO - US,From RDC,N/A - From RDC,Air,ARV,Adult,SCMS from RDC,"Lamivudine/Nevirapine/Stavudine 150/200/30mg, tablets, 60 Tabs",Lamivudine/Nevirapine/Stavudine,Generic,150/200/30mg,Tablet - FDC,"Strides, Bangalore, India.",85132,60,2100,12033,5.73,0.1,25.94,,,FALSE,7/30/10,7/22/10,,
114-UG-T30,FPQ-5238,SO-36070,DN-1949,Uganda,PMO - US,From RDC,N/A - From RDC,Air,ARV,Adult,SCMS from RDC,"Efavirenz 600mg, tablets, 30 Tabs",Efavirenz,Generic,600mg,Tablet,"Strides, Bangalore, India.",85133,30,3000,13350,4.45,0.15,28.78,,,FALSE,8/4/10,8/2/10,,
114-UG-T30,FPQ-5238,SO-36070,DN-1949,Uganda,PMO - US,From RDC,N/A - From RDC,Air,ARV,Adult,SCMS from RDC,"Nevirapine 200mg, tablets, 60 Tabs",Nevirapine,Generic,200mg,Tablet,"Cipla, Goa, India",85134,60,3000,8190,2.73,0.05,17.66,,,FALSE,8/4/10,8/2/10,,
151-NG-T30,FPQ-5023,SO-36439,DN-1958,Nigeria,PMO - US,From RDC,N/A - From RDC,Air Charter,ARV,Adult,SCMS from RDC,"Lamivudine/Nevirapine/Zidovudine 150/200/300mg, tablets, 60 Tabs",Lamivudine/Nevirapine/Zidovudine,Generic,150/300/200mg,Tablet - FDC,"Aurobindo Unit III, India",85135,60,5000,56100,11.22,0.19,120.95,659,6147.18,TRUE,8/16/10,8/17/10,,
151-NG-T30,FPQ-5023,SO-36411,DN-1966,Nigeria,PMO - US,From RDC,N/A - From RDC,Air Charter,ARV,Adult,SCMS from RDC,"Emtricitabine/Tenofovir Disoproxil Fumarate 200/300mg, tablets, 30 Tabs",Emtricitabine/Tenofovir Disoproxil Fumarate,Generic,200/300mg,Tablet - FDC,Mylan (formerly Matrix) Nashik,85136,30,3000,35250,11.75,0.39,76,270,6147.18,TRUE,8/9/10,8/17/10,,
104-CI-T30,FPQ-5623,SO-36890,DN-1984,Côte d'Ivoire,PMO - US,From RDC,N/A - From RDC,Air,ARV,Adult,SCMS from RDC,"Lamivudine/Stavudine 150/30mg, tablets, 60 Tabs",Lamivudine/Stavudine,Generic,150/30mg,Tablet - FDC,Mylan (formerly Matrix) Nashik,85137,60,11994,39340.32,3.28,0.05,84.82,,,FALSE,8/31/10,8/23/10,,
104-CI-T30,FPQ-5623,SO-36890,DN-1984,Côte d'Ivoire,PMO - US,From RDC,N/A - From RDC,Air,ARV,Adult,SCMS from RDC,"Lamivudine/Stavudine 150/30mg, tablets, 60 Tabs",Lamivudine/Stavudine,Generic,150/30mg,Tablet - FDC,"Strides, Bangalore, India.",85138,60,441,1446.48,3.28,0.05,3.12,,,FALSE,8/31/10,8/23/10,,
114-UG-T30,FPQ-5238,SO-36071,DN-1986,Uganda,PMO - US,From RDC,N/A - From RDC,Air,ARV,Adult,SCMS from RDC,"Emtricitabine/Tenofovir Disoproxil Fumarate 200/300mg, tablets, 30 Tabs",Emtricitabine/Tenofovir Disoproxil Fumarate,Generic,200/300mg,Tablet - FDC,Mylan (formerly Matrix) Nashik,85139,30,4000,47000,11.75,0.39,101.33,365,6068.75,TRUE,8/29/10,8/27/10,,
151-NG-T30,FPQ-5023,SO-36464,DN-1994,Nigeria,PMO - US,From RDC,N/A - From RDC,Air Charter,ARV,Adult,SCMS from RDC,"Nevirapine 200mg, tablets, 60 Tabs",Nevirapine,Generic,200mg,Tablet,"Aurobindo Unit III, India",85140,60,28600,78078,2.73,0.05,168.34,3344,6147.14,TRUE,8/12/10,8/17/10,,
151-NG-T30,FPQ-5023,SO-36469,DN-1991,Nigeria,PMO - US,From RDC,N/A - From RDC,Air Charter,ARV,Adult,SCMS from RDC,"Nevirapine 200mg, tablets, 60 Tabs",Nevirapine,Generic,200mg,Tablet,"Aurobindo Unit III, India",85141,60,3322,9069.06,2.73,0.05,19.55,377,6147.18,TRUE,8/12/10,8/17/10,,
102-UG-T30,FPQ-6202,SO-37250,DN-1997,Uganda,PMO - US,From RDC,N/A - From RDC,Air,ARV,Adult,SCMS from RDC,"Lamivudine/Zidovudine 150/300mg, tablets, 60 Tabs",Lamivudine/Zidovudine,Generic,150/300mg,Tablet - FDC,Mylan (formerly Matrix) Nashik,85142,60,4399,37611.45,8.55,0.14,81.09,,,FALSE,10/29/10,9/27/10,,
102-UG-T30,FPQ-6202,SO-37260,DN-1998,Uganda,PMO - US,From RDC,N/A - From RDC,Air,ARV,Adult,SCMS from RDC,"Efavirenz 600mg, tablets, 30 Tabs",Efavirenz,Generic,600mg,Tablet,Mylan (formerly Matrix) Nashik,85143,30,667,2968.15,4.45,0.15,6.4,,,FALSE,9/30/10,8/23/10,,
104-CI-T30,FPQ-5201,SO-36300,DN-2000,Côte d'Ivoire,PMO - US,From RDC,N/A - From RDC,Air,ARV,Adult,SCMS from RDC,"Lamivudine/Zidovudine 150/300mg, tablets, 60 Tabs",Lamivudine/Zidovudine,Generic,150/300mg,Tablet - FDC,Hetero Unit III Hyderabad IN,85144,60,61920,542419.2,8.76,0.15,1169.46,5334,8815.65,TRUE,9/14/10,9/6/10,,
102-UG-T30,FPQ-6202,SO-37280,DN-2002,Uganda,PMO - US,From RDC,N/A - From RDC,Air,ARV,Adult,SCMS from RDC,"Lamivudine/Zidovudine 150/300mg, tablets, 60 Tabs",Lamivudine/Zidovudine,Generic,150/300mg,Tablet - FDC,Hetero Unit III Hyderabad IN,85145,60,40213,343821.16,8.55,0.14,741.28,3457,35689.71,TRUE,9/30/10,9/2/10,,
110-ZM-T30,FPQ-5702,SO-36844,DN-2003,Zambia,PMO - US,From RDC,N/A - From RDC,Air,ARV,Adult,SCMS from RDC,"Lamivudine/Nevirapine/Stavudine 150/200/30mg, tablets, 60 Tabs",Lamivudine/Nevirapine/Stavudine,Generic,150/200/30mg,Tablet - FDC,"Strides, Bangalore, India.",85146,60,56054,327915.9,5.85,0.1,706.99,15140,16249.55,TRUE,9/22/10,9/1/10,,
110-ZM-T30,FPQ-5702,SO-37370,DN-2009,Zambia,PMO - US,From RDC,N/A - From RDC,Air,ARV,Adult,SCMS from RDC,"Lamivudine 150mg, tablets, 60 Tabs",Lamivudine,Generic,150mg,Tablet,Hetero Unit III Hyderabad IN,85147,60,6580,15331.4,2.33,0.04,33.05,579,4658.75,TRUE,9/27/10,9/8/10,,
104-CI-T30,FPQ-5623,SO-36880,DN-2011,Côte d'Ivoire,PMO - US,From RDC,N/A - From RDC,Air,ARV,Adult,SCMS from RDC,"Lopinavir/Ritonavir 200/50mg, tablets, 120 Tabs",Lopinavir/Ritonavir,Generic,200/50mg,Tablet,"Aurobindo Unit III, India",85148,120,4360,168950,38.75,0.32,364.26,,,FALSE,9/30/10,9/25/10,,
104-CI-T30,FPQ-5623,SO-36881,DN-2012,Côte d'Ivoire,PMO - US,From RDC,N/A - From RDC,Truck,ARV,Adult,SCMS from RDC,"Lamivudine/Nevirapine/Zidovudine 150/200/300mg, tablets, 60 Tabs",Lamivudine/Nevirapine/Zidovudine,Generic,150/300/200mg,Tablet - FDC,Mylan (formerly Matrix) Nashik,85149,60,118170,1325867.4,11.22,0.19,2858.57,,,FALSE,10/19/10,9/25/10,,
106-HT-T30,FPQ-5523,SO-36741,DN-2015,Haiti,PMO - US,From RDC,N/A - From RDC,Air,ARV,Adult,SCMS from RDC,"Lamivudine/Zidovudine 150/300mg, tablets, 60 Tabs",Lamivudine/Zidovudine,Generic,150/300mg,Tablet - FDC,Hetero Unit III Hyderabad IN,85150,60,52752,451029.6,8.55,0.14,972.42,,,FALSE,9/30/10,10/7/10,,
110-ZM-T30,FPQ-5702,SO-36841,DN-2018,Zambia,PMO - US,From RDC,N/A - From RDC,Truck,ARV,Adult,SCMS from RDC,"Lamivudine/Nevirapine/Stavudine 150/200/30mg, tablets, 60 Tabs",Lamivudine/Nevirapine/Stavudine,Generic,150/200/30mg,Tablet - FDC,"Strides, Bangalore, India.",85151,60,59746,342344.6,5.73,0.1,738.09,,,FALSE,11/4/10,10/12/10,,
113-ZW-T30,FPQ-4694,SO-35380,DN-2019,Zimbabwe,PMO - US,From RDC,N/A - From RDC,Truck,ARV,Adult,SCMS from RDC,"Lamivudine/Nevirapine/Stavudine 150/200/30mg, tablets, 60 Tabs",Lamivudine/Nevirapine/Stavudine,Generic,150/200/30mg,Tablet - FDC,"Cipla, Goa, India",85152,60,50000,286500,5.73,0.1,617.69,,,FALSE,9/30/10,10/4/10,,
106-HT-T30,FPQ-6391,SO-37440,DN-2020,Haiti,PMO - US,From RDC,N/A - From RDC,Air,ARV,Pediatric,SCMS from RDC,"Stavudine 1mg/ml, powder for oral solution, 200 ml",Stavudine,Generic,1mg/ml,Oral solution,"Aurobindo Unit III, India",85153,200,600,810,1.35,0.01,1.75,69,29153.27,TRUE,10/8/10,10/21/10,,
102-UG-T30,FPQ-6403,SO-37460,DN-2026,Uganda,PMO - US,From RDC,N/A - From RDC,Air,ARV,Adult,SCMS from RDC,"Lamivudine/Zidovudine 150/300mg, tablets, 60 Tabs",Lamivudine/Zidovudine,Generic,150/300mg,Tablet - FDC,Hetero Unit III Hyderabad IN,85154,60,21506,183876.3,8.55,0.14,396.44,,,FALSE,10/20/10,10/25/10,,
102-UG-T30,FPQ-6403,SO-37460,DN-2026,Uganda,PMO - US,From RDC,N/A - From RDC,Air,ARV,Adult,SCMS from RDC,"Emtricitabine/Tenofovir Disoproxil Fumarate 200/300mg, tablets, 30 Tabs",Emtricitabine/Tenofovir Disoproxil Fumarate,Generic,200/300mg,Tablet - FDC,Mylan (formerly Matrix) Nashik,85155,30,8375,98406.25,11.75,0.39,212.16,,,FALSE,10/20/10,10/25/10,,
110-ZM-T30,FPQ-5702,SO-36843,DN-2029,Zambia,PMO - US,From RDC,N/A - From RDC,Truck,ARV,Adult,SCMS from RDC,"Nevirapine 200mg, tablets, 60 Tabs",Nevirapine,Generic,200mg,Tablet,Hetero Unit III Hyderabad IN,85156,60,150000,399000,2.66,0.04,860.24,8754,8109.91,TRUE,11/4/10,10/22/10,,
151-NG-T30,FPQ-5688,SO-37500,DN-2025,Nigeria,PMO - US,From RDC,N/A - From RDC,Air,ARV,Pediatric,SCMS from RDC,"Efavirenz 200mg, capsule, 90 Caps",Efavirenz,Generic,200mg,Capsule,"Aurobindo Unit III, India",85157,90,2150,20876.5,9.71,0.11,45.01,,,FALSE,10/22/10,11/10/10,,
151-NG-T30,FPQ-5688,SO-37500,DN-2025,Nigeria,PMO - US,From RDC,N/A - From RDC,Air,ARV,Adult,SCMS from RDC,"Lamivudine/Tenofovir Disoproxil Fumarate 300/300mg, tablets, 30 Tabs",Lamivudine/Tenofovir Disoproxil Fumarate,Generic,300/300mg,Tablet - FDC,Mylan (formerly Matrix) Nashik,85158,30,21400,206082,9.63,0.32,444.31,,,FALSE,10/22/10,11/10/10,,
110-ZM-T30,FPQ-5702,SO-36842,DN-2032,Zambia,PMO - US,From RDC,N/A - From RDC,Truck,ARV,Adult,SCMS from RDC,"Efavirenz 600mg, tablets, 30 Tabs",Efavirenz,Generic,600mg,Tablet,"Emcure Plot No.P-2, I.T-B.T. Park, Phase II, MIDC, Hinjwadi, Pune, India",85159,30,128000,578560,4.52,0.15,1247.38,,,FALSE,11/4/10,11/8/10,,
104-CI-T30,FPQ-5925,SO-37150,DN-2035,Côte d'Ivoire,PMO - US,From RDC,N/A - From RDC,Truck,ARV,Pediatric,SCMS from RDC,"Zidovudine 10mg/ml, oral solution, Bottle, 240 ml",Zidovudine,Generic,10mg/ml,Oral solution,"Aurobindo Unit III, India",85160,240,7483,15115.66,2.02,0.01,32.59,,,FALSE,11/30/10,11/26/10,,
111-MZ-T30,FPQ-6426,SO-37610,DN-2037,Mozambique,PMO - US,From RDC,N/A - From RDC,Air,ARV,Adult,SCMS from RDC,"Lamivudine/Stavudine 150/30mg, tablets, 60 Tabs",Lamivudine/Stavudine,Generic,150/30mg,Tablet - FDC,Mylan (formerly Matrix) Nashik,85161,60,8556,28063.68,3.28,0.05,60.51,643,4156.94,TRUE,11/30/10,12/13/10,,
104-CI-T30,FPQ-5925,SO-37120,DN-2033,Côte d'Ivoire,PMO - US,From RDC,N/A - From RDC,Truck,ARV,Adult,SCMS from RDC,"Lamivudine/Zidovudine 150/300mg, tablets, 60 Tabs",Lamivudine/Zidovudine,Generic,150/300mg,Tablet - FDC,Hetero Unit III Hyderabad IN,85162,60,50928,435434.4,8.55,0.14,938.8,,,FALSE,10/28/10,11/23/10,,
113-ZW-T30,FPQ-4694,SO-35370,DN-2041,Zimbabwe,PMO - US,From RDC,N/A - From RDC,Truck,ARV,Adult,SCMS from RDC,"Lamivudine/Nevirapine/Stavudine 150/200/30mg, tablets, 60 Tabs",Lamivudine/Nevirapine/Stavudine,Generic,150/200/30mg,Tablet - FDC,"Cipla, Goa, India",85163,60,112100,608703,5.43,0.09,1312.36,,,FALSE,11/30/10,11/25/10,,
110-ZM-T30,FPQ-5702,SO-36851,DN-2053,Zambia,PMO - US,From RDC,N/A - From RDC,Truck,ARV,Adult,SCMS from RDC,"Abacavir 300mg, tablets, 60 Tabs",Abacavir,Generic,300mg,Tablet,"Cipla, Patalganga, India",85164,60,17045,270845.06,15.89,0.26,583.94,20752,17520.43,TRUE,11/26/10,12/3/10,,
104-CI-T30,FPQ-5925,SO-37740,DN-2064,Côte d'Ivoire,PMO - US,From RDC,N/A - From RDC,Air,ARV,Pediatric,SCMS from RDC,"Zidovudine 10mg/ml, oral solution, Bottle, 240 ml",Zidovudine,Generic,10mg/ml,Oral solution,"Aurobindo Unit III, India",85165,240,551,1113.02,2.02,0.01,2.4,,,FALSE,11/30/10,12/9/10,,
106-HT-T30,FPQ-6484,SO-37760,DN-2073,Haiti,PMO - US,From RDC,N/A - From RDC,Air,ARV,Pediatric,SCMS from RDC,"Lamivudine 10mg/ml, oral solution w/syringe, Bottle, 240 ml",Lamivudine,Generic,10mg/ml,Oral solution,"Aurobindo Unit III, India",85167,240,4810,8898.5,1.85,0.01,19.19,,,FALSE,12/20/10,1/5/11,,
104-CI-T30,FPQ-6144,SO-38130,DN-2076,Côte d'Ivoire,PMO - US,From RDC,N/A - From RDC,Air,ARV,Adult,SCMS from RDC,"Abacavir 300mg, tablets, 60 Tabs",Abacavir,Generic,300mg,Tablet,"Aurobindo Unit III, India",85168,60,800,13152,16.44,0.27,28.36,364,2700.18,TRUE,12/15/10,12/15/10,,
102-UG-T30,FPQ-6202,SO-37930,DN-2082,Uganda,PMO - US,From RDC,N/A - From RDC,Truck,ARV,Adult,SCMS from RDC,"Lamivudine/Nevirapine/Zidovudine 150/200/300mg, tablets, 60 Tabs",Lamivudine/Nevirapine/Zidovudine,Generic,150/300/200mg,Tablet - FDC,"Aurobindo Unit III, India",85169,60,9255,103841.1,11.22,0.19,223.88,1243,6120.6,TRUE,1/14/11,1/14/11,,
202-GT-T30,FPQ-6943,SO-38260,DN-2089,Guatemala,PMO - US,From RDC,N/A - From RDC,Air,ARV,Pediatric,SCMS from RDC,"Efavirenz 50mg, capsule, 30 Caps",Efavirenz,Generic,50mg,Capsule,"Aurobindo Unit III, India",85171,30,1467,3286.08,2.24,0.07,5.42,,,FALSE,1/31/11,1/24/11,,
151-NG-T30,FPQ-6243,SO-38320,DN-2090,Nigeria,PMO - US,From RDC,N/A - From RDC,Air Charter,ARV,Adult,SCMS from RDC,"Emtricitabine/Tenofovir Disoproxil Fumarate 200/300mg, tablets, 30 Tabs",Emtricitabine/Tenofovir Disoproxil Fumarate,Generic,200/300mg,Tablet - FDC,Mylan (formerly Matrix) Nashik,85172,30,55488,605928.94,10.92,0.36,1306.38,,,FALSE,2/22/11,2/16/11,,
151-NG-T30,FPQ-6243,SO-38320,DN-2090,Nigeria,PMO - US,From RDC,N/A - From RDC,Air Charter,ARV,Adult,SCMS from RDC,"Stavudine 30mg, capsules, 60 Caps",Stavudine,Generic,30mg,Capsule,"Aurobindo Unit III, India",85173,60,200,280,1.4,0.02,0.6,,,FALSE,2/22/11,2/16/11,,
202-GT-T30,FPQ-6943,SO-38270,DN-2100,Guatemala,PMO - US,From RDC,N/A - From RDC,Air,ARV,Adult,SCMS from RDC,"Abacavir 300mg, tablets, 60 Tabs",Abacavir,Generic,300mg,Tablet,Mylan (formerly Matrix) Nashik,85174,60,2005,31077.5,15.5,0.26,51.28,2634,20805.8,TRUE,1/31/11,2/10/11,,
202-GT-T30,FPQ-6943,SO-38270,DN-2100,Guatemala,PMO - US,From RDC,N/A - From RDC,Air,ARV,Adult,SCMS from RDC,"Efavirenz 600mg, tablets, 30 Tabs",Efavirenz,Generic,600mg,Tablet,"Emcure Plot No.P-2, I.T-B.T. Park, Phase II, MIDC, Hinjwadi, Pune, India",85175,30,34553,149268.95,4.32,0.14,246.29,,,FALSE,1/31/11,2/10/11,,
109-TZ-T30,FPQ-5436,SO-36610,DN-2102,Tanzania,PMO - US,From RDC,N/A - From RDC,Air,ARV,Pediatric,SCMS from RDC,"Didanosine 100mg, chewable/dispersible tablets, 60 Tabs",Didanosine,Generic,100mg,Chewable/dispersible tablet,"Aurobindo Unit III, India",85176,60,2292,17694.24,7.72,0.13,38.15,617,1647,TRUE,2/28/11,2/28/11,,
104-CI-T30,FPQ-6144,SO-38380,DN-2106,Côte d'Ivoire,PMO - US,From RDC,N/A - From RDC,Air,ARV,Pediatric,SCMS from RDC,"Efavirenz 200mg, capsule, 90 Caps",Efavirenz,Generic,200mg,Capsule,"Aurobindo Unit III, India",85177,90,492,4777.32,9.71,0.11,10.3,,,FALSE,1/31/11,2/22/11,,
104-CI-T30,FPQ-6144,SO-37290,DN-2108,Côte d'Ivoire,PMO - US,From RDC,N/A - From RDC,Air,ARV,Adult,SCMS from RDC,"Abacavir 300mg, tablets, 60 Tabs",Abacavir,Generic,300mg,Tablet,Mylan (formerly Matrix) Nashik,85178,60,2436,37758,15.5,0.26,81.41,,,FALSE,1/31/11,2/22/11,,
114-UG-T30,FPQ-6427,SO-37560,DN-2121,Uganda,PMO - US,From RDC,N/A - From RDC,Truck,ARV,Adult,SCMS from RDC,"Lamivudine/Zidovudine 150/300mg, tablets, 60 Tabs",Lamivudine/Zidovudine,Generic,150/300mg,Tablet - FDC,Hetero Unit III Hyderabad IN,85179,60,6361,52541.86,8.26,0.14,113.28,,,FALSE,2/28/11,3/22/11,,
104-CI-T30,FPQ-6891,SO-38530,DN-2140,Côte d'Ivoire,PMO - US,From RDC,N/A - From RDC,Air,ARV,Pediatric,SCMS from RDC,"Abacavir 20mg/ml, oral solution w/syringe, Bottle, 240 ml",Abacavir,Generic,20mg/ml,Oral solution,"Aurobindo Unit III, India",85180,240,448,6137.6,13.7,0.06,10.13,1135,17941.47,TRUE,3/31/11,3/29/11,,
114-UG-T30,FPQ-6427,SO-38760,DN-2144,Uganda,PMO - US,From RDC,N/A - From RDC,Truck,ARV,Adult,SCMS from RDC,"Nevirapine 200mg, tablets, 60 Tabs",Nevirapine,Generic,200mg,Tablet,"Strides, Bangalore, India.",85181,60,11979,30067.29,2.51,0.04,64.83,,,FALSE,3/31/11,4/1/11,,
151-NG-T30,FPQ-6243,SO-38190,DN-2163,Nigeria,PMO - US,From RDC,N/A - From RDC,Air Charter,ARV,Adult,SCMS from RDC,"Efavirenz/Emtricitabine/Tenofovir Disoproxil Fumarate 600/200/300mg, tablets, 30 Tabs",Efavirenz/Emtricitabine/Tenofovir Disoproxil Fumarate,Generic,600/200/300mg,Tablet - FDC,Mylan (formerly Matrix) Nashik,85183,30,19836,395133.12,19.92,0.66,851.91,2164,12601.06,TRUE,3/30/11,5/11/11,,
114-UG-T30,FPQ-7162,SO-39330,DN-2192,Uganda,PMO - US,From RDC,N/A - From RDC,Truck,ARV,Adult,SCMS from RDC,"Efavirenz 600mg, tablets, 30 Tabs",Efavirenz,Generic,600mg,Tablet,Mylan (formerly Matrix) Nashik,85184,30,45000,194400,4.32,0.14,320.76,5075,23711.16,TRUE,5/11/11,5/24/11,,
113-ZW-T30,FPQ-6470,SO-39350,DN-2195,Zimbabwe,PMO - US,From RDC,N/A - From RDC,Truck,ARV,Adult,SCMS from RDC,"Nevirapine 200mg, tablets, 60 Tabs",Nevirapine,Generic,200mg,Tablet,"Strides, Bangalore, India.",85185,60,9073,22773.23,2.51,0.04,49.1,521,2494.56,TRUE,5/31/11,6/9/11,,
114-UG-T30,FPQ-7395,SO-39140,DN-2201,Uganda,PMO - US,From RDC,N/A - From RDC,Truck,ARV,Adult,SCMS from RDC,"Efavirenz 600mg, tablets, 30 Tabs",Efavirenz,Generic,600mg,Tablet,Mylan (formerly Matrix) Nashik,85186,30,2950,12449,4.22,0.14,20.54,,,FALSE,6/6/11,6/1/11,,
200-ZW-T30,FPQ-6483,SO-37890,DN-2202,Zimbabwe,PMO - US,From RDC,N/A - From RDC,Truck,ARV,Pediatric,SCMS from RDC,"Efavirenz 200mg, capsule, 90 Caps",Efavirenz,Generic,200mg,Capsule,"Aurobindo Unit III, India",85187,90,811,7874.81,9.71,0.11,16.98,103,1224.02,TRUE,3/30/11,6/13/11,,
109-TZ-T30,FPQ-6713,SO-39440,DN-2207,Tanzania,PMO - US,From RDC,N/A - From RDC,Truck,ARV,Adult,SCMS from RDC,"Efavirenz/Emtricitabine/Tenofovir Disoproxil Fumarate 600/200/300mg, tablets, 30 Tabs",Efavirenz/Emtricitabine/Tenofovir Disoproxil Fumarate,Generic,600/200/300mg,Tablet - FDC,Mylan (formerly Matrix) Nashik,85188,30,28200,561744,19.92,0.66,926.88,3076,3859,TRUE,4/28/11,6/1/11,,
151-NG-T30,FPQ-7217,SO-39600,DN-2215,Nigeria,PMO - US,From RDC,N/A - From RDC,Air Charter,ARV,Adult,SCMS from RDC,"Tenofovir Disoproxil Fumarate 300mg, tablets, 30 Tabs",Tenofovir Disoproxil Fumarate,Generic,300mg,Tablet,"Aurobindo Unit III, India",85189,30,3000,19710,6.57,0.22,32.52,263,13398.06,TRUE,6/15/11,7/6/11,,
117-ET-T30,FPQ-7798,SO-39770,DN-2234,Ethiopia,PMO - US,From RDC,N/A - From RDC,Air,ARV,Adult,SCMS from RDC,"Efavirenz 600mg, tablets, 30 Tabs",Efavirenz,Generic,600mg,Tablet,Hetero Unit III Hyderabad IN,85190,30,49142,207379.23,4.22,0.14,342.18,,,FALSE,6/21/11,6/1/11,,
117-ET-T30,FPQ-7798,SO-39900,DN-2253,Ethiopia,PMO - US,From RDC,N/A - From RDC,Air,ARV,Adult,SCMS from RDC,"Efavirenz 600mg, tablets, 30 Tabs",Efavirenz,Generic,600mg,Tablet,"Aurobindo Unit III, India",85191,30,10158,42866.76,4.22,0.14,70.73,,,TRUE,6/21/11,6/1/11,,
100-BZ-T30,FPQ-7883,SO-40050,DN-2267,Belize,PMO - US,From RDC,N/A - From RDC,Air,ARV,Pediatric,SCMS from RDC,"Zidovudine 10mg/ml, oral solution w/syringe, Bottle, 240 ml",Zidovudine,Generic,10mg/ml,Oral solution,"Aurobindo Unit III, India",85192,240,300,630,2.1,0.01,1.04,,1959.61,TRUE,7/15/11,7/1/11,,
100-GH-T30,FPQ-7799,SO-39950,DN-2274,Ghana,PMO - US,From RDC,N/A - From RDC,Air,ARV,Adult,SCMS from RDC,"Tenofovir Disoproxil Fumarate 300mg, tablets, 30 Tabs",Tenofovir Disoproxil Fumarate,Generic,300mg,Tablet,Mylan (formerly Matrix) Nashik,85193,30,10914,70067.88,6.42,0.21,115.61,611,226.25,TRUE,7/4/11,7/20/11,,
111-MZ-T30,FPQ-7053,SO-38632,DN-2284,Mozambique,PMO - US,From RDC,N/A - From RDC,Truck,ARV,Adult,SCMS from RDC,"Stavudine 30mg, capsules, 60 Caps",Stavudine,Generic,30mg,Capsule,"Aurobindo Unit III, India",85194,60,420,588,1.4,0.02,0.97,36,843.36,TRUE,8/31/11,8/30/11,,
200-ZW-T30,FPQ-6483,SO-38902,DN-2290,Zimbabwe,PMO - US,From RDC,N/A - From RDC,Air,ARV,Pediatric,SCMS from RDC,"Lamivudine/Stavudine 60/12mg, dispersible tablets, 60 Tabs",Lamivudine/Stavudine,Generic,60/12mg,Chewable/dispersible tablet - FDC,"Cipla, Goa, India",85195,60,5287,17447.1,3.3,0.06,37.62,357,2001.46,TRUE,9/30/11,8/4/11,,
106-HT-T30,FPQ-6484,SO-37770,DN-2292,Haiti,PMO - US,From RDC,N/A - From RDC,Air,ARV,Pediatric,SCMS from RDC,"Nevirapine 10mg/ml, oral suspension w/syringe, Bottle, 240 ml",Nevirapine,Generic,10mg/ml,Oral suspension,"Aurobindo Unit III, India",85196,240,3100,6045,1.95,0.01,13.03,1156,14661.14,TRUE,7/22/11,7/17/11,,
104-CI-T30,FPQ-7659,SO-40121,DN-2304,Côte d'Ivoire,PMO - US,From RDC,N/A - From RDC,Air,ARV,Adult,SCMS from RDC,"Lamivudine/Nevirapine/Zidovudine 150/200/300mg, tablets, 60 Tabs",Lamivudine/Nevirapine/Zidovudine,Generic,150/300/200mg,Tablet - FDC,"Aurobindo Unit III, India",85198,60,23147,259709.34,11.22,0.19,428.52,,,FALSE,9/27/11,9/12/11,,
113-ZW-T30,FPQ-7052,SO-38512,DN-2343,Zimbabwe,PMO - US,From RDC,N/A - From RDC,Truck,ARV,Adult,SCMS from RDC,"Lamivudine/Nevirapine/Stavudine 150/200/30mg, tablets, 60 Tabs",Lamivudine/Nevirapine/Stavudine,Generic,150/200/30mg,Tablet - FDC,"Cipla, Goa, India",85200,60,9226,49635.88,5.38,0.09,81.9,,,FALSE,9/30/11,10/7/11,,
105-GY-T30,FPQ-8024,SO-40450,DN-2361,Guyana,PMO - US,From RDC,N/A - From RDC,Air,ARV,Pediatric,SCMS from RDC,"Nevirapine 10mg/ml, oral suspension w/syringe, Bottle, 240 ml",Nevirapine,Generic,10mg/ml,Oral suspension,"Aurobindo Unit III, India",85201,240,659,1285.05,1.95,0.01,2.12,,,FALSE,12/15/11,9/28/11,,
109-TZ-T30,FPQ-6713,SO-38172,DN-2373,Tanzania,PMO - US,From RDC,N/A - From RDC,Truck,ARV,Adult,SCMS from RDC,"Efavirenz/Emtricitabine/Tenofovir Disoproxil Fumarate 600/200/300mg, tablets, 30 Tabs",Efavirenz/Emtricitabine/Tenofovir Disoproxil Fumarate,Generic,600/200/300mg,Tablet - FDC,Mylan (formerly Matrix) Nashik,85202,30,3428,68285.76,19.92,0.66,112.67,396,1047.17,TRUE,10/3/11,9/23/11,,
200-ZW-T30,FPQ-6483,SO-37901,DN-2372,Zimbabwe,PMO - US,From RDC,N/A - From RDC,Truck,ARV,Pediatric,SCMS from RDC,"Lamivudine/Nevirapine/Zidovudine 30/50/60mg, dispersible tablets, 60 Tabs",Lamivudine/Nevirapine/Zidovudine,Generic,30/50/60mg,Chewable/dispersible tablet - FDC,Mylan (formerly Matrix) Nashik,85203,60,24940,105995,4.25,0.07,228.53,1456,2326.77,TRUE,10/14/11,10/21/11,,
100-ZW-T30,FPQ-7559,SO-39541,DN-2383,Zimbabwe,PMO - US,From RDC,N/A - From RDC,Truck,ARV,Pediatric,SCMS from RDC,"Abacavir 20mg/ml, oral solution, Bottle, 240 ml",Abacavir,Generic,20mg/ml,Oral solution,"Aurobindo Unit III, India",85204,240,808,10100,12.5,0.05,16.66,298,1360.32,TRUE,10/27/11,10/21/11,,
900-SZ-T30,FPQ-8417,SO-40690,DN-2388,Swaziland,PMO - US,From RDC,N/A - From RDC,Air,ARV,Adult,SCMS from RDC,"Nevirapine 200mg, tablets, 60 Tabs",Nevirapine,Generic,200mg,Tablet,Hetero Unit III Hyderabad IN,85205,60,8277,21354.66,2.58,0.04,35.24,,,FALSE,12/12/11,10/18/11,,
104-CI-T30,FPQ-7659,SO-40100,DN-2406,Côte d'Ivoire,PMO - US,From RDC,N/A - From RDC,Air,ARV,Adult,SCMS from RDC,"Abacavir 300mg, tablets, 60 Tabs",Abacavir,Generic,300mg,Tablet,Mylan (formerly Matrix) Nashik,85206,60,8640,129945.6,15.04,0.25,214.41,777,3274.41,TRUE,11/22/11,10/31/11,,
111-MZ-T30,FPQ-8157,SO-40340,DN-2407,Mozambique,PMO - US,From RDC,N/A - From RDC,Truck,ARV,Adult,SCMS from RDC,"Lamivudine 150mg, tablets, 60 Tabs",Lamivudine,Generic,150mg,Tablet,Hetero Unit III Hyderabad IN,85207,60,1458,3397.14,2.33,0.04,5.61,79,1078.61,TRUE,1/25/12,1/25/12,,
109-TZ-T30,FPQ-8303,SO-40480,DN-2416,Tanzania,PMO - US,From RDC,N/A - From RDC,Truck,ARV,Pediatric,SCMS from RDC,"Lamivudine/Nevirapine/Zidovudine 30/50/60mg, dispersible tablets, 60 Tabs",Lamivudine/Nevirapine/Zidovudine,Generic,30/50/60mg,Chewable/dispersible tablet - FDC,Mylan (formerly Matrix) Nashik,85208,60,9940,42245,4.25,0.07,69.7,562,6614.27,TRUE,12/20/11,12/12/11,,
106-HT-T30,FPQ-7653,SO-39743,DN-2428,Haiti,PMO - US,From RDC,N/A - From RDC,Air,ARV,Pediatric,SCMS from RDC,"Abacavir 20mg/ml, oral solution w/syringe, Bottle, 240 ml",Abacavir,Generic,20mg/ml,Oral solution,"Aurobindo Unit III, India",85209,240,320,4000,12.5,0.05,6.6,122,2053.52,TRUE,12/31/11,12/20/11,,
107-RW-T30,FPQ-8372,SO-40980,DN-2432,Rwanda,PMO - US,From RDC,N/A - From RDC,Truck,ARV,Adult,SCMS from RDC,"Didanosine 400mg, delayed-release capsules, 30 Caps",Didanosine,Generic,400mg,Delayed-release capsules,"Aurobindo Unit III, India",85210,30,263,5260,20,0.67,8.68,21,14622.43,TRUE,12/8/11,11/25/11,,
110-ZM-T30,FPQ-7767,SO-40272,DN-2434,Zambia,PMO - US,From RDC,N/A - From RDC,Truck,ARV,Adult,SCMS from RDC,"Zidovudine 300mg, tablets, 60 Tabs",Zidovudine,Generic,300mg,Tablet,Hetero Unit III Hyderabad IN,85211,60,5111,35879.22,7.02,0.12,59.2,,,FALSE,2/28/12,11/28/11,,
102-KE-T30,FPQ-8736,SO-41070,DN-2436,Kenya,PMO - US,From RDC,N/A - From RDC,Air,ARV,Pediatric,SCMS from RDC,"Nevirapine 10mg/ml, oral suspension w/syringe, Bottle, 240 ml",Nevirapine,Generic,10mg/ml,Oral suspension,"Aurobindo Unit III, India",85212,240,4000,7800,1.95,0.01,10.94,1496,5752.74,TRUE,11/30/11,11/11/11,,
107-RW-T30,FPQ-8204,SO-41040,DN-2439,Rwanda,PMO - US,From RDC,N/A - From RDC,Air,ARV,Adult,SCMS from RDC,"Zidovudine 300mg, tablets, 60 Tabs",Zidovudine,Generic,300mg,Tablet,Hetero Unit III Hyderabad IN,85213,60,90,631.8,7.02,0.12,1.04,,,FALSE,12/5/11,12/2/11,,
113-ZW-T30,FPQ-7052,SO-38521,DN-2441,Zimbabwe,PMO - US,From RDC,N/A - From RDC,Truck,ARV,Adult,SCMS from RDC,"Lamivudine/Stavudine 150/30mg, tablets, 60 Tabs",Lamivudine/Stavudine,Generic,150/30mg,Tablet - FDC,"Strides, Bangalore, India.",85214,60,4669,13773.55,2.95,0.05,22.73,,,FALSE,12/7/11,12/9/11,,
151-NG-T30,FPQ-7812,SO-39990,DN-2452,Nigeria,PMO - US,From RDC,N/A - From RDC,Air Charter,ARV,Adult,SCMS from RDC,"Lamivudine/Nevirapine/Zidovudine 150/200/300mg, tablets, 60 Tabs",Lamivudine/Nevirapine/Zidovudine,Generic,150/300/200mg,Tablet - FDC,"Aurobindo Unit III, India",85215,60,129958,1458128.8,11.22,0.19,2405.91,18907,15322.73,TRUE,12/20/11,12/20/11,,
104-CI-T30,FPQ-8295,SO-40791,DN-2459,Côte d'Ivoire,PMO - US,From RDC,N/A - From RDC,Truck,ARV,Adult,SCMS from RDC,"Emtricitabine/Tenofovir Disoproxil Fumarate 200/300mg, tablets, 30 Tabs",Emtricitabine/Tenofovir Disoproxil Fumarate,Generic,200/300mg,Tablet - FDC,"Aurobindo Unit III, India",85216,30,11520,103334.4,8.97,0.3,170.5,,,FALSE,2/6/12,2/6/12,,
104-CI-T30,FPQ-8295,SO-40791,DN-2459,Côte d'Ivoire,PMO - US,From RDC,N/A - From RDC,Truck,ARV,Adult,SCMS from RDC,"Zidovudine 300mg, tablets, 60 Tabs",Zidovudine,Generic,300mg,Tablet,Mylan (formerly Matrix) Nashik,85217,60,13590,95401.8,7.02,0.12,157.41,,,FALSE,2/6/12,2/6/12,,
105-GY-T30,FPQ-8024,SO-40451,DN-2474,Guyana,PMO - US,From RDC,N/A - From RDC,Air,ARV,Pediatric,SCMS from RDC,"Lamivudine 10mg/ml, oral solution w/syringe, Bottle, 240 ml",Lamivudine,Generic,10mg/ml,Oral solution,"Aurobindo Unit III, India",85219,240,284,525.4,1.85,0.01,0.87,103,1783.38,TRUE,1/31/12,1/18/12,,
106-HT-T30,FPQ-7653,SO-39745,DN-2485,Haiti,PMO - US,From RDC,N/A - From RDC,Air,ARV,Pediatric,SCMS from RDC,"Zidovudine 10mg/ml, oral solution w/syringe, Bottle, 240 ml",Zidovudine,Generic,10mg/ml,Oral solution,"Aurobindo Unit III, India",85220,240,4000,8400,2.1,0.01,13.86,1587,16163.28,TRUE,2/15/12,1/19/12,,
101-CD-T30,FPQ-8840,SO-41133,DN-2495,"Congo, DRC",PMO - US,From RDC,N/A - From RDC,Air,ARV,Adult,SCMS from RDC,"Lamivudine/Nevirapine/Zidovudine 150/200/300mg, tablets, 60 Tabs",Lamivudine/Nevirapine/Zidovudine,Generic,150/300/200mg,Tablet - FDC,Mylan (formerly Matrix) Nashik,85221,60,254,2794,11,0.18,3.92,,,FALSE,3/16/12,2/14/12,,
101-CD-T30,FPQ-8840,SO-41134,DN-2496,"Congo, DRC",PMO - US,From RDC,N/A - From RDC,Air,ARV,Adult,SCMS from RDC,"Abacavir 300mg, tablets, 60 Tabs",Abacavir,Generic,300mg,Tablet,Mylan (formerly Matrix) Nashik,85222,60,17,248.71,14.63,0.24,0.35,,,FALSE,3/16/12,2/14/12,,
101-CD-T30,FPQ-8840,SO-41135,DN-2497,"Congo, DRC",PMO - US,From RDC,N/A - From RDC,Air,ARV,Adult,SCMS from RDC,"Lopinavir/Ritonavir 200/50mg, tablets, 120 Tabs",Lopinavir/Ritonavir,Generic,200/50mg,Tablet,"Aurobindo Unit III, India",85223,120,9,303.66,33.74,0.28,0.43,,,FALSE,3/16/12,2/14/12,,
101-CD-T30,FPQ-8840,SO-41137,DN-2499,"Congo, DRC",PMO - US,From RDC,N/A - From RDC,Air,ARV,Adult,SCMS from RDC,"Nevirapine 200mg, tablets, 60 Tabs",Nevirapine,Generic,200mg,Tablet,"Strides, Bangalore, India.",85224,60,400,1032,2.58,0.04,1.45,,,FALSE,3/16/12,2/14/12,,
101-CD-T30,FPQ-8840,SO-41141,DN-2505,"Congo, DRC",PMO - US,From RDC,N/A - From RDC,Air,ARV,Pediatric,SCMS from RDC,"Nevirapine 10mg/ml, oral suspension w/syringe, Bottle, 240 ml",Nevirapine,Generic,10mg/ml,Oral suspension,"Aurobindo Unit III, India",85226,240,463,902.85,1.95,0.01,1.27,,,FALSE,3/16/12,3/14/12,,
101-CD-T30,FPQ-8840,SO-41142,DN-2506,"Congo, DRC",PMO - US,From RDC,N/A - From RDC,Air,ARV,Pediatric,SCMS from RDC,"Nevirapine 10mg/ml, oral suspension w/syringe, Bottle, 240 ml",Nevirapine,Generic,10mg/ml,Oral suspension,"Aurobindo Unit III, India",85227,240,620,1209,1.95,0.01,1.7,,,FALSE,3/16/12,3/14/12,,
101-CD-T30,FPQ-8840,SO-41145,DN-2509,"Congo, DRC",PMO - US,From RDC,N/A - From RDC,Air,ARV,Pediatric,SCMS from RDC,"Nevirapine 10mg/ml, oral suspension w/syringe, Bottle, 240 ml",Nevirapine,Generic,10mg/ml,Oral suspension,"Aurobindo Unit III, India",85228,240,151,294.45,1.95,0.01,0.41,,,FALSE,3/16/12,4/13/12,,
101-CD-T30,FPQ-8840,SO-41145,DN-2509,"Congo, DRC",PMO - US,From RDC,N/A - From RDC,Air,ARV,Adult,SCMS from RDC,"Lamivudine/Tenofovir Disoproxil Fumarate 300/300mg, tablets, 30 Tabs",Lamivudine/Tenofovir Disoproxil Fumarate,Generic,300/300mg,Tablet - FDC,Mylan (formerly Matrix) Nashik,85229,30,19,115.52,6.08,0.2,0.16,,,FALSE,3/16/12,4/13/12,,
101-CD-T30,FPQ-8840,SO-41146,DN-2510,"Congo, DRC",PMO - US,From RDC,N/A - From RDC,Air,ARV,Adult,SCMS from RDC,"Zidovudine 300mg, tablets, 60 Tabs",Zidovudine,Generic,300mg,Tablet,Hetero Unit III Hyderabad IN,85230,60,105,737.1,7.02,0.12,1.03,,,FALSE,3/16/12,3/23/12,,
111-MZ-T30,FPQ-7053,SO-38630,DN-2516,Mozambique,PMO - US,From RDC,N/A - From RDC,Truck,ARV,Pediatric,SCMS from RDC,"Nevirapine 10mg/ml, oral suspension w/syringe, Bottle, 240 ml",Nevirapine,Generic,10mg/ml,Oral suspension,"Aurobindo Unit III, India",85232,240,41998,81896.1,1.95,0.01,135.13,12489,9458.64,TRUE,2/29/12,3/8/12,,
113-ZW-T30,FPQ-7052,SO-38520,DN-2519,Zimbabwe,PMO - US,From RDC,N/A - From RDC,Truck,ARV,Adult,SCMS from RDC,"Lamivudine/Nevirapine/Stavudine 150/200/30mg, tablets, 60 Tabs",Lamivudine/Nevirapine/Stavudine,Generic,150/200/30mg,Tablet - FDC,"Strides, Bangalore, India.",85233,60,13212,71080.56,5.38,0.09,117.28,,,FALSE,2/29/12,2/16/12,,
101-CD-T30,FPQ-8840,SO-41388,DN-2529,"Congo, DRC",PMO - US,From RDC,N/A - From RDC,Air,ARV,Adult,SCMS from RDC,"Lamivudine 150mg, tablets, 60 Tabs",Lamivudine,Generic,150mg,Tablet,Hetero Unit III Hyderabad IN,85234,60,73,170.09,2.33,0.04,0.24,5,491.43,TRUE,3/22/12,3/22/12,,
106-HT-T30,FPQ-9056,SO-41300,DN-2535,Haiti,PMO - US,From RDC,N/A - From RDC,Air,ARV,Adult,SCMS from RDC,"Abacavir 300mg, tablets, 60 Tabs",Abacavir,Generic,300mg,Tablet,Mylan (formerly Matrix) Nashik,85235,60,2250,32917.5,14.63,0.24,46.15,,,FALSE,3/2/12,3/12/12,,
109-TZ-T30,FPQ-8303,SO-40540,DN-2538,Tanzania,PMO - US,From RDC,N/A - From RDC,Truck,ARV,Pediatric,SCMS from RDC,"Efavirenz 200mg, capsule, 90 Caps",Efavirenz,Generic,200mg,Capsule,"Aurobindo Unit III, India",85236,90,6510,57743.7,8.87,0.1,95.28,830,1698.83,TRUE,3/30/12,3/12/12,,
104-CI-T30,FPQ-8787,SO-41160,DN-2552,Côte d'Ivoire,PMO - US,From RDC,N/A - From RDC,Air,ARV,Adult,SCMS from RDC,"Efavirenz 600mg, tablets, 30 Tabs",Efavirenz,Generic,600mg,Tablet,"Strides, Bangalore, India.",85237,30,47614,196169.69,4.12,0.14,275.03,3453,9657.88,TRUE,3/19/12,2/24/12,,
109-TZ-T30,FPQ-8297,SO-40613,DN-2558,Tanzania,PMO - US,From RDC,N/A - From RDC,Truck,ARV,Adult,SCMS from RDC,"Zidovudine 300mg, tablets, 60 Tabs",Zidovudine,Generic,300mg,Tablet,Hetero Unit III Hyderabad IN,85238,60,39402,276602.03,7.02,0.12,456.39,,,FALSE,4/6/12,2/14/12,,
151-NG-T30,FPQ-8952,SO-41261,DN-2562,Nigeria,PMO - US,From RDC,N/A - From RDC,Air Charter,ARV,Pediatric,SCMS from RDC,"Efavirenz 200mg, capsule, 90 Caps",Efavirenz,Generic,200mg,Capsule,"Aurobindo Unit III, India",85239,90,1530,13571.1,8.87,0.1,19.03,233,25231.96,TRUE,6/20/12,2/16/12,,
151-NG-T30,FPQ-8952,SO-41262,DN-2563,Nigeria,PMO - US,From RDC,N/A - From RDC,Air Charter,ARV,Adult,SCMS from RDC,"Tenofovir Disoproxil Fumarate 300mg, tablets, 30 Tabs",Tenofovir Disoproxil Fumarate,Generic,300mg,Tablet,Mylan (formerly Matrix) Nashik,85240,30,3000,16500,5.5,0.18,23.13,188,25231.96,TRUE,6/20/12,2/16/12,,
151-NG-T30,FPQ-8952,SO-41265,DN-2567,Nigeria,PMO - US,From RDC,N/A - From RDC,Air Charter,ARV,Adult,SCMS from RDC,"Lamivudine 150mg, tablets, 60 Tabs",Lamivudine,Generic,150mg,Tablet,Hetero Unit III Hyderabad IN,85241,60,19501,45437.33,2.33,0.04,63.7,2046,25231.96,TRUE,6/20/12,2/16/12,,
109-TZ-T30,FPQ-8303,SO-40481,DN-2570,Tanzania,PMO - US,From RDC,N/A - From RDC,Truck,ARV,Pediatric,SCMS from RDC,"Lamivudine/Nevirapine/Zidovudine 30/50/60mg, dispersible tablets, 60 Tabs",Lamivudine/Nevirapine/Zidovudine,Generic,30/50/60mg,Chewable/dispersible tablet - FDC,Mylan (formerly Matrix) Nashik,85242,60,11262,47863.5,4.25,0.07,78.97,641,3279.25,TRUE,4/11/12,4/11/12,,
110-ZM-T30,FPQ-8476,SO-40952,DN-2587,Zambia,PMO - US,From RDC,N/A - From RDC,Truck,ARV,Adult,SCMS from RDC,"Emtricitabine/Tenofovir Disoproxil Fumarate 200/300mg, tablets, 30 Tabs",Emtricitabine/Tenofovir Disoproxil Fumarate,Generic,200/300mg,Tablet - FDC,Mylan (formerly Matrix) Nashik,85243,30,54850,492004.5,8.97,0.3,811.81,2236,5447.21,TRUE,5/15/12,2/27/12,,
102-BI-T30,FPQ-9229,SO-41530,DN-2594,Burundi,PMO - US,From RDC,N/A - From RDC,Air,ARV,Adult,SCMS from RDC,"Lopinavir/Ritonavir 200/50mg [Aluvia], tablets, 120 Tabs",Lopinavir/Ritonavir,Aluvia,200/50mg,Tablet,ABBVIE Ludwigshafen Germany,85244,120,240,8097.6,33.74,0.28,11.35,,,FALSE,4/26/12,5/4/12,,
114-UG-T30,FPQ-9321,SO-41520,DN-2597,Uganda,PMO - US,From RDC,N/A - From RDC,Truck,ARV,Adult,SCMS from RDC,"Lamivudine/Zidovudine 150/300mg, tablets, 60 Tabs",Lamivudine/Zidovudine,Generic,150/300mg,Tablet - FDC,"Aurobindo Unit III, India",85245,60,2900,23200,8,0.13,32.53,,,FALSE,4/24/12,2/27/12,,
104-CI-T30,FPQ-8363,SO-40822,DN-2601,Côte d'Ivoire,PMO - US,From RDC,N/A - From RDC,Truck,ARV,Adult,SCMS from RDC,"Abacavir 300mg, tablets, 60 Tabs",Abacavir,Generic,300mg,Tablet,Mylan (formerly Matrix) Nashik,85246,60,10440,152737.2,14.63,0.24,252.02,,,FALSE,4/19/12,4/19/12,,
113-ZW-T30,FPQ-8464,SO-40850,DN-2605,Zimbabwe,PMO - US,From RDC,N/A - From RDC,Truck,ARV,Adult,SCMS from RDC,"Lamivudine/Tenofovir Disoproxil Fumarate 300/300mg, tablets, 30 Tabs",Lamivudine/Tenofovir Disoproxil Fumarate,Generic,300/300mg,Tablet - FDC,Mylan (formerly Matrix) Nashik,85247,30,78082,474738.56,6.08,0.2,783.32,,,FALSE,4/13/12,4/10/12,,
113-ZW-T30,FPQ-8464,SO-40850,DN-2605,Zimbabwe,PMO - US,From RDC,N/A - From RDC,Truck,ARV,Adult,SCMS from RDC,"Lamivudine/Stavudine 150/30mg, tablets, 60 Tabs",Lamivudine/Stavudine,Generic,150/30mg,Tablet - FDC,"Strides, Bangalore, India.",85248,60,7150,21092.5,2.95,0.05,34.8,,,FALSE,4/13/12,4/10/12,,
114-UG-T30,FPQ-8522,SO-40931,DN-2607,Uganda,PMO - US,From RDC,N/A - From RDC,Truck,ARV,Adult,SCMS from RDC,"Lamivudine/Nevirapine/Zidovudine 150/200/300mg, tablets, 60 Tabs",Lamivudine/Nevirapine/Zidovudine,Generic,150/300/200mg,Tablet - FDC,Mylan (formerly Matrix) Nashik,85249,60,12762,140382,11,0.18,231.63,,,FALSE,5/16/12,3/27/12,,
110-ZM-T30,FPQ-8759,SO-41122,DN-2613,Zambia,PMO - US,From RDC,N/A - From RDC,Truck,ARV,Adult,SCMS from RDC,"Abacavir 300mg, tablets, 60 Tabs",Abacavir,Generic,300mg,Tablet,Mylan (formerly Matrix) Nashik,85250,60,15000,219450,14.63,0.24,307.67,1677,8510.81,TRUE,4/27/12,4/16/12,,
111-MZ-T30,FPQ-8157,SO-40383,DN-2615,Mozambique,PMO - US,From RDC,N/A - From RDC,Truck,ARV,Adult,SCMS from RDC,"Lamivudine/Nevirapine/Stavudine 150/200/30mg, tablets, 60 Tabs",Lamivudine/Nevirapine/Stavudine,Generic,150/200/30mg,Tablet - FDC,"Strides, Bangalore, India.",85251,60,4666,25103.08,5.38,0.09,41.42,346,3580.36,TRUE,5/7/12,5/10/12,,
113-ZW-T30,FPQ-8464,SO-40860,DN-2621,Zimbabwe,PMO - US,From RDC,N/A - From RDC,Truck,ARV,Adult,SCMS from RDC,"Lamivudine/Nevirapine/Stavudine 150/200/30mg, tablets, 60 Tabs",Lamivudine/Nevirapine/Stavudine,Generic,150/200/30mg,Tablet - FDC,"Strides, Bangalore, India.",85252,60,71030,382141.4,5.38,0.09,630.53,,,FALSE,4/17/12,5/7/12,,
110-ZM-T30,FPQ-8476,SO-40955,DN-2624,Zambia,PMO - US,From RDC,N/A - From RDC,Truck,ARV,Adult,SCMS from RDC,"Lamivudine/Zidovudine 150/300mg, tablets, 60 Tabs",Lamivudine/Zidovudine,Generic,150/300mg,Tablet - FDC,"Cipla, Goa, India",85253,60,96655,773240,8,0.13,1275.85,,,FALSE,5/15/12,4/30/12,,
110-ZM-T30,FPQ-8476,SO-40955,DN-2624,Zambia,PMO - US,From RDC,N/A - From RDC,Truck,ARV,Adult,SCMS from RDC,"Zidovudine 300mg, tablets, 60 Tabs",Zidovudine,Generic,300mg,Tablet,Hetero Unit III Hyderabad IN,85254,60,136109,955485.2,7.02,0.12,1576.55,,,FALSE,5/15/12,4/30/12,,
110-ZM-T30,FPQ-9186,SO-41410,DN-2629,Zambia,PMO - US,From RDC,N/A - From RDC,Truck,ARV,Adult,SCMS from RDC,"Efavirenz 600mg, tablets, 30 Tabs",Efavirenz,Generic,600mg,Tablet,"Strides, Bangalore, India.",85255,30,109226,450011.12,4.12,0.14,630.92,6636,10598.2,TRUE,5/8/12,4/30/12,,
151-NG-T30,FPQ-8952,SO-41252,DN-2631,Nigeria,PMO - US,From RDC,N/A - From RDC,Air Charter,ARV,Adult,SCMS from RDC,"Lamivudine/Nevirapine/Zidovudine 150/200/300mg, tablets, 60 Tabs",Lamivudine/Nevirapine/Zidovudine,Generic,150/300/200mg,Tablet - FDC,Mylan (formerly Matrix) Nashik,85256,60,326131,3587441,11,0.18,5029.59,46522,27441.22,TRUE,7/4/12,4/30/12,,
102-DO-T30,FPQ-9676,SO-41880,DN-2638,Dominican Republic,PMO - US,From RDC,N/A - From RDC,Air,ARV,Adult,SCMS from RDC,"Lamivudine 150mg, tablets, 60 Tabs",Lamivudine,Generic,150mg,Tablet,Macleods Daman Plant INDIA,85257,60,1005,2341.65,2.33,0.04,3.28,544,4392.94,TRUE,5/21/12,5/4/12,,
102-DO-T30,FPQ-9676,SO-41870,DN-2639,Dominican Republic,PMO - US,From RDC,N/A - From RDC,Air,ARV,Adult,SCMS from RDC,"Abacavir/Lamivudine 600/300mg, scored tablets, 30 Tabs",Abacavir/Lamivudine,Generic,600/300mg,Tablet - FDC,Mylan (formerly Matrix) Nashik,85258,30,330,7425,22.5,0.75,10.41,,,FALSE,5/21/12,5/16/12,,
102-LY-T30,FPQ-9665,SO-41900,DN-2641,Libya,PMO - US,From RDC,N/A - From RDC,Air,ARV,Adult,SCMS from RDC,"Tenofovir Disoproxil Fumarate 300mg, tablets, 30 Tabs",Tenofovir Disoproxil Fumarate,Generic,300mg,Tablet,Mylan (formerly Matrix) Nashik,85259,30,368,2024,5.5,0.18,2.84,,,FALSE,5/23/12,5/23/12,,
151-NG-T30,FPQ-9432,SO-41923,DN-2651,Nigeria,PMO - US,From RDC,N/A - From RDC,Air Charter,ARV,Adult,SCMS from RDC,"Lamivudine/Tenofovir Disoproxil Fumarate 300/300mg, tablets, 30 Tabs",Lamivudine/Tenofovir Disoproxil Fumarate,Generic,300/300mg,Tablet - FDC,Mylan (formerly Matrix) Nashik,85260,30,39680,219827.2,5.54,0.18,308.2,3329,27441.25,TRUE,8/2/12,4/30/12,,
113-ZW-T30,FPQ-8464,SO-40861,DN-2655,Zimbabwe,PMO - US,From RDC,N/A - From RDC,Truck,ARV,Adult,SCMS from RDC,"Efavirenz 600mg, tablets, 30 Tabs",Efavirenz,Generic,600mg,Tablet,"Strides, Bangalore, India.",85261,30,17422,71778.64,4.12,0.14,118.43,,,FALSE,5/31/12,5/25/12,,
104-CI-T30,FPQ-8790,SO-41200,DN-2652,Côte d'Ivoire,PMO - US,From RDC,N/A - From RDC,Air,ARV,Adult,SCMS from RDC,"Abacavir/Lamivudine 600/300mg, scored tablets, 30 Tabs",Abacavir/Lamivudine,Generic,600/300mg,Tablet - FDC,Mylan (formerly Matrix) Nashik,85262,30,1620,36450,22.5,0.75,51.1,,,FALSE,5/30/12,5/30/12,,
106-HT-T30,FPQ-9056,SO-41310,DN-2667,Haiti,PMO - US,From RDC,N/A - From RDC,Air,ARV,Adult,SCMS from RDC,"Lamivudine/Tenofovir Disoproxil Fumarate 300/300mg, tablets, 30 Tabs",Lamivudine/Tenofovir Disoproxil Fumarate,Generic,300/300mg,Tablet - FDC,"Cipla, Kurkumbh, India",85263,30,50928,282141.12,5.54,0.18,395.56,5456,53775.56,TRUE,6/29/12,6/6/12,,
110-ZM-T30,FPQ-8759,SO-41120,DN-2679,Zambia,PMO - US,From RDC,N/A - From RDC,Truck,ARV,Adult,SCMS from RDC,"Abacavir 300mg, tablets, 60 Tabs",Abacavir,Generic,300mg,Tablet,"Aurobindo Unit III, India",85264,60,7452,97993.8,13.15,0.22,137.39,737,4496.13,TRUE,6/15/12,6/18/12,,
113-ZW-T30,FPQ-8464,SO-40883,DN-2693,Zimbabwe,PMO - US,From RDC,N/A - From RDC,Truck,ARV,Adult,SCMS from RDC,"Lamivudine/Stavudine 150/30mg, tablets, 60 Tabs",Lamivudine/Stavudine,Generic,150/30mg,Tablet - FDC,"Strides, Bangalore, India.",85265,60,7150,21092.5,2.95,0.05,34.8,,,FALSE,8/14/12,6/27/12,,
113-ZW-T30,FPQ-8464,SO-40883,DN-2693,Zimbabwe,PMO - US,From RDC,N/A - From RDC,Truck,ARV,Adult,SCMS from RDC,"Lamivudine/Nevirapine/Zidovudine 150/200/300mg, tablets, 60 Tabs",Lamivudine/Nevirapine/Zidovudine,Generic,150/300/200mg,Tablet - FDC,Mylan (formerly Matrix) Nashik,85266,60,11574,119096.46,10.29,0.17,196.51,,,FALSE,8/14/12,6/27/12,,
102-CD-T30,FPQ-9640,SO-41850,DN-2697,"Congo, DRC",PMO - US,From RDC,N/A - From RDC,Air,ARV,Adult,SCMS from RDC,"Nevirapine 200mg, tablets, 60 Tabs",Nevirapine,Generic,200mg,Tablet,"Strides, Bangalore, India.",85267,60,1200,2928,2.44,0.04,4.11,,,FALSE,9/11/12,9/11/12,,
102-CD-T30,FPQ-9640,SO-41850,DN-2697,"Congo, DRC",PMO - US,From RDC,N/A - From RDC,Air,ARV,Adult,SCMS from RDC,"Lamivudine/Zidovudine 150/300mg, tablets, 60 Tabs",Lamivudine/Zidovudine,Generic,150/300mg,Tablet - FDC,Hetero Unit III Hyderabad IN,85268,60,1440,11203.2,7.78,0.13,15.71,,,FALSE,9/11/12,9/11/12,,
104-CI-T30,FPQ-9261,SO-41471,DN-2698,Côte d'Ivoire,PMO - US,From RDC,N/A - From RDC,Air Charter,ARV,Adult,SCMS from RDC,"Abacavir/Lamivudine/Zidovudine 300/150/300mg, tablets, 60 Tabs",Abacavir/Lamivudine/Zidovudine,Generic,300/150/300mg,Tablet - FDC,Mylan (formerly Matrix) Nashik,85269,60,3136,94080,30,0.5,131.9,478,2330.22,TRUE,6/20/12,6/15/12,,
105-GY-T30,FPQ-9820,SO-42040,DN-2701,Guyana,PMO - US,From RDC,N/A - From RDC,Air,ARV,Pediatric,SCMS from RDC,"Lamivudine 10mg/ml, oral solution w/syringe, Bottle, 240 ml",Lamivudine,Generic,10mg/ml,Oral solution,"Aurobindo Unit III, India",85270,240,230,425.5,1.85,0.01,0.6,83,1075.62,TRUE,7/10/12,6/13/12,,
110-ZM-T30,FPQ-9081,SO-41281,DN-2703,Zambia,PMO - US,From RDC,N/A - From RDC,Truck,ARV,Adult,SCMS from RDC,"Nevirapine 200mg, tablets, 60 Tabs",Nevirapine,Generic,200mg,Tablet,Hetero Unit III Hyderabad IN,85271,60,181926,443899.44,2.44,0.04,622.35,11438,4496.15,TRUE,6/29/12,6/18/12,,
151-NG-T30,FPQ-8952,SO-41257,DN-2706,Nigeria,PMO - US,From RDC,N/A - From RDC,Air Charter,ARV,Adult,SCMS from RDC,"Lamivudine 150mg, tablets, 60 Tabs",Lamivudine,Generic,150mg,Tablet,"Aurobindo Unit III, India",85272,60,20000,46600,2.33,0.04,65.33,2238,17090,TRUE,6/20/12,6/3/12,,
151-NG-T30,FPQ-9432,SO-42336,DN-2710,Nigeria,PMO - US,From RDC,N/A - From RDC,Air Charter,ARV,Adult,SCMS from RDC,"Lamivudine/Tenofovir Disoproxil Fumarate 300/300mg, tablets, 30 Tabs",Lamivudine/Tenofovir Disoproxil Fumarate,Generic,300/300mg,Tablet - FDC,"Cipla, Kurkumbh, India",85273,30,27911,154626.94,5.54,0.18,216.79,11969,17090,TRUE,8/2/12,6/3/12,,
102-LY-T30,FPQ-9665,SO-41891,DN-2711,Libya,PMO - US,From RDC,N/A - From RDC,Air,ARV,Adult,SCMS from RDC,"Tenofovir Disoproxil Fumarate 300mg, tablets, 30 Tabs",Tenofovir Disoproxil Fumarate,Generic,300mg,Tablet,"Aurobindo Unit III, India",85274,30,2816,15488,5.5,0.18,21.71,231,1474.9,TRUE,6/29/12,7/2/12,,
104-CI-T30,FPQ-8790,SO-41182,DN-2716,Côte d'Ivoire,PMO - US,From RDC,N/A - From RDC,Air,ARV,Adult,SCMS from RDC,"Abacavir/Lamivudine/Zidovudine 300/150/300mg, tablets, 60 Tabs",Abacavir/Lamivudine/Zidovudine,Generic,300/150/300mg,Tablet - FDC,Mylan (formerly Matrix) Nashik,85275,60,1840,55200,30,0.5,77.39,,,FALSE,7/16/12,7/3/12,,
900-UG-T30,FPQ-10048,SO-42580,DN-2724,Uganda,PMO - US,From RDC,N/A - From RDC,Air,ARV,Adult,SCMS from RDC,"Nevirapine 200mg, tablets, 60 Tabs",Nevirapine,Generic,200mg,Tablet,"Aurobindo Unit III, India",85276,60,36000,87840,2.44,0.04,123.15,,,FALSE,7/5/12,7/16/12,,
151-NG-T30,FPQ-8952,SO-42641,DN-2732,Nigeria,PMO - US,From RDC,N/A - From RDC,Air Charter,ARV,Adult,SCMS from RDC,"Lamivudine 150mg, tablets, 60 Tabs",Lamivudine,Generic,150mg,Tablet,"Strides, Bangalore, India.",85277,60,732,1705.56,2.33,0.04,2.39,57,21347.13,TRUE,7/9/12,7/9/12,,
113-ZW-T30,FPQ-8464,SO-40880,DN-2742,Zimbabwe,PMO - US,From RDC,N/A - From RDC,Truck,ARV,Adult,SCMS from RDC,"Efavirenz 600mg, tablets, 30 Tabs",Efavirenz,Generic,600mg,Tablet,"Aurobindo Unit III, India",85278,30,17422,66377.82,3.81,0.13,109.52,,,FALSE,8/14/12,7/23/12,,
114-UG-T30,FPQ-9355,SO-41593,DN-2744,Uganda,PMO - US,From RDC,N/A - From RDC,Truck,ARV,Adult,SCMS from RDC,"Lamivudine 150mg, tablets, 60 Tabs",Lamivudine,Generic,150mg,Tablet,Macleods Daman Plant INDIA,85279,60,834,1851.48,2.22,0.04,2.6,,,FALSE,9/5/12,7/26/12,,
114-UG-T30,FPQ-9875,SO-42081,DN-2747,Uganda,PMO - US,From RDC,N/A - From RDC,Air,ARV,Adult,SCMS from RDC,"Lamivudine/Zidovudine 150/300mg, tablets, 60 Tabs",Lamivudine/Zidovudine,Generic,150/300mg,Tablet - FDC,"Cipla, Goa, India",85280,60,26574,206745.72,7.78,0.13,289.86,2369,19980.62,TRUE,8/17/12,8/7/12,,
110-ZM-T30,FPQ-9472,SO-41720,DN-2763,Zambia,PMO - US,From RDC,N/A - From RDC,Truck,ARV,Adult,SCMS from RDC,"Abacavir 300mg, tablets, 60 Tabs",Abacavir,Generic,300mg,Tablet,Mylan (formerly Matrix) Nashik,85281,60,27452,355777.9,12.96,0.22,498.8,,,FALSE,7/31/12,8/1/12,,
104-CI-T30,FPQ-9063,SO-41351,DN-2755,Côte d'Ivoire,PMO - US,From RDC,N/A - From RDC,Truck,ARV,Pediatric,SCMS from RDC,"Abacavir 20mg/ml, oral solution w/syringe, Bottle, 240 ml",Abacavir,Generic,20mg/ml,Oral solution,"Aurobindo Unit III, India",85282,240,608,7600,12.5,0.05,10.66,223,2641.45,TRUE,7/31/12,7/31/12,,
109-TZ-T30,FPQ-9303,SO-41560,DN-2762,Tanzania,PMO - US,From RDC,N/A - From RDC,Truck,ARV,Pediatric,SCMS from RDC,"Lamivudine/Zidovudine 30/60mg, tablets, 60 Tabs",Lamivudine/Zidovudine,Generic,30/60mg,Tablet - FDC,Mylan (formerly Matrix) Nashik,85283,60,38347,105837.72,2.76,0.05,148.38,1502,6900.62,TRUE,9/4/12,8/22/12,,
151-NG-T30,FPQ-9432,SO-42644,DN-2764,Nigeria,PMO - US,From RDC,N/A - From RDC,Air Charter,ARV,Adult,SCMS from RDC,"Lamivudine/Zidovudine 150/300mg, tablets, 60 Tabs",Lamivudine/Zidovudine,Generic,150/300mg,Tablet - FDC,"Aurobindo Unit III, India",85284,60,25712,198496.64,7.72,0.13,278.29,,,FALSE,8/2/12,7/24/12,,
104-CI-T30,FPQ-9749,SO-42360,DN-2778,Côte d'Ivoire,PMO - US,From RDC,N/A - From RDC,Truck,ARV,Pediatric,SCMS from RDC,"Didanosine 200mg, delayed-release capsules, 30 Caps",Didanosine,Generic,200mg,Delayed-release capsules,"Aurobindo Unit III, India",85287,30,2528,27808,11,0.37,38.99,740,4754.52,TRUE,8/15/12,8/15/12,,
107-RW-T30,FPQ-10119,SO-42761,DN-2784,Rwanda,PMO - US,From RDC,N/A - From RDC,Air,ARV,Adult,SCMS from RDC,"Lopinavir/Ritonavir 200/50mg, tablets, 120 Tabs",Lopinavir/Ritonavir,Generic,200/50mg,Tablet,Mylan (formerly Matrix) Nashik,85288,120,7541,223816.88,29.68,0.25,313.79,2003,32401.62,TRUE,10/31/12,8/6/12,,
151-NG-T30,FPQ-9432,SO-42806,DN-2773,Nigeria,PMO - US,From RDC,N/A - From RDC,Air Charter,ARV,Adult,SCMS from RDC,"Nevirapine 200mg, tablets, 60 Tabs",Nevirapine,Generic,200mg,Tablet,Hetero Unit III Hyderabad IN,85289,60,12156,30511.56,2.51,0.04,42.78,,,FALSE,8/2/12,7/24/12,,
113-ZW-T30,FPQ-8464,SO-40902,DN-2803,Zimbabwe,PMO - US,From RDC,N/A - From RDC,Truck,ARV,Adult,SCMS from RDC,"Nevirapine 200mg, tablets, 60 Tabs",Nevirapine,Generic,200mg,Tablet,"Aurobindo Unit III, India",85291,60,10963,26530.46,2.42,0.04,43.78,,,FALSE,12/11/12,9/4/12,,
113-ZW-T30,FPQ-8464,SO-40900,DN-2804,Zimbabwe,PMO - US,From RDC,N/A - From RDC,Truck,ARV,Adult,SCMS from RDC,"Efavirenz 600mg, tablets, 30 Tabs",Efavirenz,Generic,600mg,Tablet,"Emcure Plot No.P-2, I.T-B.T. Park, Phase II, MIDC, Hinjwadi, Pune, India",85292,30,17422,66377.82,3.81,0.13,109.52,,,FALSE,12/11/12,9/4/12,,
105-GY-T30,FPQ-10252,SO-42790,DN-2810,Guyana,PMO - US,From RDC,N/A - From RDC,Air,ARV,Adult,SCMS from RDC,"Stavudine 15mg, capsules, 60 Caps",Stavudine,Generic,15mg,Capsule,"Aurobindo Unit III, India",85293,60,25,33,1.32,0.02,0.05,5,931.34,TRUE,9/30/12,8/29/12,,
105-GY-T30,FPQ-10252,SO-42780,DN-2811,Guyana,PMO - US,From RDC,N/A - From RDC,Air,ARV,Pediatric,SCMS from RDC,"Zidovudine 10mg/ml, oral solution w/syringe, Bottle, 240 ml",Zidovudine,Generic,10mg/ml,Oral solution,"Aurobindo Unit III, India",85294,240,366,768.6,2.1,0.01,1.08,,,FALSE,10/2/12,8/29/12,,
105-GY-T30,FPQ-10252,SO-42780,DN-2811,Guyana,PMO - US,From RDC,N/A - From RDC,Air,ARV,Adult,SCMS from RDC,"Zidovudine 300mg, tablets, 60 Tabs",Zidovudine,Generic,300mg,Tablet,"Aurobindo Unit III, India",85295,60,1652,11167.52,6.76,0.11,15.66,,,FALSE,10/2/12,8/29/12,,
105-GY-T30,FPQ-10252,SO-42780,DN-2811,Guyana,PMO - US,From RDC,N/A - From RDC,Air,ARV,Pediatric,SCMS from RDC,"Nevirapine 10mg/ml, oral suspension w/syringe, Bottle, 240 ml",Nevirapine,Generic,10mg/ml,Oral suspension,"Aurobindo Unit III, India",85296,240,288,561.6,1.95,0.01,0.79,,,FALSE,10/2/12,8/29/12,,
102-CD-T30,FPQ-9906,SO-42340,DN-2812,"Congo, DRC",PMO - US,From RDC,N/A - From RDC,Air,ARV,Adult,SCMS from RDC,"Abacavir 300mg, tablets, 60 Tabs",Abacavir,Generic,300mg,Tablet,Mylan (formerly Matrix) Nashik,85297,60,298,3862.08,12.96,0.22,5.41,,,FALSE,2/14/13,2/14/13,,
102-CD-T30,FPQ-9906,SO-42340,DN-2812,"Congo, DRC",PMO - US,From RDC,N/A - From RDC,Air,ARV,Adult,SCMS from RDC,"Efavirenz 600mg, tablets, 30 Tabs",Efavirenz,Generic,600mg,Tablet,Hetero Unit III Hyderabad IN,85298,30,525,2000.25,3.81,0.13,2.8,,,FALSE,2/14/13,2/14/13,,
103-ZW-T30,FPQ-9907,SO-42230,DN-2825,Zimbabwe,PMO - US,From RDC,N/A - From RDC,Truck,ARV,Pediatric,SCMS from RDC,"Abacavir 20mg/ml, oral solution w/syringe, Bottle, 240 ml",Abacavir,Generic,20mg/ml,Oral solution,"Aurobindo Unit III, India",85299,240,80,1000,12.5,0.05,1.4,29,588.72,TRUE,9/30/12,9/11/12,,
110-ZM-T30,FPQ-9773,SO-41991,DN-2833,Zambia,PMO - US,From RDC,N/A - From RDC,Truck,ARV,Adult,SCMS from RDC,"Efavirenz 600mg, tablets, 30 Tabs",Efavirenz,Generic,600mg,Tablet,"Emcure Plot No.P-2, I.T-B.T. Park, Phase II, MIDC, Hinjwadi, Pune, India",85300,30,17124,66954.84,3.91,0.13,93.87,,,FALSE,9/25/12,9/7/12,,
104-CI-T30,FPQ-9749,SO-42382,DN-2837,Côte d'Ivoire,PMO - US,From RDC,N/A - From RDC,Truck,ARV,Pediatric,SCMS from RDC,"Efavirenz 200mg, capsule, 90 Caps",Efavirenz,Generic,200mg,Capsule,"Aurobindo Unit III, India",85301,90,3400,28084,8.26,0.09,39.37,,,FALSE,11/13/12,9/5/12,,
114-UG-T30,FPQ-10357,SO-42880,DN-2842,Uganda,PMO - US,From RDC,N/A - From RDC,Truck,ARV,Adult,SCMS from RDC,"Nevirapine 200mg, tablets, 60 Tabs",Nevirapine,Generic,200mg,Tablet,Hetero Unit III Hyderabad IN,85302,60,22783,55134.86,2.42,0.04,77.3,1285,6265.36,TRUE,10/12/12,9/25/12,,
114-UG-T30,FPQ-10357,SO-42890,DN-2843,Uganda,PMO - US,From RDC,N/A - From RDC,Truck,ARV,Adult,SCMS from RDC,"Nevirapine 200mg, tablets, 60 Tabs",Nevirapine,Generic,200mg,Tablet,Hetero Unit III Hyderabad IN,85303,60,26432,63965.44,2.42,0.04,89.68,1499,10915.97,TRUE,10/15/12,10/12/12,,
107-RW-T30,FPQ-10119,SO-42720,DN-2850,Rwanda,PMO - US,From RDC,N/A - From RDC,Air,ARV,Adult,SCMS from RDC,"Efavirenz 600mg, tablets, 30 Tabs",Efavirenz,Generic,600mg,Tablet,"Strides, Bangalore, India.",85304,30,50400,197064,3.91,0.13,276.28,3090,16603.9,TRUE,9/28/12,10/10/12,,
900-SS-T30,FPQ-10514,SO-43050,DN-2857,South Sudan,PMO - US,From RDC,N/A - From RDC,Air,ARV,Adult,SCMS from RDC,"Nevirapine 200mg, tablets, 60 Tabs",Nevirapine,Generic,200mg,Tablet,Hetero Unit III Hyderabad IN,85305,60,300,726,2.42,0.04,1.02,,,FALSE,10/18/12,10/3/12,,
107-RW-T30,FPQ-9888,SO-42100,DN-2859,Rwanda,PMO - US,From RDC,N/A - From RDC,Air,ARV,Adult,SCMS from RDC,"Lamivudine/Tenofovir Disoproxil Fumarate 300/300mg, tablets, 30 Tabs",Lamivudine/Tenofovir Disoproxil Fumarate,Generic,300/300mg,Tablet - FDC,"Cipla, Kurkumbh, India",85306,30,11492,63665.68,5.54,0.18,89.26,,,FALSE,10/19/12,10/18/12,,
111-MZ-T30,FPQ-10210,SO-42841,DN-2863,Mozambique,PMO - US,From RDC,N/A - From RDC,Truck,ARV,Adult,SCMS from RDC,"Lamivudine/Nevirapine/Zidovudine 150/200/300mg, tablets, 60 Tabs",Lamivudine/Nevirapine/Zidovudine,Generic,150/300/200mg,Tablet - FDC,Mylan (formerly Matrix) Nashik,85307,60,17520,171871.2,9.81,0.16,240.96,9370,3855.94,TRUE,10/30/12,10/10/12,,
111-MZ-T30,FPQ-10210,SO-42820,DN-2862,Mozambique,PMO - US,From RDC,N/A - From RDC,Truck,ARV,Adult,SCMS from RDC,"Lamivudine 150mg, tablets, 60 Tabs",Lamivudine,Generic,150mg,Tablet,Hetero Unit III Hyderabad IN,85308,60,8586,19060.92,2.22,0.04,26.72,,,FALSE,10/31/12,10/10/12,,
102-ZW-T30,FPQ-9927,SO-42282,DN-2867,Zimbabwe,PMO - US,From RDC,N/A - From RDC,Truck,ARV,Adult,SCMS from RDC,"Nevirapine 200mg, tablets, 60 Tabs",Nevirapine,Generic,200mg,Tablet,Hetero Unit III Hyderabad IN,85309,60,69737,168763.55,2.42,0.04,236.61,4028,8751.99,TRUE,10/5/12,10/5/12,,
104-CI-T30,FPQ-9749,SO-42400,DN-2880,Côte d'Ivoire,PMO - US,From RDC,N/A - From RDC,Truck,ARV,Adult,SCMS from RDC,"Efavirenz 600mg, tablets, 30 Tabs",Efavirenz,Generic,600mg,Tablet,"Aurobindo Unit III, India",85310,30,56228,204669.92,3.64,0.12,286.95,6242,17129.96,TRUE,10/30/12,10/24/12,,
104-CI-T30,FPQ-9749,SO-42400,DN-2880,Côte d'Ivoire,PMO - US,From RDC,N/A - From RDC,Truck,ARV,Adult,SCMS from RDC,"Efavirenz 600mg, tablets, 30 Tabs",Efavirenz,Generic,600mg,Tablet,"Strides, Bangalore, India.",85311,30,23705,86286.2,3.64,0.12,120.97,,,FALSE,10/30/12,10/24/12,,
110-ZM-T30,FPQ-9773,SO-41993,DN-2884,Zambia,PMO - US,From RDC,N/A - From RDC,Truck,ARV,Adult,SCMS from RDC,"Nevirapine 200mg, tablets, 60 Tabs",Nevirapine,Generic,200mg,Tablet,Mylan (formerly Matrix) Nashik,85312,60,50000,122000,2.44,0.04,171.04,7567,16697.66,TRUE,10/31/12,10/19/12,,
151-NG-T30,FPQ-9968,SO-42681,DN-2900,Nigeria,PMO - US,From RDC,N/A - From RDC,Air,ARV,Adult,SCMS from RDC,"Lamivudine/Zidovudine 150/300mg, tablets, 60 Tabs",Lamivudine/Zidovudine,Generic,150/300mg,Tablet - FDC,Mylan (formerly Matrix) Nashik,85313,60,11597,89528.84,7.72,0.13,125.52,,,FALSE,11/6/12,11/6/12,,
151-NG-T30,FPQ-9968,SO-42685,DN-2904,Nigeria,PMO - US,From RDC,N/A - From RDC,Air,ARV,Adult,SCMS from RDC,"Lopinavir/Ritonavir 200/50mg, tablets, 120 Tabs",Lopinavir/Ritonavir,Generic,200/50mg,Tablet,"Aurobindo Unit III, India",85314,120,51861,1384688.8,26.7,0.22,1941.33,14647,15459.09,TRUE,11/7/12,11/7/12,,
104-CI-T30,FPQ-9749,SO-43030,DN-2910,Côte d'Ivoire,PMO - US,From RDC,N/A - From RDC,Truck,ARV,Pediatric,SCMS from RDC,"Lamivudine/Zidovudine 30/60mg, tablets, 60 Tabs",Lamivudine/Zidovudine,Generic,30/60mg,Tablet - FDC,Mylan (formerly Matrix) Nashik,85315,60,15120,41731.2,2.76,0.05,58.51,959,4424.91,TRUE,11/30/12,11/5/12,,
110-ZM-T30,FPQ-9552,SO-41841,DN-2929,Zambia,PMO - US,From RDC,N/A - From RDC,Truck,ARV,Adult,SCMS from RDC,"Lamivudine 150mg, tablets, 60 Tabs",Lamivudine,Generic,150mg,Tablet,Hetero Unit III Hyderabad IN,85316,60,876,1892.16,2.16,0.04,2.65,44,3951.02,TRUE,12/17/12,12/17/12,,
151-NG-T30,FPQ-9968,SO-43433,DN-2944,Nigeria,PMO - US,From RDC,N/A - From RDC,Air,ARV,Pediatric,SCMS from RDC,"Efavirenz 200mg, scored tablets, 90 Tabs",Efavirenz,Generic,200mg,Tablet,"Strides, Bangalore, India.",85317,90,6654,48574.2,7.3,0.08,68.1,465,51090,TRUE,12/4/12,12/4/12,,
102-ZW-T30,FPQ-9927,SO-43670,DN-2948,Zimbabwe,PMO - US,From RDC,N/A - From RDC,Truck,ARV,Adult,SCMS from RDC,"Lamivudine/Zidovudine 150/300mg, tablets, 60 Tabs",Lamivudine/Zidovudine,Generic,150/300mg,Tablet - FDC,Hetero Unit III Hyderabad IN,85318,60,16971,131016.12,7.72,0.13,183.68,1464,8000.72,TRUE,12/13/12,12/13/12,,
114-UG-T30,FPQ-10780,SO-43500,DN-2953,Uganda,PMO - US,From RDC,N/A - From RDC,Air,ARV,Adult,SCMS from RDC,"Lamivudine 150mg, tablets, 60 Tabs",Lamivudine,Generic,150mg,Tablet,Hetero Unit III Hyderabad IN,85319,60,2131,4602.96,2.16,0.04,6.45,117,2005.48,TRUE,2/2/13,2/2/13,,
109-TZ-T30,FPQ-10545,SO-43120,DN-2962,Tanzania,PMO - US,From RDC,N/A - From RDC,Truck,ARV,Adult,SCMS from RDC,"Lopinavir/Ritonavir 200/50mg, tablets, 120 Tabs",Lopinavir/Ritonavir,Generic,200/50mg,Tablet,"Aurobindo Unit III, India",85320,120,574,15325.8,26.7,0.22,21.49,4758,6031.15,TRUE,3/4/13,3/4/13,,
111-MZ-T30,FPQ-10210,SO-42832,DN-2965,Mozambique,PMO - US,From RDC,N/A - From RDC,Truck,ARV,Adult,SCMS from RDC,"Lamivudine/Nevirapine/Zidovudine 150/200/300mg, tablets, 60 Tabs",Lamivudine/Nevirapine/Zidovudine,Generic,150/300/200mg,Tablet - FDC,"Cipla, Goa, India",85321,60,84875,816497.5,9.62,0.16,1144.73,18031,7433.02,TRUE,1/11/13,1/11/13,,
101-CD-T30,FPQ-11054,SO-43680,DN-2981,"Congo, DRC",PMO - US,From RDC,N/A - From RDC,Air,ARV,Adult,SCMS from RDC,"Abacavir 300mg, tablets, 60 Tabs",Abacavir,Generic,300mg,Tablet,Mylan (formerly Matrix) Nashik,85323,60,155,2008.8,12.96,0.22,2.48,,,FALSE,9/11/13,9/11/13,,
101-CD-T30,FPQ-11054,SO-43680,DN-2981,"Congo, DRC",PMO - US,From RDC,N/A - From RDC,Air,ARV,Pediatric,SCMS from RDC,"Nevirapine 10mg/ml, oral suspension w/syringe, Bottle, 240 ml",Nevirapine,Generic,10mg/ml,Oral suspension,"Aurobindo Unit III, India",85324,240,7003,13655.85,1.95,0.01,16.89,,,FALSE,9/11/13,9/11/13,,
101-CD-T30,FPQ-11054,SO-43680,DN-2981,"Congo, DRC",PMO - US,From RDC,N/A - From RDC,Air,ARV,Adult,SCMS from RDC,"Nevirapine 200mg, tablets, 60 Tabs",Nevirapine,Generic,200mg,Tablet,"Aurobindo Unit III, India",85325,60,170,392.7,2.31,0.04,0.49,,,FALSE,9/11/13,9/11/13,,
113-ZW-T30,FPQ-10632,SO-43220,DN-2989,Zimbabwe,PMO - US,From RDC,N/A - From RDC,Truck,ARV,Adult,SCMS from RDC,"Nevirapine 200mg, tablets, 60 Tabs",Nevirapine,Generic,200mg,Tablet,Hetero Unit III Hyderabad IN,85326,60,131487,318198.53,2.42,0.04,446.11,,,FALSE,2/11/13,2/11/13,,
151-NG-T30,FPQ-10477,SO-43045,DN-2997,Nigeria,PMO - US,From RDC,N/A - From RDC,Air Charter,ARV,Adult,SCMS from RDC,"Lamivudine/Zidovudine 150/300mg, tablets, 60 Tabs",Lamivudine/Zidovudine,Generic,150/300mg,Tablet - FDC,Hetero Unit III Hyderabad IN,85328,60,22790,165683.3,7.27,0.12,232.29,22259,29780.5,TRUE,2/11/13,2/11/13,,
111-MZ-T30,FPQ-11033,SO-43760,DN-3012,Mozambique,PMO - US,From RDC,N/A - From RDC,Truck,ARV,Adult,SCMS from RDC,"Lamivudine 150mg, tablets, 60 Tabs",Lamivudine,Generic,150mg,Tablet,Hetero Unit III Hyderabad IN,85330,60,1458,2901.42,1.99,0.03,3.59,,,FALSE,4/1/13,3/22/13,,
101-CD-T30,FPQ-11096,SO-43750,DN-3017,"Congo, DRC",PMO - US,From RDC,N/A - From RDC,Air,ARV,Adult,SCMS from RDC,"Lamivudine/Zidovudine 150/300mg, tablets, 60 Tabs",Lamivudine/Zidovudine,Generic,150/300mg,Tablet - FDC,Mylan (formerly Matrix) Nashik,85331,60,1296,9421.92,7.27,0.12,11.65,,,FALSE,3/18/13,8/8/13,,
114-UG-T30,FPQ-11143,SO-43940,DN-3034,Uganda,PMO - US,From RDC,N/A - From RDC,Air,ARV,Adult,SCMS from RDC,"Efavirenz/Lamivudine/Tenofovir Disoproxil Fumarate 600/300/300mg, tablets, 30 Tabs",Efavirenz/Lamivudine/Tenofovir Disoproxil Fumarate,Generic,600/300/300mg,Tablet - FDC,Mylan (formerly Matrix) Nashik,85332,30,14704,178065.44,12.11,0.4,220.27,,,FALSE,3/29/13,3/1/13,,
102-ZW-T30,FPQ-10674,SO-43250,DN-3036,Zimbabwe,PMO - US,From RDC,N/A - From RDC,Truck,ARV,Adult,SCMS from RDC,"Abacavir/Lamivudine 600/300mg, scored tablets, 30 Tabs",Abacavir/Lamivudine,Generic,600/300mg,Tablet - FDC,Mylan (formerly Matrix) Nashik,85333,30,810,11307.6,13.96,0.47,15.85,52,1600,TRUE,3/29/13,3/23/13,,
106-HT-T30,FPQ-11526,SO-44450,DN-3043,Haiti,PMO - US,From RDC,N/A - From RDC,Air,ARV,Pediatric,SCMS from RDC,"Lamivudine/Zidovudine 30/60mg, tablets, 60 Tabs",Lamivudine/Zidovudine,Generic,30/60mg,Tablet - FDC,"Aurobindo Unit III, India",85334,60,3024,6834.24,2.26,0.04,8.45,,,FALSE,4/30/13,3/15/13,,
106-HT-T30,FPQ-11281,SO-44400,DN-3015,Haiti,PMO - US,From RDC,N/A - From RDC,Air,ARV,Pediatric,SCMS from RDC,"Efavirenz 200mg, scored tablets, 90 Tabs",Efavirenz,Generic,200mg,Tablet,"Strides, Bangalore, India.",85335,90,2000,14600,7.3,0.08,18.06,,,FALSE,4/9/13,3/14/13,,
106-HT-T30,FPQ-11281,SO-44400,DN-3015,Haiti,PMO - US,From RDC,N/A - From RDC,Air,ARV,Pediatric,SCMS from RDC,"Stavudine 1mg/ml, powder for oral solution w/syringe, 200 ml",Stavudine,Generic,1mg/ml,Powder for oral solution,"Aurobindo Unit III, India",85336,200,330,412.5,1.25,0.01,0.51,,,FALSE,4/9/13,3/14/13,,
106-HT-T30,FPQ-11281,SO-44400,DN-3015,Haiti,PMO - US,From RDC,N/A - From RDC,Air,ARV,Adult,SCMS from RDC,"Lamivudine/Zidovudine 150/300mg, tablets, 60 Tabs",Lamivudine/Zidovudine,Generic,150/300mg,Tablet - FDC,Mylan (formerly Matrix) Nashik,85337,60,53220,386909.4,7.27,0.12,478.61,,,FALSE,4/9/13,3/14/13,,
114-UG-T30,FPQ-11143,SO-43960,DN-3042,Uganda,PMO - US,From RDC,N/A - From RDC,Air,ARV,Adult,SCMS from RDC,"Nevirapine 200mg, tablets, 60 Tabs",Nevirapine,Generic,200mg,Tablet,"Aurobindo Unit III, India",85338,60,7875,17797.5,2.26,0.04,22.02,,,FALSE,3/9/13,3/7/13,,
113-ZW-T30,FPQ-10632,SO-43212,DN-3048,Zimbabwe,PMO - US,From RDC,N/A - From RDC,Truck,ARV,Adult,SCMS from RDC,"Nevirapine 200mg, tablets, 60 Tabs",Nevirapine,Generic,200mg,Tablet,"Strides, Bangalore, India.",85340,60,30000,67800,2.26,0.04,95.06,,,FALSE,4/15/13,3/23/13,,
105-GY-T30,FPQ-11546,SO-44530,DN-3059,Guyana,PMO - US,From RDC,N/A - From RDC,Truck,ARV,Adult,SCMS from RDC,"Lamivudine 150mg, tablets, 60 Tabs",Lamivudine,Generic,150mg,Tablet,Hetero Unit III Hyderabad IN,85341,60,529,1052.71,1.99,0.03,1.3,,,FALSE,4/18/13,3/15/13,,
105-GY-T30,FPQ-11546,SO-44520,DN-3060,Guyana,PMO - US,From RDC,N/A - From RDC,Air,ARV,Adult,SCMS from RDC,"Lamivudine/Zidovudine 150/300mg, tablets, 60 Tabs",Lamivudine/Zidovudine,Generic,150/300mg,Tablet - FDC,"Aurobindo Unit III, India",85342,60,487,3540.49,7.27,0.12,4.38,,,FALSE,4/18/13,3/15/13,,
114-UG-T30,FPQ-11133,SO-43871,DN-3065,Uganda,PMO - US,From RDC,N/A - From RDC,Truck,ARV,Pediatric,SCMS from RDC,"Lamivudine/Zidovudine 30/60mg, tablets, 60 Tabs",Lamivudine/Zidovudine,Generic,30/60mg,Tablet - FDC,Mylan (formerly Matrix) Nashik,85343,60,2125,4802.5,2.26,0.04,5.94,,,FALSE,6/28/13,3/20/13,,
900-GY-T30,FPQ-11727,SO-44710,DN-3089,Guyana,PMO - US,From RDC,N/A - From RDC,Air,ARV,Adult,SCMS from RDC,"Nevirapine 200mg, tablets, 60 Tabs",Nevirapine,Generic,200mg,Tablet,Hetero Unit III Hyderabad IN,85345,60,3485,7876.1,2.26,0.04,9.74,214,3066.05,TRUE,3/25/13,3/28/13,,
102-ZW-T30,FPQ-10674,SO-43230,DN-3092,Zimbabwe,PMO - US,From RDC,N/A - From RDC,Truck,ARV,Adult,SCMS from RDC,"Lamivudine/Nevirapine/Zidovudine 150/200/300mg, tablets, 60 Tabs",Lamivudine/Nevirapine/Zidovudine,Generic,150/300/200mg,Tablet - FDC,Hetero Unit III Hyderabad IN,85346,60,73271,628665.2,8.58,0.14,881.39,,,FALSE,3/30/13,4/8/13,,
104-CI-T30,FPQ-10633,SO-43330,DN-3075,Côte d'Ivoire,PMO - US,From RDC,N/A - From RDC,Truck,ARV,Adult,SCMS from RDC,"Lamivudine/Nevirapine/Zidovudine 150/200/300mg, tablets, 60 Tabs",Lamivudine/Nevirapine/Zidovudine,Generic,150/300/200mg,Tablet - FDC,"Strides, Bangalore, India.",85347,60,50000,429000,8.58,0.14,601.46,,,FALSE,3/28/13,3/30/13,,
105-GY-T30,FPQ-11546,SO-44500,DN-3099,Guyana,PMO - US,From RDC,N/A - From RDC,Air,ARV,Pediatric,SCMS from RDC,"Zidovudine 10mg/ml, oral solution w/syringe, Bottle, 240 ml",Zidovudine,Generic,10mg/ml,Oral solution,"Aurobindo Unit III, India",85348,240,397,833.7,2.1,0.01,1.03,,,FALSE,4/18/13,4/19/13,,
109-TZ-T30,FPQ-11393,SO-44370,DN-3104,Tanzania,PMO - US,From RDC,N/A - From RDC,Truck,ARV,Adult,SCMS from RDC,"Emtricitabine/Tenofovir Disoproxil Fumarate 200/300mg, tablets, 30 Tabs",Emtricitabine/Tenofovir Disoproxil Fumarate,Generic,200/300mg,Tablet - FDC,Mylan (formerly Matrix) Nashik,85349,30,31512,191277.84,6.07,0.2,236.61,2635,3300.95,TRUE,5/31/13,4/22/13,,
114-UG-T30,FPQ-11902,SO-44790,DN-3105,Uganda,PMO - US,From RDC,N/A - From RDC,Truck,ARV,Pediatric,SCMS from RDC,"Nevirapine 10mg/ml, oral suspension w/syringe, Bottle, 240 ml",Nevirapine,Generic,10mg/ml,Oral suspension,"Aurobindo Unit III, India",85350,240,36229,70646.55,1.95,0.01,87.39,13310,12203.29,TRUE,4/16/13,4/25/13,,
109-TZ-T30,FPQ-10545,SO-43122,DN-3111,Tanzania,PMO - US,From RDC,N/A - From RDC,Truck,ARV,Adult,SCMS from RDC,"Tenofovir Disoproxil Fumarate 300mg, tablets, 30 Tabs",Tenofovir Disoproxil Fumarate,Generic,300mg,Tablet,Mylan (formerly Matrix) Nashik,85351,30,1980,7999.2,4.04,0.13,11.21,126,1382,TRUE,5/31/13,5/9/13,,
102-DO-T30,FPQ-11791,SO-44740,DN-3117,Dominican Republic,PMO - US,From RDC,N/A - From RDC,Air,ARV,Adult,SCMS from RDC,"Lamivudine/Tenofovir Disoproxil Fumarate 300/300mg, tablets, 30 Tabs",Lamivudine/Tenofovir Disoproxil Fumarate,Generic,300/300mg,Tablet - FDC,Hetero Unit III Hyderabad IN,85352,30,8250,38775,4.7,0.16,47.96,,,FALSE,4/24/13,5/21/13,,
102-BI-T30,FPQ-11661,SO-44670,DN-3118,Burundi,PMO - US,From RDC,N/A - From RDC,Air,ARV,Adult,SCMS from RDC,"Nevirapine 200mg, tablets, 60 Tabs",Nevirapine,Generic,200mg,Tablet,Hetero Unit III Hyderabad IN,85353,60,450,1017,2.26,0.04,1.26,,,FALSE,5/31/13,5/23/13,,
114-UG-T30,FPQ-11133,SO-43890,DN-3122,Uganda,PMO - US,From RDC,N/A - From RDC,Truck,ARV,Adult,SCMS from RDC,"Efavirenz 600mg, tablets, 30 Tabs",Efavirenz,Generic,600mg,Tablet,"Strides, Bangalore, India.",85354,30,24912,82956.96,3.33,0.11,102.62,,,FALSE,6/7/13,6/7/13,,
114-UG-T30,FPQ-11133,SO-43890,DN-3122,Uganda,PMO - US,From RDC,N/A - From RDC,Truck,ARV,Adult,SCMS from RDC,"Lamivudine/Nevirapine/Zidovudine 150/200/300mg, tablets, 60 Tabs",Lamivudine/Nevirapine/Zidovudine,Generic,150/300/200mg,Tablet - FDC,Hetero Unit III Hyderabad IN,85355,60,68736,589754.9,8.58,0.14,729.53,,,FALSE,6/7/13,6/7/13,,
103-SS-T30,FPQ-11489,SO-44630,DN-3125,South Sudan,PMO - US,From RDC,N/A - From RDC,Air,ARV,Adult,SCMS from RDC,"Efavirenz/Lamivudine/Tenofovir Disoproxil Fumarate 600/300/300mg, tablets, 30 Tabs",Efavirenz/Lamivudine/Tenofovir Disoproxil Fumarate,Generic,600/300/300mg,Tablet - FDC,Hetero Unit III Hyderabad IN,85356,30,1278,13444.56,10.52,0.35,16.63,,,FALSE,4/30/13,4/24/13,,
114-UG-T30,FPQ-11133,SO-43880,DN-3127,Uganda,PMO - US,From RDC,N/A - From RDC,Truck,ARV,Adult,SCMS from RDC,"Lamivudine/Tenofovir Disoproxil Fumarate 300/300mg, tablets, 30 Tabs",Lamivudine/Tenofovir Disoproxil Fumarate,Generic,300/300mg,Tablet - FDC,"Aurobindo Unit VII, IN",85357,30,26940,126618,4.7,0.16,156.63,2517,11803.13,TRUE,6/4/13,6/4/13,,
111-MZ-T30,FPQ-11033,SO-43820,DN-3133,Mozambique,PMO - US,From RDC,N/A - From RDC,Truck,ARV,Pediatric,SCMS from RDC,"Zidovudine 10mg/ml, oral solution w/syringe, Bottle, 240 ml",Zidovudine,Generic,10mg/ml,Oral solution,"Aurobindo Unit III, India",85358,240,13150,27615,2.1,0.01,34.16,,,FALSE,7/21/13,7/26/13,,
114-UG-T30,FPQ-11133,SO-43872,DN-3137,Uganda,PMO - US,From RDC,N/A - From RDC,Truck,ARV,Pediatric,SCMS from RDC,"Lamivudine/Nevirapine/Zidovudine 30/50/60mg, dispersible tablets, 60 Tabs",Lamivudine/Nevirapine/Zidovudine,Generic,30/50/60mg,Chewable/dispersible tablet - FDC,Mylan (formerly Matrix) Nashik,85359,60,5861,24323.15,4.15,0.07,30.09,345,3426.68,TRUE,6/28/13,5/15/13,,
151-NG-T30,FPQ-10477,SO-43040,DN-3138,Nigeria,PMO - US,From RDC,N/A - From RDC,Air Charter,ARV,Adult,SCMS from RDC,"Efavirenz/Emtricitabine/Tenofovir Disoproxil Fumarate 600/200/300mg, tablets, 30 Tabs",Efavirenz/Emtricitabine/Tenofovir Disoproxil Fumarate,Generic,600/200/300mg,Tablet - FDC,"Cipla, Goa, India",85360,30,59615,772610.4,12.96,0.43,1083.2,7722,14547.55,TRUE,5/6/13,5/3/13,,
151-NG-T30,FPQ-11022,SO-43845,DN-3140,Nigeria,PMO - US,From RDC,N/A - From RDC,Air Charter,ARV,Pediatric,SCMS from RDC,"Lamivudine/Zidovudine 30/60mg, tablets, 60 Tabs",Lamivudine/Zidovudine,Generic,30/60mg,Tablet - FDC,"Aurobindo Unit III, India",85361,60,9627,21757.02,2.26,0.04,26.91,486,14547.55,TRUE,5/21/13,5/2/13,,
107-RW-T30,FPQ-11807,SO-44760,DN-3159,Rwanda,PMO - US,From RDC,N/A - From RDC,Air,ARV,Pediatric,SCMS from RDC,"Zidovudine 10mg/ml, oral solution w/syringe, Bottle, 240 ml",Zidovudine,Generic,10mg/ml,Oral solution,"Aurobindo Unit III, India",85362,240,3000,6300,2.1,0.01,7.79,1151,7086.88,TRUE,6/28/13,5/24/13,,
151-NG-T30,FPQ-11022,SO-45190,DN-3170,Nigeria,PMO - US,From RDC,N/A - From RDC,Air Charter,ARV,Adult,SCMS from RDC,"Lamivudine/Nevirapine/Zidovudine 150/200/300mg, tablets, 60 Tabs",Lamivudine/Nevirapine/Zidovudine,Generic,150/300/200mg,Tablet - FDC,Hetero Unit III Hyderabad IN,85363,60,31132,267112.56,8.58,0.14,330.42,5041,20666.08,TRUE,5/21/13,5/10/13,,
111-MZ-T30,FPQ-11884,SO-44861,DN-3181,Mozambique,PMO - US,From RDC,N/A - From RDC,Truck,ARV,Adult,SCMS from RDC,"Abacavir 300mg, tablets, 60 Tabs",Abacavir,Generic,300mg,Tablet,Mylan (formerly Matrix) Nashik,85365,60,10000,129600,12.96,0.22,160.32,1033,7951.22,TRUE,9/30/13,8/8/13,,
110-ZM-T30,FPQ-10728,SO-43460,DN-3186,Zambia,PMO - US,From RDC,N/A - From RDC,Truck,ARV,Adult,SCMS from RDC,"Lamivudine/Zidovudine 150/300mg, tablets, 60 Tabs",Lamivudine/Zidovudine,Generic,150/300mg,Tablet - FDC,Hetero Unit III Hyderabad IN,85367,60,92492,647444,7,0.12,907.72,,,FALSE,6/28/13,6/7/13,,
111-MZ-T30,FPQ-11033,SO-43770,DN-3182,Mozambique,PMO - US,From RDC,N/A - From RDC,Truck,ARV,Adult,SCMS from RDC,"Lamivudine/Nevirapine/Zidovudine 150/200/300mg, tablets, 60 Tabs",Lamivudine/Nevirapine/Zidovudine,Generic,150/300/200mg,Tablet - FDC,Hetero Unit III Hyderabad IN,85368,60,50000,429000,8.58,0.14,530.67,,,FALSE,7/26/13,7/26/13,,
151-NG-T30,FPQ-11022,SO-43850,DN-3199,Nigeria,PMO - US,From RDC,N/A - From RDC,Air Charter,ARV,Adult,SCMS from RDC,"Efavirenz 600mg, tablets, 30 Tabs",Efavirenz,Generic,600mg,Tablet,"Aurobindo Unit VII, IN",85369,30,1428,4755.24,3.33,0.11,5.88,,,FALSE,6/4/13,5/29/13,,
151-NG-T30,FPQ-11022,SO-43850,DN-3199,Nigeria,PMO - US,From RDC,N/A - From RDC,Air Charter,ARV,Adult,SCMS from RDC,"Efavirenz 600mg, tablets, 30 Tabs",Efavirenz,Generic,600mg,Tablet,"Hetero, Jadcherla, unit 5, IN",85370,30,60000,199800,3.33,0.11,247.15,,,FALSE,6/4/13,5/29/13,,
110-ZM-T30,FPQ-11032,SO-43831,DN-3204,Zambia,PMO - US,From RDC,N/A - From RDC,Truck,ARV,Adult,SCMS from RDC,"Efavirenz/Emtricitabine/Tenofovir Disoproxil Fumarate 600/200/300mg, tablets, 30 Tabs",Efavirenz/Emtricitabine/Tenofovir Disoproxil Fumarate,Generic,600/200/300mg,Tablet - FDC,"Cipla, Goa, India",85371,30,53787,697079.5,12.96,0.43,862.29,6342,42040.3,TRUE,7/23/13,8/6/13,,
110-ZM-T30,FPQ-10728,SO-43461,DN-3210,Zambia,PMO - US,From RDC,N/A - From RDC,Truck,ARV,Adult,SCMS from RDC,"Lamivudine/Zidovudine 150/300mg, tablets, 60 Tabs",Lamivudine/Zidovudine,Generic,150/300mg,Tablet - FDC,"Cipla, Goa, India",85373,60,107832,754824,7,0.12,1058.26,8744,12651.44,TRUE,11/5/13,11/5/13,,
113-ZW-T30,FPQ-11545,SO-44340,DN-3231,Zimbabwe,PMO - US,From RDC,N/A - From RDC,Truck,ARV,Adult,SCMS from RDC,"Nevirapine 200mg, tablets, 60 Tabs",Nevirapine,Generic,200mg,Tablet,Hetero Unit III Hyderabad IN,85376,60,10227,23113.02,2.26,0.04,28.59,,,FALSE,7/31/13,8/6/13,,
113-ZW-T30,FPQ-11545,SO-44340,DN-3231,Zimbabwe,PMO - US,From RDC,N/A - From RDC,Truck,ARV,Adult,SCMS from RDC,"Nevirapine 200mg, tablets, 60 Tabs",Nevirapine,Generic,200mg,Tablet,"Cipla, Goa, India",85377,60,98203,221938.78,2.26,0.04,274.54,,,FALSE,7/31/13,8/6/13,,
103-ZW-T30,FPQ-11478,SO-44290,DN-3232,Zimbabwe,PMO - US,From RDC,N/A - From RDC,Truck,ARV,Pediatric,SCMS from RDC,"Lamivudine/Nevirapine/Zidovudine 30/50/60mg, dispersible tablets, 60 Tabs",Lamivudine/Nevirapine/Zidovudine,Generic,30/50/60mg,Chewable/dispersible tablet - FDC,Mylan (formerly Matrix) Nashik,85378,60,49000,203350,4.15,0.07,251.54,3573,11133.66,TRUE,7/30/13,8/6/13,,
109-TZ-T30,FPQ-12015,SO-44992,DN-3255,Tanzania,PMO - US,From RDC,N/A - From RDC,Truck,ARV,Pediatric,SCMS from RDC,"Abacavir/Lamivudine 60/30mg, tablets, 60 Tabs",Abacavir/Lamivudine,Generic,60/30mg,Tablet - FDC,Mylan (formerly Matrix) Nashik,85381,60,578,2312,4,0.07,2.86,24,1506.5,TRUE,9/11/13,9/11/13,,
110-ZM-T30,FPQ-12066,SO-45061,DN-3258,Zambia,PMO - US,From RDC,N/A - From RDC,Truck,ARV,Adult,SCMS from RDC,"Abacavir 300mg, tablets, 60 Tabs",Abacavir,Generic,300mg,Tablet,"Aurobindo Unit III, India",85382,60,5410,70113.6,12.96,0.22,86.73,,,FALSE,9/6/13,7/30/13,,
900-SS-T30,FPQ-11637,SO-44701,DN-3259,South Sudan,PMO - US,From RDC,N/A - From RDC,Truck,ARV,Adult,SCMS from RDC,"Lamivudine/Zidovudine 150/300mg, tablets, 60 Tabs",Lamivudine/Zidovudine,Generic,150/300mg,Tablet - FDC,Hetero Unit III Hyderabad IN,85383,60,240,1744.8,7.27,0.12,2.16,,,FALSE,8/26/13,8/26/13,,
109-TZ-T30,FPQ-12536,SO-45970,DN-3266,Tanzania,PMO - US,From RDC,N/A - From RDC,Air,ARV,Adult,SCMS from RDC,"Lamivudine/Nevirapine/Zidovudine 150/200/300mg, tablets, 60 Tabs",Lamivudine/Nevirapine/Zidovudine,Generic,150/300/200mg,Tablet - FDC,"Cipla, Goa, India",85384,60,60000,495600,8.26,0.14,613.06,7857,40857.69,TRUE,10/16/13,9/5/13,,
114-UG-T30,FPQ-12473,SO-45870,DN-3267,Uganda,PMO - US,From RDC,N/A - From RDC,Air,ARV,Adult,SCMS from RDC,"Lamivudine/Nevirapine/Zidovudine 150/200/300mg, tablets, 60 Tabs",Lamivudine/Nevirapine/Zidovudine,Generic,150/300/200mg,Tablet - FDC,"Cipla, Goa, India",85385,60,100000,858000,8.58,0.14,1061.35,,,FALSE,8/29/13,9/13/13,,
101-CD-T30,FPQ-12033,SO-45020,DN-3268,"Congo, DRC",PMO - US,From RDC,N/A - From RDC,Air,ARV,Adult,SCMS from RDC,"Abacavir 300mg, tablets, 60 Tabs",Abacavir,Generic,300mg,Tablet,Mylan (formerly Matrix) Nashik,85386,60,379,4911.84,12.96,0.22,6.08,,,FALSE,8/27/13,2/8/14,,
101-CD-T30,FPQ-12033,SO-45020,DN-3268,"Congo, DRC",PMO - US,From RDC,N/A - From RDC,Air,ARV,Adult,SCMS from RDC,"Lamivudine 150mg, tablets, 60 Tabs",Lamivudine,Generic,150mg,Tablet,Hetero Unit III Hyderabad IN,85387,60,373,742.27,1.99,0.03,0.92,,,FALSE,8/27/13,2/8/14,,
102-BI-T30,FPQ-12065,SO-45180,DN-3234,Burundi,PMO - US,From RDC,N/A - From RDC,Air,ARV,Pediatric,SCMS from RDC,"Lamivudine 10mg/ml, oral solution w/syringe, Bottle, 240 ml",Lamivudine,Generic,10mg/ml,Oral solution,"Aurobindo Unit III, India",85388,240,927,1714.95,1.85,0.01,2.12,891,4674.58,TRUE,7/9/13,8/23/13,,
102-BI-T30,FPQ-12065,SO-45180,DN-3234,Burundi,PMO - US,From RDC,N/A - From RDC,Air,ARV,Pediatric,SCMS from RDC,"Zidovudine 10mg/ml, oral solution w/syringe, Bottle, 240 ml",Zidovudine,Generic,10mg/ml,Oral solution,"Aurobindo Unit III, India",85389,240,1480,3108,2.1,0.01,3.84,,,FALSE,7/9/13,8/23/13,,
101-CD-T30,FPQ-12088,SO-45030,DN-3269,"Congo, DRC",PMO - US,From RDC,N/A - From RDC,Air,ARV,Pediatric,SCMS from RDC,"Lamivudine/Zidovudine 30/60mg, tablets, 60 Tabs",Lamivudine/Zidovudine,Generic,30/60mg,Tablet - FDC,"Aurobindo Unit III, India",85390,60,1413,3193.38,2.26,0.04,3.95,,,FALSE,8/28/13,2/8/14,,
101-CD-T30,FPQ-12088,SO-45030,DN-3269,"Congo, DRC",PMO - US,From RDC,N/A - From RDC,Air,ARV,Pediatric,SCMS from RDC,"Lamivudine/Nevirapine/Zidovudine 30/50/60mg, dispersible tablets, 60 Tabs",Lamivudine/Nevirapine/Zidovudine,Generic,30/50/60mg,Chewable/dispersible tablet - FDC,Mylan (formerly Matrix) Nashik,85391,60,5076,21065.4,4.15,0.07,26.06,,,FALSE,8/28/13,2/8/14,,
101-CD-T30,FPQ-12088,SO-45030,DN-3269,"Congo, DRC",PMO - US,From RDC,N/A - From RDC,Air,ARV,Pediatric,SCMS from RDC,"Abacavir/Lamivudine 60/30mg, tablets, 60 Tabs",Abacavir/Lamivudine,Generic,60/30mg,Tablet - FDC,Mylan (formerly Matrix) Nashik,85392,60,40,160,4,0.07,0.2,,,FALSE,8/28/13,2/8/14,,
114-UG-T30,FPQ-12253,SO-45480,DN-3270,Uganda,PMO - US,From RDC,N/A - From RDC,Air,ARV,Adult,SCMS from RDC,"Lamivudine/Nevirapine/Zidovudine 150/200/300mg, tablets, 60 Tabs",Lamivudine/Nevirapine/Zidovudine,Generic,150/300/200mg,Tablet - FDC,Mylan (formerly Matrix) Nashik,85393,60,50000,413000,8.26,0.14,510.88,6481,36226.26,TRUE,9/5/13,9/5/13,,
114-UG-T30,FPQ-12253,SO-45460,DN-3271,Uganda,PMO - US,From RDC,N/A - From RDC,Air,ARV,Adult,SCMS from RDC,"Lamivudine/Nevirapine/Zidovudine 150/200/300mg, tablets, 60 Tabs",Lamivudine/Nevirapine/Zidovudine,Generic,150/300/200mg,Tablet - FDC,Hetero Unit III Hyderabad IN,85394,60,59680,512054.4,8.58,0.14,633.41,9886,58707,TRUE,9/2/13,9/2/13,,
111-MZ-T30,FPQ-11033,SO-43780,DN-3281,Mozambique,PMO - US,From RDC,N/A - From RDC,Truck,ARV,Adult,SCMS from RDC,"Lamivudine/Nevirapine/Stavudine 150/200/30mg, tablets, 60 Tabs",Lamivudine/Nevirapine/Stavudine,Generic,150/200/30mg,Tablet - FDC,"Strides, Bangalore, India.",85396,60,13100,61570,4.7,0.08,76.16,,,FALSE,9/27/13,9/27/13,,
102-BI-T30,FPQ-12065,SO-45150,DN-3284,Burundi,PMO - US,From RDC,N/A - From RDC,Air,ARV,Adult,SCMS from RDC,"Emtricitabine/Tenofovir Disoproxil Fumarate 200/300mg, tablets, 30 Tabs",Emtricitabine/Tenofovir Disoproxil Fumarate,Generic,200/300mg,Tablet - FDC,"Aurobindo Unit III, India",85397,30,2562,15551.34,6.07,0.2,19.24,240,1634.38,TRUE,8/30/13,8/27/13,,
109-TZ-T30,FPQ-11393,SO-44380,DN-3309,Tanzania,PMO - US,From RDC,N/A - From RDC,Truck,ARV,Pediatric,SCMS from RDC,"Nevirapine 10mg/ml, oral suspension w/syringe, Bottle, 240 ml",Nevirapine,Generic,10mg/ml,Oral suspension,"Aurobindo Unit III, India",85398,240,14146,27584.7,1.95,0.01,34.12,5475,17114.5,TRUE,10/15/13,9/5/13,,
151-NG-T30,FPQ-11864,SO-44931,DN-3324,Nigeria,PMO - US,From RDC,N/A - From RDC,Air Charter,ARV,Adult,SCMS from RDC,"Lamivudine/Nevirapine/Zidovudine 150/200/300mg, tablets, 60 Tabs",Lamivudine/Nevirapine/Zidovudine,Generic,150/300/200mg,Tablet - FDC,"Strides, Bangalore, India.",85399,60,80000,686400,8.58,0.14,849.08,,,FALSE,9/18/13,9/12/13,,
110-ZM-T30,FPQ-12066,SO-45060,DN-3327,Zambia,PMO - US,From RDC,N/A - From RDC,Truck,ARV,Adult,SCMS from RDC,"Abacavir 300mg, tablets, 60 Tabs",Abacavir,Generic,300mg,Tablet,Mylan (formerly Matrix) Nashik,85400,60,62000,710520,11.46,0.19,878.91,6795,14316.94,TRUE,9/30/13,9/17/13,,
104-CI-T30,FPQ-11253,SO-44201,DN-3329,Côte d'Ivoire,PMO - US,From RDC,N/A - From RDC,Truck,ARV,Adult,SCMS from RDC,"Lamivudine/Zidovudine 150/300mg, tablets, 60 Tabs",Lamivudine/Zidovudine,Generic,150/300mg,Tablet - FDC,"Cipla, Goa, India",85401,60,19920,144818.4,7.27,0.12,179.14,,,FALSE,9/30/13,9/20/13,,
105-GY-T30,FPQ-12047,SO-45050,DN-3331,Guyana,PMO - US,From RDC,N/A - From RDC,Air,ARV,Pediatric,SCMS from RDC,"Zidovudine 10mg/ml, oral solution w/syringe, Bottle, 240 ml",Zidovudine,Generic,10mg/ml,Oral solution,"Aurobindo Unit III, India",85402,240,160,336,2.1,0.01,0.42,,,FALSE,9/30/13,10/4/13,,
103-DO-T30,FPQ-11920,SO-46150,DN-3355,Dominican Republic,PMO - US,From RDC,N/A - From RDC,Air,ARV,Adult,SCMS from RDC,"Efavirenz 600mg, tablets, 30 Tabs",Efavirenz,Generic,600mg,Tablet,"Aurobindo Unit III, India",85407,30,41083,136806.39,3.33,0.11,169.23,,,FALSE,10/29/13,10/10/13,,
100-ZM-T30,FPQ-12497,SO-45930,DN-3357,Zambia,PMO - US,From RDC,N/A - From RDC,Truck,ARV,Adult,SCMS from RDC,"Nevirapine 200mg, tablets, 60 Tabs",Nevirapine,Generic,200mg,Tablet,"Cipla, Goa, India",85408,60,35496,80220.96,2.26,0.04,99.23,,,FALSE,11/24/13,11/29/13,,
110-ZM-T30,FPQ-12066,SO-45092,DN-3362,Zambia,PMO - US,From RDC,N/A - From RDC,Truck,ARV,Adult,SCMS from RDC,"Nevirapine 200mg, tablets, 60 Tabs",Nevirapine,Generic,200mg,Tablet,"Micro labs, Verna, Goa, India",85409,60,80000,180800,2.26,0.04,223.65,6502,13300.01,TRUE,11/29/13,11/29/13,,
151-NG-T30,FPQ-11864,SO-44933,DN-3369,Nigeria,PMO - US,From RDC,N/A - From RDC,Air Charter,ARV,Adult,SCMS from RDC,"Lamivudine/Nevirapine/Zidovudine 150/200/300mg, tablets, 60 Tabs",Lamivudine/Nevirapine/Zidovudine,Generic,150/300/200mg,Tablet - FDC,"Cipla, Goa, India",85410,60,123700,1061346,8.58,0.14,1312.89,18882,20225.07,TRUE,10/31/13,10/14/13,,
104-CI-T30,FPQ-11253,SO-44210,DN-3371,Côte d'Ivoire,PMO - US,From RDC,N/A - From RDC,Truck,ARV,Pediatric,SCMS from RDC,"Zidovudine 10mg/ml, oral solution w/syringe, Bottle, 240 ml",Zidovudine,Generic,10mg/ml,Oral solution,"Aurobindo Unit III, India",85412,240,2000,4200,2.1,0.01,5.2,,,FALSE,10/31/13,10/22/13,,
110-ZM-T30,FPQ-12066,SO-45072,DN-3380,Zambia,PMO - US,From RDC,N/A - From RDC,Truck,ARV,Pediatric,SCMS from RDC,"Lamivudine/Nevirapine/Zidovudine 30/50/60mg, dispersible tablets, 60 Tabs",Lamivudine/Nevirapine/Zidovudine,Generic,30/50/60mg,Chewable/dispersible tablet - FDC,Mylan (formerly Matrix) Nashik,85413,60,20000,77800,3.89,0.06,96.24,117,5900,TRUE,10/31/13,1/24/14,,
102-BI-T30,FPQ-12602,SO-46050,DN-3383,Burundi,PMO - US,From RDC,N/A - From RDC,Air,ARV,Adult,SCMS from RDC,"Efavirenz/Lamivudine/Tenofovir Disoproxil Fumarate 600/300/300mg, tablets, 30 Tabs",Efavirenz/Lamivudine/Tenofovir Disoproxil Fumarate,Generic,600/300/300mg,Tablet - FDC,Hetero Unit III Hyderabad IN,85414,30,6120,68238,11.15,0.37,84.41,820,4581.26,TRUE,12/29/13,11/20/13,,
114-UG-T30,FPQ-12253,SO-45570,DN-3385,Uganda,PMO - US,From RDC,N/A - From RDC,Truck,ARV,Adult,SCMS from RDC,"Abacavir 300mg, tablets, 60 Tabs",Abacavir,Generic,300mg,Tablet,"Aurobindo Unit III, India",85415,60,990,11345.4,11.46,0.19,14.03,597,2279.5,TRUE,11/29/13,11/13/13,,
109-TZ-T30,FPQ-13042,SO-46680,DN-3401,Tanzania,PMO - US,From RDC,N/A - From RDC,Truck,ARV,Adult,SCMS from RDC,"Nevirapine 200mg, tablets, 60 Tabs",Nevirapine,Generic,200mg,Tablet,"Strides, Bangalore, India.",85419,60,72518,163890.69,2.26,0.04,202.73,,,FALSE,12/26/13,12/16/13,,
109-TZ-T30,FPQ-12587,SO-45993,DN-3407,Tanzania,PMO - US,From RDC,N/A - From RDC,Truck,ARV,Pediatric,SCMS from RDC,"Lamivudine/Nevirapine/Zidovudine 30/50/60mg, dispersible tablets, 60 Tabs",Lamivudine/Nevirapine/Zidovudine,Generic,30/50/60mg,Chewable/dispersible tablet - FDC,Mylan (formerly Matrix) Nashik,85420,60,50000,194500,3.89,0.06,240.6,2791,10167.54,TRUE,12/31/13,1/9/14,,
104-CI-T30,FPQ-12712,SO-46320,DN-3419,Côte d'Ivoire,PMO - US,From RDC,N/A - From RDC,Truck,ARV,Adult,SCMS from RDC,"Lamivudine 150mg, tablets, 60 Tabs",Lamivudine,Generic,150mg,Tablet,"Strides, Bangalore, India.",85421,60,4800,10704,2.23,0.04,13.24,216,4017.7,TRUE,11/18/13,12/2/13,,
105-GY-T30,FPQ-12619,SO-46070,DN-3408,Guyana,PMO - US,From RDC,N/A - From RDC,Air,ARV,Pediatric,SCMS from RDC,"Lamivudine 10mg/ml, oral solution w/syringe, Bottle, 240 ml",Lamivudine,Generic,10mg/ml,Oral solution,"Aurobindo Unit III, India",85422,240,81,117.45,1.45,0.01,0.15,32,728.3,TRUE,12/31/13,11/30/13,,
111-MZ-T30,FPQ-12416,SO-45894,DN-3439,Mozambique,PMO - US,From RDC,N/A - From RDC,Truck,ARV,Adult,SCMS from RDC,"Zidovudine 300mg, tablets, 60 Tabs",Zidovudine,Generic,300mg,Tablet,"Aurobindo Unit III, India",85423,60,33650,187767,5.58,0.09,232.27,6904,5816.46,TRUE,1/31/14,1/30/14,,
104-CI-T30,FPQ-13217,SO-47170,DN-3456,Côte d'Ivoire,PMO - US,From RDC,N/A - From RDC,Truck,ARV,Pediatric,SCMS from RDC,"Didanosine 200mg, [DON] delayed-release capsules, 30 Caps",Didanosine,Generic,200mg,Delayed-release capsules,"Aurobindo Unit III, India",85426,30,1200,0,0,0,0,80,1532.73,TRUE,1/7/14,12/14/13,,
109-TZ-T30,FPQ-12354,SO-45741,DN-3454,Tanzania,PMO - US,From RDC,N/A - From RDC,Truck,ARV,Adult,SCMS from RDC,"Efavirenz/Lamivudine/Tenofovir Disoproxil Fumarate 600/300/300mg, tablets, 30 Tabs",Efavirenz/Lamivudine/Tenofovir Disoproxil Fumarate,Generic,600/300/300mg,Tablet - FDC,Hetero Unit III Hyderabad IN,85427,30,5531,61670.65,11.15,0.37,76.29,,,FALSE,1/31/14,1/20/14,,
103-ZW-T30,FPQ-12086,SO-45130,DN-3457,Zimbabwe,PMO - US,From RDC,N/A - From RDC,Truck,ARV,Pediatric,SCMS from RDC,"Lamivudine/Nevirapine/Zidovudine 30/50/60mg, dispersible tablets, 60 Tabs",Lamivudine/Nevirapine/Zidovudine,Generic,30/50/60mg,Chewable/dispersible tablet - FDC,"Cipla, Goa, India",85428,60,88500,344265,3.89,0.06,425.86,,,FALSE,1/31/14,1/13/14,,
104-CI-T30,FPQ-12800,SO-46342,DN-3471,Côte d'Ivoire,PMO - US,From RDC,N/A - From RDC,Air,ARV,Adult,SCMS from RDC,"Lamivudine/Tenofovir Disoproxil Fumarate 300/300mg, tablets, 30 Tabs",Lamivudine/Tenofovir Disoproxil Fumarate,Generic,300/300mg,Tablet - FDC,"Cipla, Kurkumbh, India",85429,30,9744,45796.8,4.7,0.16,56.65,989,12924.8,TRUE,1/17/14,1/17/14,,
102-BI-T30,FPQ-12602,SO-46020,DN-3381,Burundi,PMO - US,From RDC,N/A - From RDC,Air,ARV,Adult,SCMS from RDC,"Nevirapine 200mg, tablets, 60 Tabs",Nevirapine,Generic,200mg,Tablet,"Strides, Bangalore, India.",85430,60,687,1552.62,2.26,0.04,1.92,,,FALSE,11/15/13,11/22/13,,
111-MZ-T30,FPQ-12416,SO-45896,DN-3483,Mozambique,PMO - US,From RDC,N/A - From RDC,Truck,ARV,Adult,SCMS from RDC,"Lamivudine/Zidovudine 150/300mg, tablets, 60 Tabs",Lamivudine/Zidovudine,Generic,150/300mg,Tablet - FDC,"Cipla, Goa, India",85431,60,34552,232534.95,6.73,0.11,287.65,,,FALSE,1/31/14,2/10/14,,
103-SS-T30,FPQ-13173,SO-47110,DN-3493,South Sudan,PMO - US,From RDC,N/A - From RDC,Air,ARV,Pediatric,SCMS from RDC,"Efavirenz 200mg, scored tablets, 90 Tabs",Efavirenz,Generic,200mg,Tablet,"Strides, Bangalore, India.",85432,90,66,613.8,9.3,0.1,0.63,,,FALSE,1/22/14,2/11/14,,
151-NG-T30,FPQ-12248,SO-45663,DN-3494,Nigeria,PMO - US,From RDC,N/A - From RDC,Air Charter,ARV,Adult,SCMS from RDC,"Efavirenz/Lamivudine/Tenofovir Disoproxil Fumarate 600/300/300mg, tablets, 30 Tabs",Efavirenz/Lamivudine/Tenofovir Disoproxil Fumarate,Generic,600/300/300mg,Tablet - FDC,Mylan (formerly Matrix) Nashik,85433,30,249986,2787344,11.15,0.37,3447.94,,,FALSE,1/17/14,1/10/14,,
104-CI-T30,FPQ-12144,SO-45611,DN-3512,Côte d'Ivoire,PMO - US,From RDC,N/A - From RDC,Truck,ARV,Adult,SCMS from RDC,"Efavirenz/Lamivudine/Tenofovir Disoproxil Fumarate 600/300/300mg, tablets, 30 Tabs",Efavirenz/Lamivudine/Tenofovir Disoproxil Fumarate,Generic,600/300/300mg,Tablet - FDC,Hetero Unit III Hyderabad IN,85436,30,50510,549043.7,10.87,0.36,679.17,6766,18278.07,TRUE,2/15/14,2/18/14,,
111-MZ-T30,FPQ-12421,SO-45901,DN-3526,Mozambique,PMO - US,From RDC,N/A - From RDC,Truck,ARV,Adult,SCMS from RDC,"Efavirenz/Lamivudine/Tenofovir Disoproxil Fumarate 600/300/300mg, tablets, 30 Tabs",Efavirenz/Lamivudine/Tenofovir Disoproxil Fumarate,Generic,600/300/300mg,Tablet - FDC,"Aurobindo Unit VII, IN",85437,30,103129,1121012.2,10.87,0.36,1386.69,,,FALSE,3/10/14,2/20/14,,
114-UG-T30,FPQ-13108,SO-46881,DN-3527,Uganda,PMO - US,From RDC,N/A - From RDC,Air,ARV,Adult,SCMS from RDC,"Nevirapine 200mg, tablets, 60 Tabs",Nevirapine,Generic,200mg,Tablet,"Strides, Bangalore, India.",85438,60,23819,53830.94,2.26,0.04,55.34,1447,8854.24,TRUE,2/28/14,2/21/14,,
111-MZ-T30,FPQ-13123,SO-47081,DN-3558,Mozambique,PMO - US,From RDC,N/A - From RDC,Truck,ARV,Adult,SCMS from RDC,"Lamivudine/Tenofovir Disoproxil Fumarate 300/300mg, tablets, 30 Tabs",Lamivudine/Tenofovir Disoproxil Fumarate,Generic,300/300mg,Tablet - FDC,"Cipla, Kurkumbh, India",85440,30,1638,7698.6,4.7,0.16,7.91,,,FALSE,4/15/14,3/28/14,,
104-CI-T30,FPQ-10633,SO-43341,DN-3569,Côte d'Ivoire,PMO - US,From RDC,N/A - From RDC,Truck,ARV,Adult,SCMS from RDC,"Efavirenz 600mg, tablets, 30 Tabs",Efavirenz,Generic,600mg,Tablet,"Strides, Bangalore, India.",85444,30,72300,240759,3.33,0.11,337.54,4392,18607.76,TRUE,3/31/14,3/26/14,,
103-ZW-T30,FPQ-12086,SO-45140,DN-3571,Zimbabwe,PMO - US,From RDC,N/A - From RDC,Truck,ARV,Pediatric,SCMS from RDC,"Lamivudine/Nevirapine/Zidovudine 30/50/60mg, dispersible tablets, 60 Tabs",Lamivudine/Nevirapine/Zidovudine,Generic,30/50/60mg,Chewable/dispersible tablet - FDC,Mylan (formerly Matrix) Nashik,85445,60,290000,1087500,3.75,0.06,1345.24,16192,18090.64,TRUE,3/31/14,3/24/14,,
105-GH-T30,FPQ-13609,SO-47940,DN-3576,Ghana,PMO - US,From RDC,N/A - From RDC,Truck,ARV,Adult,SCMS from RDC,"Efavirenz 600mg, tablets, 30 Tabs",Efavirenz,Generic,600mg,Tablet,"Strides, Bangalore, India.",85446,30,24996,83236.68,3.33,0.11,85.57,,,FALSE,3/20/14,3/14/14,,
105-GH-T30,FPQ-13609,SO-47940,DN-3576,Ghana,PMO - US,From RDC,N/A - From RDC,Truck,ARV,Adult,SCMS from RDC,"Efavirenz/Lamivudine/Tenofovir Disoproxil Fumarate 600/300/300mg, tablets, 30 Tabs",Efavirenz/Lamivudine/Tenofovir Disoproxil Fumarate,Generic,600/300/300mg,Tablet - FDC,Mylan (formerly Matrix) Nashik,85447,30,47158,512607.47,10.87,0.36,526.96,,,FALSE,3/20/14,3/14/14,,
107-RW-T30,FPQ-12766,SO-46480,DN-3579,Rwanda,PMO - US,From RDC,N/A - From RDC,Truck,ARV,Adult,SCMS from RDC,"Lamivudine/Tenofovir Disoproxil Fumarate 300/300mg, tablets, 30 Tabs",Lamivudine/Tenofovir Disoproxil Fumarate,Generic,300/300mg,Tablet - FDC,Hetero Unit III Hyderabad IN,85448,30,36406,171108.2,4.7,0.16,211.66,,,FALSE,3/28/14,4/2/14,,
111-MZ-T30,FPQ-13123,SO-47083,DN-3580,Mozambique,PMO - US,From RDC,N/A - From RDC,Truck,ARV,Adult,SCMS from RDC,"Lamivudine/Nevirapine/Zidovudine 150/200/300mg, tablets, 60 Tabs",Lamivudine/Nevirapine/Zidovudine,Generic,150/300/200mg,Tablet - FDC,Mylan (formerly Matrix) Nashik,85449,60,95,784.7,8.26,0.14,0.81,,,FALSE,4/15/14,4/14/14,,
105-GH-T30,FPQ-13609,SO-47930,DN-3590,Ghana,PMO - US,From RDC,N/A - From RDC,Air,ARV,Adult,SCMS from RDC,"Lamivudine/Tenofovir Disoproxil Fumarate 300/300mg, tablets, 30 Tabs",Lamivudine/Tenofovir Disoproxil Fumarate,Generic,300/300mg,Tablet - FDC,Hetero Unit III Hyderabad IN,85451,30,34224,160852.8,4.7,0.16,165.36,,,FALSE,4/7/14,4/7/14,,
104-CI-T30,FPQ-12144,SO-45630,DN-3598,Côte d'Ivoire,PMO - US,From RDC,N/A - From RDC,Truck,ARV,Adult,SCMS from RDC,"Lamivudine/Tenofovir Disoproxil Fumarate 300/300mg, tablets, 30 Tabs",Lamivudine/Tenofovir Disoproxil Fumarate,Generic,300/300mg,Tablet - FDC,Hetero Unit III Hyderabad IN,85452,30,6377,29971.9,4.7,0.16,37.08,833,4730.18,TRUE,4/10/14,4/10/14,,
104-CI-T30,FPQ-12800,SO-46380,DN-3601,Côte d'Ivoire,PMO - US,From RDC,N/A - From RDC,Air,ARV,Adult,SCMS from RDC,"Lamivudine 150mg, tablets, 60 Tabs",Lamivudine,Generic,150mg,Tablet,"Aurobindo Unit III, India",85453,60,1481,3184.15,2.15,0.04,3.94,141,1400,TRUE,3/31/14,4/14/14,,
111-MZ-T30,FPQ-13575,SO-47701,DN-3623,Mozambique,PMO - US,From RDC,N/A - From RDC,Truck,ARV,Adult,SCMS from RDC,"Lamivudine/Tenofovir Disoproxil Fumarate 300/300mg, tablets, 30 Tabs",Lamivudine/Tenofovir Disoproxil Fumarate,Generic,300/300mg,Tablet - FDC,Hetero Unit III Hyderabad IN,85454,30,3456,16243.2,4.7,0.16,16.7,358,3590,TRUE,8/31/14,6/3/14,,
110-ZM-T30,FPQ-13221,SO-47202,DN-3625,Zambia,PMO - US,From RDC,N/A - From RDC,Truck,ARV,Adult,SCMS from RDC,"Lopinavir/Ritonavir 200/50mg, tablets, 120 Tabs",Lopinavir/Ritonavir,Generic,200/50mg,Tablet,Mylan (formerly Matrix) Nashik,85455,120,3599,73707.52,20.48,0.17,75.77,,,FALSE,5/6/14,6/4/14,,
105-GY-T30,FPQ-13567,SO-47730,DN-3626,Guyana,PMO - US,From RDC,N/A - From RDC,Air,ARV,Pediatric,SCMS from RDC,"Lamivudine 10mg/ml, oral solution w/syringe, Bottle, 240 ml",Lamivudine,Generic,10mg/ml,Oral solution,"Aurobindo Unit III, India",85456,240,144,205.92,1.43,0.01,0.21,,,FALSE,6/30/14,4/14/14,,
109-TZ-T30,FPQ-13566,SO-47653,DN-3629,Tanzania,PMO - US,From RDC,N/A - From RDC,Truck,ARV,Adult,SCMS from RDC,"Efavirenz/Emtricitabine/Tenofovir Disoproxil Fumarate 600/200/300mg, tablets, 30 Tabs",Efavirenz/Emtricitabine/Tenofovir Disoproxil Fumarate,Generic,600/200/300mg,Tablet - FDC,"Hetero, Jadcherla, unit 5, IN",85457,30,76134,905233.25,11.89,0.4,930.58,9400,43758.8,TRUE,6/30/14,8/15/14,,
104-CI-T30,FPQ-12144,SO-45641,DN-3631,Côte d'Ivoire,PMO - US,From RDC,N/A - From RDC,Truck,ARV,Adult,SCMS from RDC,"Lopinavir/Ritonavir 200/50mg, tablets, 120 Tabs",Lopinavir/Ritonavir,Generic,200/50mg,Tablet,Mylan (formerly Matrix) Nashik,85458,120,964,19318.56,20.04,0.17,23.9,6705,27664.61,TRUE,5/30/14,4/23/14,,
104-CI-T30,FPQ-13142,SO-47131,DN-3632,Côte d'Ivoire,PMO - US,From RDC,N/A - From RDC,Truck,ARV,Adult,SCMS from RDC,"Abacavir 300mg, tablets, 60 Tabs",Abacavir,Generic,300mg,Tablet,"Aurobindo Unit III, India",85459,60,10620,119262.6,11.23,0.19,122.6,,,FALSE,4/30/14,4/25/14,,
104-CI-T30,FPQ-13142,SO-47151,DN-3633,Côte d'Ivoire,PMO - US,From RDC,N/A - From RDC,Truck,ARV,Adult,SCMS from RDC,"Efavirenz/Lamivudine/Tenofovir Disoproxil Fumarate 600/300/300mg, tablets, 30 Tabs",Efavirenz/Lamivudine/Tenofovir Disoproxil Fumarate,Generic,600/300/300mg,Tablet - FDC,Hetero Unit III Hyderabad IN,85460,30,30000,323400,10.78,0.36,332.46,,,FALSE,4/30/14,4/22/14,,
109-TZ-T30,FPQ-12587,SO-48290,DN-3646,Tanzania,PMO - US,From RDC,N/A - From RDC,Truck,ARV,Adult,SCMS from RDC,"Emtricitabine/Tenofovir Disoproxil Fumarate 200/300mg, tablets, 30 Tabs",Emtricitabine/Tenofovir Disoproxil Fumarate,Generic,200/300mg,Tablet - FDC,"Aurobindo Unit III, India",85461,30,1542,8851.08,5.74,0.19,10.95,9400,2317.16,TRUE,9/15/14,9/25/14,,
110-ZM-T30,FPQ-13221,SO-47201,DN-3648,Zambia,PMO - US,From RDC,N/A - From RDC,Truck,ARV,Adult,SCMS from RDC,"Lamivudine/Tenofovir Disoproxil Fumarate 300/300mg, tablets, 30 Tabs",Lamivudine/Tenofovir Disoproxil Fumarate,Generic,300/300mg,Tablet - FDC,Hetero Unit III Hyderabad IN,85462,30,123856,574691.8,4.64,0.15,590.78,,,FALSE,5/6/14,5/19/14,,
111-MZ-T30,FPQ-13123,SO-47085,DN-3652,Mozambique,PMO - US,From RDC,N/A - From RDC,Truck,ARV,Adult,SCMS from RDC,"Lamivudine/Nevirapine/Zidovudine 150/200/300mg, tablets, 60 Tabs",Lamivudine/Nevirapine/Zidovudine,Generic,150/300/200mg,Tablet - FDC,Hetero Unit III Hyderabad IN,85463,60,100000,811000,8.11,0.14,833.71,48109,30202.86,TRUE,6/16/14,5/23/14,,
111-MZ-T30,FPQ-13123,SO-47085,DN-3652,Mozambique,PMO - US,From RDC,N/A - From RDC,Truck,ARV,Adult,SCMS from RDC,"Lamivudine/Nevirapine/Zidovudine 150/200/300mg, tablets, 60 Tabs",Lamivudine/Nevirapine/Zidovudine,Generic,150/300/200mg,Tablet - FDC,"Aurobindo Unit III, India",85464,60,100000,811000,8.11,0.14,833.71,,,FALSE,6/16/14,5/23/14,,
104-CI-T30,FPQ-12800,SO-46401,DN-3653,Côte d'Ivoire,PMO - US,From RDC,N/A - From RDC,Air,ARV,Adult,SCMS from RDC,"Lamivudine/Nevirapine/Zidovudine 150/200/300mg, tablets, 60 Tabs",Lamivudine/Nevirapine/Zidovudine,Generic,150/300/200mg,Tablet - FDC,"Strides, Bangalore, India.",85465,60,24765,200844.16,8.11,0.14,248.44,2666,11186.09,TRUE,4/30/14,5/12/14,,
104-CI-T30,FPQ-13142,SO-47150,DN-3656,Côte d'Ivoire,PMO - US,From RDC,N/A - From RDC,Truck,ARV,Pediatric,SCMS from RDC,"Abacavir/Lamivudine 60/30mg, dispersible tablets, 60 Tabs",Abacavir/Lamivudine,Generic,60/30mg,Chewable/dispersible tablet - FDC,"Cipla, Patalganga, India",85466,60,11000,61930,5.63,0.09,63.66,,,FALSE,4/30/14,4/22/14,,
110-ZM-T30,FPQ-13574,SO-47791,DN-3657,Zambia,PMO - US,From RDC,N/A - From RDC,Air,ARV,Pediatric,SCMS from RDC,"Nevirapine 10mg/ml, oral suspension w/syringe, Bottle, 100 ml",Nevirapine,Generic,10mg/ml,Oral suspension,"Aurobindo Unit III, India",85467,100,2000,2600,1.3,0.01,2.67,,,FALSE,4/8/14,4/18/14,,
114-UG-T30,FPQ-13108,SO-46873,DN-3661,Uganda,PMO - US,From RDC,N/A - From RDC,Truck,ARV,Adult,SCMS from RDC,"Lamivudine/Zidovudine 150/300mg, tablets, 60 Tabs",Lamivudine/Zidovudine,Generic,150/300mg,Tablet - FDC,Hetero Unit III Hyderabad IN,85468,60,114630,771459.9,6.73,0.11,793.06,10166,4909.97,TRUE,5/20/14,5/8/14,,
109-TZ-T30,FPQ-13566,SO-47651,DN-3674,Tanzania,PMO - US,From RDC,N/A - From RDC,Truck,ARV,Adult,SCMS from RDC,"Efavirenz/Emtricitabine/Tenofovir Disoproxil Fumarate 600/200/300mg, tablets, 30 Tabs",Efavirenz/Emtricitabine/Tenofovir Disoproxil Fumarate,Generic,600/200/300mg,Tablet - FDC,"Cipla, Goa, India",85472,30,50000,594500,11.89,0.4,611.15,5446,27804.65,TRUE,6/30/14,6/24/14,,
104-CI-T30,FPQ-13142,SO-47160,DN-3685,Côte d'Ivoire,PMO - US,From RDC,N/A - From RDC,Truck,ARV,Adult,SCMS from RDC,"Lamivudine 150mg, tablets, 60 Tabs",Lamivudine,Generic,150mg,Tablet,"Micro labs, Verna, Goa, India",85473,60,1821,3168.54,1.74,0.03,3.26,,,FALSE,5/30/14,5/12/14,,
109-TZ-T30,FPQ-12354,SO-45743,DN-3688,Tanzania,PMO - US,From RDC,N/A - From RDC,Truck,ARV,Adult,SCMS from RDC,"Efavirenz/Lamivudine/Tenofovir Disoproxil Fumarate 600/300/300mg, tablets, 30 Tabs",Efavirenz/Lamivudine/Tenofovir Disoproxil Fumarate,Generic,600/300/300mg,Tablet - FDC,Hetero Unit III Hyderabad IN,85474,30,151208,1590708.1,10.52,0.35,1967.71,20501,13765.17,TRUE,6/1/14,6/5/14,,
111-MZ-T30,FPQ-13123,SO-47091,DN-3696,Mozambique,PMO - US,From RDC,N/A - From RDC,Truck,ARV,Adult,SCMS from RDC,"Lopinavir/Ritonavir 200/50mg [Aluvia], tablets, 120 Tabs",Lopinavir/Ritonavir,Aluvia,200/50mg,Tablet,ABBVIE Ludwigshafen Germany,85475,120,12800,241920,18.9,0.16,248.69,2844,4853.84,TRUE,7/31/14,9/5/14,,
104-CI-T30,FPQ-10633,SO-43370,DN-3706,Côte d'Ivoire,PMO - US,From RDC,N/A - From RDC,Truck,ARV,Adult,SCMS from RDC,"Efavirenz 600mg, tablets, 30 Tabs",Efavirenz,Generic,600mg,Tablet,"Strides, Bangalore, India.",85476,30,25000,83250,3.33,0.11,116.72,,,FALSE,6/30/14,6/4/14,,
151-NG-T30,FPQ-13293,SO-47284,DN-3719,Nigeria,PMO - US,From RDC,N/A - From RDC,Air Charter,ARV,Pediatric,SCMS from RDC,"Lamivudine/Nevirapine/Zidovudine 30/50/60mg, dispersible tablets, 60 Tabs",Lamivudine/Nevirapine/Zidovudine,Generic,30/50/60mg,Chewable/dispersible tablet - FDC,Mylan (formerly Matrix) Nashik,85477,60,85800,321750,3.75,0.06,330.76,5605,45180.63,TRUE,6/30/14,5/9/14,,
104-CI-T30,FPQ-13142,SO-47152,DN-3731,Côte d'Ivoire,PMO - US,From RDC,N/A - From RDC,Truck,ARV,Adult,SCMS from RDC,"Lamivudine/Nevirapine/Zidovudine 150/200/300mg, tablets, 60 Tabs",Lamivudine/Nevirapine/Zidovudine,Generic,150/300/200mg,Tablet - FDC,"Strides, Bangalore, India.",85478,60,24765,200844.16,8.11,0.14,206.47,2751,11438.93,TRUE,6/16/14,6/16/14,,
114-UG-T30,FPQ-13108,SO-46871,DN-3736,Uganda,PMO - US,From RDC,N/A - From RDC,Truck,ARV,Adult,SCMS from RDC,"Lamivudine/Nevirapine/Zidovudine 150/200/300mg, tablets, 60 Tabs",Lamivudine/Nevirapine/Zidovudine,Generic,150/300/200mg,Tablet - FDC,Hetero Unit III Hyderabad IN,85480,60,212934,1758834.9,8.26,0.14,1808.08,27953,19248.7,TRUE,6/30/14,6/30/14,,
105-GY-T30,FPQ-14042,SO-48500,DN-3737,Guyana,PMO - US,From RDC,N/A - From RDC,Air,ARV,Adult,SCMS from RDC,"Lamivudine 150mg, tablets, 60 Tabs",Lamivudine,Generic,150mg,Tablet,"Aurobindo Unit III, India",85481,60,574,998.76,1.74,0.03,1.03,,,FALSE,6/30/14,6/3/14,,
111-MZ-T30,FPQ-13575,SO-47702,DN-3744,Mozambique,PMO - US,From RDC,N/A - From RDC,Truck,ARV,Adult,SCMS from RDC,"Efavirenz/Lamivudine/Tenofovir Disoproxil Fumarate 600/300/300mg, tablets, 30 Tabs",Efavirenz/Lamivudine/Tenofovir Disoproxil Fumarate,Generic,600/300/300mg,Tablet - FDC,Hetero Unit III Hyderabad IN,85483,30,165917,1788585.2,10.78,0.36,1838.67,45740,31113.19,TRUE,8/31/14,7/18/14,,
113-ZW-T30,FPQ-13508,SO-47530,DN-3780,Zimbabwe,PMO - US,From RDC,N/A - From RDC,Truck,ARV,Adult,SCMS from RDC,"Nevirapine 200mg, tablets, 60 Tabs",Nevirapine,Generic,200mg,Tablet,"Strides, Bangalore, India.",85488,60,51747,116948.22,2.26,0.04,120.22,,,FALSE,7/30/14,7/11/14,,
104-CI-T30,FPQ-13509,SO-47550,DN-3898,Côte d'Ivoire,PMO - US,From RDC,N/A - From RDC,Truck,ARV,Pediatric,SCMS from RDC,"Zidovudine 10mg/ml, oral solution w/syringe, Bottle, 240 ml",Zidovudine,Generic,10mg/ml,Oral solution,"Cipla, Goa, India",85490,240,3393,7125.3,2.1,0.01,7.32,1273,4783.36,TRUE,9/30/14,9/8/14,,
104-CI-T30,FPQ-13691,SO-47920,DN-3899,Côte d'Ivoire,PMO - US,From RDC,N/A - From RDC,Air,ARV,Pediatric,SCMS from RDC,"Zidovudine 10mg/ml, oral solution w/syringe, Bottle, 240 ml",Zidovudine,Generic,10mg/ml,Oral solution,"Cipla, Goa, India",85491,240,7000,14700,2.1,0.01,15.11,2625,9868.54,TRUE,9/30/14,9/8/14,,
111-MZ-T30,FPQ-13124,SO-47055,DN-3873,Mozambique,PMO - US,From RDC,N/A - From RDC,Truck,ARV,Adult,SCMS from RDC,"Lamivudine/Zidovudine 150/300mg, tablets, 60 Tabs",Lamivudine/Zidovudine,Generic,150/300mg,Tablet - FDC,"Aurobindo Unit III, India",85492,60,26512,172858.23,6.52,0.11,177.7,2381,5073.25,TRUE,2/1/15,1/13/15,,
111-MZ-T30,FPQ-14226,SO-48883,DN-3875,Mozambique,PMO - US,From RDC,N/A - From RDC,Truck,ARV,Adult,SCMS from RDC,"Efavirenz 600mg, tablets, 30 Tabs",Efavirenz,Generic,600mg,Tablet,"Strides, Bangalore, India.",85493,30,1040,3338.4,3.21,0.11,3.43,,,FALSE,12/31/14,10/30/14,,
111-MZ-T30,FPQ-14226,SO-48883,DN-3875,Mozambique,PMO - US,From RDC,N/A - From RDC,Truck,ARV,Adult,SCMS from RDC,"Efavirenz/Lamivudine/Tenofovir Disoproxil Fumarate 600/300/300mg, tablets, 30 Tabs",Efavirenz/Lamivudine/Tenofovir Disoproxil Fumarate,Generic,600/300/300mg,Tablet - FDC,"Aurobindo Unit VII, IN",85494,30,18886,203591.08,10.78,0.36,209.29,,,FALSE,12/31/14,10/30/14,,
151-NG-T30,FPQ-13293,SO-47285,DN-3791,Nigeria,PMO - US,From RDC,N/A - From RDC,Air Charter,ARV,Adult,SCMS from RDC,"Abacavir/Lamivudine 600/300mg, tablets, 30 Tabs",Abacavir/Lamivudine,Generic,600/300mg,Tablet - FDC,"Cipla, Patalganga, India",85496,30,19573,264626.97,13.52,0.45,272.04,1947,28812.57,TRUE,6/30/14,6/20/14,,
151-NG-T30,FPQ-13293,SO-47286,DN-3792,Nigeria,PMO - US,From RDC,N/A - From RDC,Air Charter,ARV,Adult,SCMS from RDC,"Lamivudine/Zidovudine 150/300mg, tablets, 60 Tabs",Lamivudine/Zidovudine,Generic,150/300mg,Tablet - FDC,Hetero Unit III Hyderabad IN,85497,60,34000,221680,6.52,0.11,227.89,,,FALSE,6/30/14,6/20/14,,
102-BI-T30,FPQ-14112,SO-48600,DN-3797,Burundi,PMO - US,From RDC,N/A - From RDC,Air,ARV,Adult,SCMS from RDC,"Lopinavir/Ritonavir 200/50mg, tablets, 120 Tabs",Lopinavir/Ritonavir,Generic,200/50mg,Tablet,Mylan (formerly Matrix) Nashik,85499,120,200,4008,20.04,0.17,4.12,53,1621.53,TRUE,8/30/14,9/5/14,,
107-RW-T30,FPQ-14111,SO-48771,DN-3802,Rwanda,PMO - US,From RDC,N/A - From RDC,Truck,ARV,Pediatric,SCMS from RDC,"Abacavir/Lamivudine 60/30mg, tablets, 60 Tabs",Abacavir/Lamivudine,Generic,60/30mg,Tablet - FDC,"Aurobindo Unit III, India",85500,60,1419,6385.5,4.5,0.08,6.56,71,961.06,TRUE,9/30/14,7/16/14,,
104-CI-T30,FPQ-13628,SO-47880,DN-3803,Côte d'Ivoire,PMO - US,From RDC,N/A - From RDC,Truck,ARV,Pediatric,SCMS from RDC,"Abacavir/Lamivudine 60/30mg, tablets, 60 Tabs",Abacavir/Lamivudine,Generic,60/30mg,Tablet - FDC,Mylan (formerly Matrix) Nashik,85501,60,2863,11709.67,4.09,0.07,12.04,,,FALSE,11/28/14,7/9/14,,
151-NG-T30,FPQ-14156,SO-48901,DN-3807,Nigeria,PMO - US,From RDC,N/A - From RDC,Air Charter,ARV,Adult,SCMS from RDC,"Lamivudine/Tenofovir Disoproxil Fumarate 300/300mg, tablets, 30 Tabs",Lamivudine/Tenofovir Disoproxil Fumarate,Generic,300/300mg,Tablet - FDC,Hetero Unit III Hyderabad IN,85502,30,7354,34122.56,4.64,0.15,35.08,,,FALSE,10/31/14,6/20/14,,
109-TZ-T30,FPQ-13042,SO-46675,DN-3812,Tanzania,PMO - US,From RDC,N/A - From RDC,Truck,ARV,Pediatric,SCMS from RDC,"Lamivudine/Nevirapine/Zidovudine 30/50/60mg, dispersible tablets, 60 Tabs",Lamivudine/Nevirapine/Zidovudine,Generic,30/50/60mg,Chewable/dispersible tablet - FDC,Mylan (formerly Matrix) Nashik,85503,60,17000,63410,3.73,0.06,78.44,931,6002,TRUE,8/29/14,9/23/14,,
105-GY-T30,FPQ-13567,SO-47741,DN-3816,Guyana,PMO - US,From RDC,N/A - From RDC,Air,ARV,Adult,SCMS from RDC,"Emtricitabine/Tenofovir Disoproxil Fumarate 200/300mg, tablets, 30 Tabs",Emtricitabine/Tenofovir Disoproxil Fumarate,Generic,200/300mg,Tablet - FDC,"Aurobindo Unit III, India",85504,30,2158,12386.92,5.74,0.19,12.73,196,3009.33,TRUE,7/21/14,8/25/14,,
111-MZ-T30,FPQ-14226,SO-48881,DN-3818,Mozambique,PMO - US,From RDC,N/A - From RDC,Truck,ARV,Adult,SCMS from RDC,"Lamivudine/Nevirapine/Stavudine 150/200/30mg, tablets, 60 Tabs",Lamivudine/Nevirapine/Stavudine,Generic,150/200/30mg,Tablet - FDC,Hetero Unit III Hyderabad IN,85505,60,5768,24917.76,4.32,0.07,25.62,592,598.91,TRUE,12/31/14,8/15/14,,
110-ZM-T30,FPQ-13692,SO-48000,DN-3819,Zambia,PMO - US,From RDC,N/A - From RDC,Truck,ARV,Adult,SCMS from RDC,"Efavirenz/Lamivudine/Tenofovir Disoproxil Fumarate 600/300/300mg, tablets, 30 Tabs",Efavirenz/Lamivudine/Tenofovir Disoproxil Fumarate,Generic,600/300/300mg,Tablet - FDC,Hetero Unit III Hyderabad IN,85506,30,352500,3799950,10.78,0.36,3906.35,82137,67855.39,TRUE,7/31/14,7/23/14,,
110-ZM-T30,FPQ-13692,SO-48000,DN-3819,Zambia,PMO - US,From RDC,N/A - From RDC,Truck,ARV,Adult,SCMS from RDC,"Efavirenz/Lamivudine/Tenofovir Disoproxil Fumarate 600/300/300mg, tablets, 30 Tabs",Efavirenz/Lamivudine/Tenofovir Disoproxil Fumarate,Generic,600/300/300mg,Tablet - FDC,"Aurobindo Unit VII, IN",85507,30,106280,1145698.4,10.78,0.36,1177.78,,,FALSE,7/31/14,7/23/14,,
113-ZW-T30,FPQ-13508,SO-47540,DN-3825,Zimbabwe,PMO - US,From RDC,N/A - From RDC,Truck,ARV,Adult,SCMS from RDC,"Lamivudine/Tenofovir Disoproxil Fumarate 300/300mg, tablets, 30 Tabs",Lamivudine/Tenofovir Disoproxil Fumarate,Generic,300/300mg,Tablet - FDC,"Cipla, Kurkumbh, India",85508,30,75701,350495.62,4.63,0.15,360.31,,,FALSE,9/30/14,6/29/14,,
111-MZ-T30,FPQ-13124,SO-47050,DN-3827,Mozambique,PMO - US,From RDC,N/A - From RDC,Truck,ARV,Adult,SCMS from RDC,"Lamivudine/Nevirapine/Zidovudine 150/200/300mg, tablets, 60 Tabs",Lamivudine/Nevirapine/Zidovudine,Generic,150/300/200mg,Tablet - FDC,Mylan (formerly Matrix) Nashik,85509,60,150000,1216500,8.11,0.14,1250.56,,,FALSE,8/29/14,8/25/14,,
111-MZ-T30,FPQ-12416,SO-45899,DN-3829,Mozambique,PMO - US,From RDC,N/A - From RDC,Truck,ARV,Adult,SCMS from RDC,"Lamivudine/Zidovudine 150/300mg, tablets, 60 Tabs",Lamivudine/Zidovudine,Generic,150/300mg,Tablet - FDC,"Aurobindo Unit III, India",85510,60,9784,63791.68,6.52,0.11,78.91,884,684.86,TRUE,8/29/14,10/30/14,,
101-CD-T30,FPQ-14252,SO-48850,DN-3843,"Congo, DRC",PMO - US,From RDC,N/A - From RDC,Air,ARV,Pediatric,SCMS from RDC,"Lamivudine/Zidovudine 30/60mg, tablets, 60 Tabs",Lamivudine/Zidovudine,Generic,30/60mg,Tablet - FDC,Mylan (formerly Matrix) Nashik,85511,60,900,1791,1.99,0.03,1.84,,,FALSE,8/13/14,9/24/14,,
111-MZ-T30,FPQ-13124,SO-47053,DN-3864,Mozambique,PMO - US,From RDC,N/A - From RDC,Truck,ARV,Adult,SCMS from RDC,"Lamivudine/Zidovudine 150/300mg, tablets, 60 Tabs",Lamivudine/Zidovudine,Generic,150/300mg,Tablet - FDC,"Aurobindo Unit III, India",85518,60,15000,97800,6.52,0.11,100.54,15659,10925.34,TRUE,8/29/14,10/27/14,,
111-MZ-T30,FPQ-13394,SO-47462,DN-3866,Mozambique,PMO - US,From RDC,N/A - From RDC,Truck,ARV,Adult,SCMS from RDC,"Lamivudine/Nevirapine/Zidovudine 150/200/300mg, tablets, 60 Tabs",Lamivudine/Nevirapine/Zidovudine,Generic,150/300/200mg,Tablet - FDC,"Cipla, Goa, India",85519,60,33922,275107.4,8.11,0.14,282.81,16611,11223.8,TRUE,8/29/14,10/27/14,,
109-TZ-T30,FPQ-13042,SO-46702,DN-3868,Tanzania,PMO - US,From RDC,N/A - From RDC,Truck,ARV,Pediatric,SCMS from RDC,"Lamivudine/Nevirapine/Zidovudine 30/50/60mg, dispersible tablets, 60 Tabs",Lamivudine/Nevirapine/Zidovudine,Generic,30/50/60mg,Chewable/dispersible tablet - FDC,Mylan (formerly Matrix) Nashik,85520,60,57859,215814.06,3.73,0.06,266.96,3090,17858.3,TRUE,8/29/14,9/29/14,,
111-MZ-T30,FPQ-13394,SO-47460,DN-3872,Mozambique,PMO - US,From RDC,N/A - From RDC,Truck,ARV,Adult,SCMS from RDC,"Lamivudine/Nevirapine/Zidovudine 150/200/300mg, tablets, 60 Tabs",Lamivudine/Nevirapine/Zidovudine,Generic,150/300/200mg,Tablet - FDC,Hetero Unit III Hyderabad IN,85521,60,90000,729900,8.11,0.14,750.34,,,FALSE,9/30/14,10/27/14,,
151-NG-T30,FPQ-13704,SO-48320,DN-3918,Nigeria,PMO - US,From RDC,N/A - From RDC,Air Charter,ARV,Adult,SCMS from RDC,"Lamivudine/Zidovudine 150/300mg, tablets, 60 Tabs",Lamivudine/Zidovudine,Generic,150/300mg,Tablet - FDC,Mylan (formerly Matrix) Nashik,85523,60,15485,104214.05,6.73,0.11,107.13,,,FALSE,9/30/14,9/3/14,,
109-TZ-T30,FPQ-13042,SO-47960,DN-3926,Tanzania,PMO - US,From RDC,N/A - From RDC,Truck,ARV,Adult,SCMS from RDC,"Abacavir 300mg, tablets, 60 Tabs",Abacavir,Generic,300mg,Tablet,Mylan (formerly Matrix) Nashik,85527,60,2469,27726.87,11.23,0.19,34.3,230,1163.2,TRUE,11/3/14,10/28/14,,
101-CD-T30,FPQ-14576,SO-49300,DN-3927,"Congo, DRC",PMO - US,From RDC,N/A - From RDC,Air,ARV,Pediatric,SCMS from RDC,"Efavirenz 200mg, scored tablets, 90 Tabs",Efavirenz,Generic,200mg,Tablet,"Strides, Bangalore, India.",85528,90,710,6624.3,9.33,0.1,6.81,,,FALSE,10/30/14,10/27/14,,
109-TZ-T30,FPQ-13566,SO-47650,DN-3933,Tanzania,PMO - US,From RDC,N/A - From RDC,Truck,ARV,Adult,SCMS from RDC,"Efavirenz/Emtricitabine/Tenofovir Disoproxil Fumarate 600/200/300mg, tablets, 30 Tabs",Efavirenz/Emtricitabine/Tenofovir Disoproxil Fumarate,Generic,600/200/300mg,Tablet - FDC,"Cipla, Goa, India",85529,30,17851,212248.39,11.89,0.4,218.19,2117,1663.18,TRUE,11/3/14,10/17/14,,
114-UG-T30,FPQ-14396,SO-48960,DN-3936,Uganda,PMO - US,From RDC,N/A - From RDC,Air,ARV,Adult,SCMS from RDC,"Abacavir/Lamivudine 600/300mg, tablets, 30 Tabs",Abacavir/Lamivudine,Generic,600/300mg,Tablet - FDC,"Cipla, Patalganga, India",85530,30,3273,44250.96,13.52,0.45,45.49,389,2786.61,TRUE,9/30/14,10/1/14,,
901-NA-T30,FPQ-14742,SO-49520,DN-3923,Namibia,PMO - US,From RDC,N/A - From RDC,Air,ARV,Adult,SCMS from RDC,"Efavirenz/Emtricitabine/Tenofovir Disoproxil Fumarate 600/200/300mg, tablets, 30 Tabs",Efavirenz/Emtricitabine/Tenofovir Disoproxil Fumarate,Generic,600/200/300mg,Tablet - FDC,"Cipla, Goa, India",85531,30,54147,643807.8,11.89,0.4,661.83,6425,35476,TRUE,10/8/14,10/21/14,,
109-TZ-T30,FPQ-13566,SO-47655,DN-3964,Tanzania,PMO - US,From RDC,N/A - From RDC,Truck,ARV,Pediatric,SCMS from RDC,"Lamivudine/Zidovudine 30/60mg, dispersible tablets, 60 Tabs",Lamivudine/Zidovudine,Generic,30/60mg,Chewable/dispersible tablet - FDC,"Cipla, Goa, India",85534,60,34374,73904.1,2.15,0.04,75.97,2346,1462.81,TRUE,11/28/14,11/19/14,,
110-ZM-T30,FPQ-14162,SO-48681,DN-3984,Zambia,PMO - US,From RDC,N/A - From RDC,Truck,ARV,Adult,SCMS from RDC,"Nevirapine 200mg, tablets, 60 Tabs",Nevirapine,Generic,200mg,Tablet,"Strides, Bangalore, India.",85536,60,41768,92307.28,2.21,0.04,94.89,2599,3427.33,TRUE,1/30/15,2/19/15,,
113-ZW-T30,FPQ-14458,SO-49171,DN-3974,Zimbabwe,PMO - US,From RDC,N/A - From RDC,Truck,ARV,Adult,SCMS from RDC,"Efavirenz/Lamivudine/Tenofovir Disoproxil Fumarate 600/300/300mg, tablets, 30 Tabs",Efavirenz/Lamivudine/Tenofovir Disoproxil Fumarate,Generic,600/300/300mg,Tablet - FDC,Cipla Ltd A-42 MIDC Mahar. IN,85539,30,6,0,0,0,0,,,FALSE,1/31/15,10/30/14,,
114-UG-T30,FPQ-14396,SO-49020,DN-4007,Uganda,PMO - US,From RDC,N/A - From RDC,Truck,ARV,Adult,SCMS from RDC,"Abacavir/Lamivudine 600/300mg, tablets, 30 Tabs",Abacavir/Lamivudine,Generic,600/300mg,Tablet - FDC,Mylan (formerly Matrix) Nashik,85541,30,5403,73048.56,13.52,0.45,75.09,490,2016.1,TRUE,10/31/14,11/25/14,,
104-CI-T30,FPQ-13628,SO-47912,DN-4024,Côte d'Ivoire,PMO - US,From RDC,N/A - From RDC,Truck,ARV,Adult,SCMS from RDC,"Lamivudine/Nevirapine/Zidovudine 150/200/300mg, tablets, 60 Tabs",Lamivudine/Nevirapine/Zidovudine,Generic,150/300/200mg,Tablet - FDC,Mylan (formerly Matrix) Nashik,85542,60,50700,391404,7.72,0.13,402.36,,,FALSE,1/30/15,2/11/15,,
104-CI-T30,FPQ-13628,SO-47900,DN-4039,Côte d'Ivoire,PMO - US,From RDC,N/A - From RDC,Truck,ARV,Adult,SCMS from RDC,"Abacavir/Lamivudine 600/300mg, tablets, 30 Tabs",Abacavir/Lamivudine,Generic,600/300mg,Tablet - FDC,Mylan (formerly Matrix) Nashik,85547,30,2000,26980,13.49,0.45,27.74,,,FALSE,1/30/15,2/11/15,,
110-ZM-T30,FPQ-14162,SO-48680,DN-4082,Zambia,PMO - US,From RDC,N/A - From RDC,Truck,ARV,Adult,SCMS from RDC,"Lamivudine/Zidovudine 150/300mg, tablets, 60 Tabs",Lamivudine/Zidovudine,Generic,150/300mg,Tablet - FDC,Hetero Unit III Hyderabad IN,85551,60,1846,12183.6,6.6,0.11,12.52,,,FALSE,1/30/15,2/19/15,,
151-NG-T30,FPQ-14156,SO-48893,DN-4098,Nigeria,PMO - US,From RDC,N/A - From RDC,Air Charter,ARV,Adult,SCMS from RDC,"Lamivudine/Nevirapine/Zidovudine 150/200/300mg, tablets, 60 Tabs",Lamivudine/Nevirapine/Zidovudine,Generic,150/300/200mg,Tablet - FDC,Hetero Unit III Hyderabad IN,85554,60,24000,185280,7.72,0.13,190.47,,,FALSE,1/30/15,1/14/15,,
102-ZW-T30,FPQ-13991,SO-48490,DN-4113,Zimbabwe,PMO - US,From RDC,N/A - From RDC,Truck,ARV,Adult,SCMS from RDC,"Abacavir/Lamivudine 600/300mg, tablets, 30 Tabs",Abacavir/Lamivudine,Generic,600/300mg,Tablet - FDC,"Cipla, Patalganga, India",85555,30,19913,268626.38,13.49,0.45,276.15,1828,1955.17,TRUE,2/16/15,2/4/15,,
103-ZW-T30,FPQ-13967,SO-48460,DN-4114,Zimbabwe,PMO - US,From RDC,N/A - From RDC,Truck,ARV,Pediatric,SCMS from RDC,"Efavirenz 200mg, capsule, 90 Caps",Efavirenz,Generic,200mg,Capsule,"Micro labs, Verna, Goa, India",85556,90,3969,17542.98,4.42,0.05,18.03,561,251.42,TRUE,2/16/15,2/4/15,,
113-ZW-T30,FPQ-14458,SO-49170,DN-4112,Zimbabwe,PMO - US,From RDC,N/A - From RDC,Truck,ARV,Adult,SCMS from RDC,"Efavirenz/Lamivudine/Tenofovir Disoproxil Fumarate 600/300/300mg, tablets, 30 Tabs",Efavirenz/Lamivudine/Tenofovir Disoproxil Fumarate,Generic,600/300/300mg,Tablet - FDC,Mylan (formerly Matrix) Nashik,85557,30,150468,1468567.6,9.76,0.33,1509.69,,,FALSE,3/6/15,2/6/15,,
113-ZW-T30,FPQ-14458,SO-49170,DN-4112,Zimbabwe,PMO - US,From RDC,N/A - From RDC,Truck,ARV,Adult,SCMS from RDC,"Efavirenz/Lamivudine/Tenofovir Disoproxil Fumarate 600/300/300mg, tablets, 30 Tabs",Efavirenz/Lamivudine/Tenofovir Disoproxil Fumarate,Generic,600/300/300mg,Tablet - FDC,Hetero Unit III Hyderabad IN,85558,30,74346,725616.94,9.76,0.33,745.93,,,FALSE,3/6/15,2/6/15,,
103-ZW-T30,FPQ-13967,SO-48432,DN-4116,Zimbabwe,PMO - US,From RDC,N/A - From RDC,Truck,ARV,Pediatric,SCMS from RDC,"Lamivudine/Nevirapine/Zidovudine 30/50/60mg, dispersible tablets, 60 Tabs",Lamivudine/Nevirapine/Zidovudine,Generic,30/50/60mg,Chewable/dispersible tablet - FDC,Mylan (formerly Matrix) Nashik,85559,60,203160,761850,3.75,0.06,783.18,11353,12654.78,TRUE,2/16/15,2/4/15,,
110-ZM-T30,FPQ-14575,SO-49282,DN-4117,Zambia,PMO - US,From RDC,N/A - From RDC,Truck,ARV,Adult,SCMS from RDC,"Nevirapine 200mg, tablets, 60 Tabs",Nevirapine,Generic,200mg,Tablet,"Strides, Bangalore, India.",85560,60,38151,83169.18,2.18,0.04,85.5,,,FALSE,2/27/15,2/19/15,,
151-NG-T30,FPQ-14156,SO-48890,DN-4121,Nigeria,PMO - US,From RDC,N/A - From RDC,Air Charter,ARV,Adult,SCMS from RDC,"Lamivudine/Nevirapine/Zidovudine 150/200/300mg, tablets, 60 Tabs",Lamivudine/Nevirapine/Zidovudine,Generic,150/300/200mg,Tablet - FDC,"Cipla, Goa, India",85561,60,213502,1648235.5,7.72,0.13,1694.39,31271,62693.85,TRUE,3/2/15,2/5/15,,
151-NG-T30,FPQ-14156,SO-50881,DN-4134,Nigeria,PMO - US,From RDC,N/A - From RDC,Air Charter,ARV,Adult,SCMS from RDC,"Zidovudine 300mg, tablets, 60 Tabs",Zidovudine,Generic,300mg,Tablet,"Cipla, Goa, India",85562,60,14648,80564,5.5,0.09,82.82,1023,2244.2,TRUE,3/2/15,2/5/15,,
111-MZ-T30,FPQ-15195,SO-50131,DN-4152,Mozambique,PMO - US,From RDC,N/A - From RDC,Truck,ARV,Adult,SCMS from RDC,"Nevirapine 200mg, tablets, 60 Tabs",Nevirapine,Generic,200mg,Tablet,"Strides, Bangalore, India.",85564,60,1400,3052,2.18,0.04,3.59,4355,3644.18,TRUE,3/31/15,4/10/15,,
113-ZW-T30,FPQ-14458,SO-49160,DN-4155,Zimbabwe,PMO - US,From RDC,N/A - From RDC,Truck,ARV,Adult,SCMS from RDC,"Efavirenz/Lamivudine/Tenofovir Disoproxil Fumarate 600/300/300mg, tablets, 30 Tabs",Efavirenz/Lamivudine/Tenofovir Disoproxil Fumarate,Generic,600/300/300mg,Tablet - FDC,Mylan (formerly Matrix) Nashik,85565,30,336000,3225600,9.6,0.32,3315.92,37955,42077.59,TRUE,3/31/15,3/17/15,,
102-BI-T30,FPQ-15406,SO-50270,DN-4144,Burundi,PMO - US,From RDC,N/A - From RDC,Air,ARV,Pediatric,SCMS from RDC,"Lamivudine/Zidovudine 30/60mg, dispersible tablets, 60 Tabs",Lamivudine/Zidovudine,Generic,30/60mg,Chewable/dispersible tablet - FDC,"Cipla, Goa, India",85566,60,325,646.75,1.99,0.03,0.76,,,FALSE,2/27/15,2/28/15,,
107-RW-T30,FPQ-14111,SO-48810,DN-4149,Rwanda,PMO - US,From RDC,N/A - From RDC,Truck,ARV,Adult,SCMS from RDC,"Lamivudine/Tenofovir Disoproxil Fumarate 300/300mg, tablets, 30 Tabs",Lamivudine/Tenofovir Disoproxil Fumarate,Generic,300/300mg,Tablet - FDC,"Cipla, Kurkumbh, India",85567,30,13653,62667.27,4.59,0.15,64.42,,,FALSE,3/31/15,3/24/15,,
104-CI-T30,FPQ-14370,SO-49054,DN-4174,Côte d'Ivoire,PMO - US,From RDC,N/A - From RDC,Truck,ARV,Adult,SCMS from RDC,"Tenofovir Disoproxil Fumarate 300mg, tablets, 30 Tabs",Tenofovir Disoproxil Fumarate,Generic,300mg,Tablet,Mylan (formerly Matrix) Nashik,85569,30,1764,6262.2,3.55,0.12,6.44,110,707.7,TRUE,3/31/15,3/26/15,,
151-NG-T30,FPQ-14766,SO-49685,DN-4172,Nigeria,PMO - US,From RDC,N/A - From RDC,Air Charter,ARV,Adult,SCMS from RDC,"Efavirenz/Lamivudine/Tenofovir Disoproxil Fumarate 600/300/300mg, tablets, 30 Tabs",Efavirenz/Lamivudine/Tenofovir Disoproxil Fumarate,Generic,600/300/300mg,Tablet - FDC,Mylan (formerly Matrix) Nashik,85570,30,128500,1233600,9.6,0.32,1268.14,,,FALSE,2/28/15,3/10/15,,
102-BI-T30,FPQ-15406,SO-50280,DN-4178,Burundi,PMO - US,From RDC,N/A - From RDC,Air,ARV,Adult,SCMS from RDC,"Lamivudine/Tenofovir Disoproxil Fumarate 300/300mg, tablets, 30 Tabs",Lamivudine/Tenofovir Disoproxil Fumarate,Generic,300/300mg,Tablet - FDC,Ranbaxy per Shasun Pharma,85572,30,240,1101.6,4.59,0.15,1.3,,,FALSE,5/29/15,3/25/15,,
151-NG-T30,FPQ-14766,SO-49700,DN-4186,Nigeria,PMO - US,From RDC,N/A - From RDC,Air Charter,ARV,Adult,SCMS from RDC,"Lopinavir/Ritonavir 200/50mg [Aluvia], tablets, 120 Tabs",Lopinavir/Ritonavir,Aluvia,200/50mg,Tablet,ABBVIE Ludwigshafen Germany,85573,120,41943,781817.5,18.64,0.16,803.71,10322,14266.13,TRUE,4/15/15,3/18/15,,
151-NG-T30,FPQ-14766,SO-51091,DN-4188,Nigeria,PMO - US,From RDC,N/A - From RDC,Air Charter,ARV,Adult,SCMS from RDC,"Lamivudine/Nevirapine/Zidovudine 150/200/300mg, tablets, 60 Tabs",Lamivudine/Nevirapine/Zidovudine,Generic,150/300/200mg,Tablet - FDC,"Strides, Bangalore, India.",85574,60,156995,1212001.4,7.72,0.13,1245.94,32219,50569.84,TRUE,4/30/15,3/20/15,,
151-NG-T30,FPQ-14766,SO-51091,DN-4188,Nigeria,PMO - US,From RDC,N/A - From RDC,Air Charter,ARV,Adult,SCMS from RDC,"Lamivudine/Nevirapine/Zidovudine 150/200/300mg, tablets, 60 Tabs",Lamivudine/Nevirapine/Zidovudine,Generic,150/300/200mg,Tablet - FDC,"Cipla, Goa, India",85575,60,91500,706380,7.72,0.13,726.16,,,FALSE,4/30/15,3/20/15,,
104-SZ-T30,FPQ-15985,SO-51110,DN-4194,Swaziland,PMO - US,From RDC,N/A - From RDC,Truck,ARV,Adult,SCMS from RDC,"Efavirenz/Lamivudine/Tenofovir Disoproxil Fumarate 600/300/300mg, tablets, 30 Tabs",Efavirenz/Lamivudine/Tenofovir Disoproxil Fumarate,Generic,600/300/300mg,Tablet - FDC,Mylan (formerly Matrix) Nashik,85577,30,65000,649350,9.99,0.33,764.28,7403,4971.05,TRUE,4/6/15,3/26/15,,
101-CD-T30,FPQ-15787,SO-50890,DN-4197,"Congo, DRC",PMO - US,From RDC,N/A - From RDC,Air,ARV,Pediatric,SCMS from RDC,"Efavirenz 200mg, scored tablets, 90 Tabs",Efavirenz,Generic,200mg,Tablet,"Strides, Bangalore, India.",85578,90,300,2790,9.3,0.1,3.28,266,4147.79,TRUE,7/1/15,7/13/15,,
111-MZ-T30,FPQ-14843,SO-49720,DN-4193,Mozambique,PMO - US,From RDC,N/A - From RDC,Truck,ARV,Adult,SCMS from RDC,"Lopinavir/Ritonavir 200/50mg [Aluvia], tablets, 120 Tabs",Lopinavir/Ritonavir,Aluvia,200/50mg,Tablet,ABBVIE Ludwigshafen Germany,85579,120,30120,569268,18.9,0.16,585.21,6697,3995.94,TRUE,5/15/15,5/15/15,,
107-RW-T30,FPQ-15622,SO-50711,DN-4200,Rwanda,PMO - US,From RDC,N/A - From RDC,Truck,ARV,Pediatric,SCMS from RDC,"Abacavir 20mg/ml, oral solution, Bottle, 240 ml",Abacavir,Generic,20mg/ml,Oral solution,"Aurobindo Unit III, India",85580,240,2966,20257.78,6.83,0.03,23.84,1067,6310.4,TRUE,4/6/15,4/20/15,,
102-BI-T30,FPQ-15406,SO-50290,DN-4210,Burundi,PMO - US,From RDC,N/A - From RDC,Air,ARV,Pediatric,SCMS from RDC,"Lamivudine/Zidovudine 30/60mg, dispersible tablets, 60 Tabs",Lamivudine/Zidovudine,Generic,30/60mg,Chewable/dispersible tablet - FDC,"Cipla, Goa, India",85584,60,164,314.88,1.92,0.03,0.37,,,FALSE,6/30/15,4/22/15,,
102-BI-T30,FPQ-15406,SO-50290,DN-4210,Burundi,PMO - US,From RDC,N/A - From RDC,Air,ARV,Adult,SCMS from RDC,"Lamivudine/Tenofovir Disoproxil Fumarate 300/300mg, tablets, 30 Tabs",Lamivudine/Tenofovir Disoproxil Fumarate,Generic,300/300mg,Tablet - FDC,Ranbaxy per Shasun Pharma,85585,30,240,1101.6,4.59,0.15,1.3,,,FALSE,6/30/15,4/22/15,,
114-UG-T30,FPQ-15294,SO-50080,DN-4216,Uganda,PMO - US,From RDC,N/A - From RDC,Truck,ARV,Adult,SCMS from RDC,"Efavirenz/Lamivudine/Tenofovir Disoproxil Fumarate 600/300/300mg, tablets, 30 Tabs",Efavirenz/Lamivudine/Tenofovir Disoproxil Fumarate,Generic,600/300/300mg,Tablet - FDC,Mylan (formerly Matrix) Nashik,85586,30,101900,978240,9.6,0.32,1151.39,,,FALSE,4/30/15,4/22/15,,
114-UG-T30,FPQ-15294,SO-50050,DN-4218,Uganda,PMO - US,From RDC,N/A - From RDC,Truck,ARV,Adult,SCMS from RDC,"Nevirapine 200mg, tablets, 60 Tabs",Nevirapine,Generic,200mg,Tablet,Hetero Unit III Hyderabad IN,85587,60,79258,172782.44,2.18,0.04,203.36,,,FALSE,6/15/15,5/14/15,,
151-NG-T30,FPQ-14989,SO-49932,DN-4228,Nigeria,PMO - US,From RDC,N/A - From RDC,Air Charter,ARV,Adult,SCMS from RDC,"Efavirenz/Lamivudine/Tenofovir Disoproxil Fumarate 600/300/300mg, tablets, 30 Tabs",Efavirenz/Lamivudine/Tenofovir Disoproxil Fumarate,Generic,600/300/300mg,Tablet - FDC,Hetero Unit III Hyderabad IN,85589,30,68072,653491.2,9.6,0.32,671.79,8799,15880,TRUE,6/30/15,4/15/15,,
111-MZ-T30,FPQ-15229,SO-50500,DN-4237,Mozambique,PMO - US,From RDC,N/A - From RDC,Truck,ARV,Adult,SCMS from RDC,"Tenofovir Disoproxil Fumarate 300mg, tablets, 30 Tabs",Tenofovir Disoproxil Fumarate,Generic,300mg,Tablet,Hetero Unit III Hyderabad IN,85590,30,960,3408,3.55,0.12,4.01,76,137.4,TRUE,5/29/15,6/15/15,,
103-ZW-T30,FPQ-15197,SO-50010,DN-4243,Zimbabwe,PMO - US,From RDC,N/A - From RDC,Truck,ARV,Pediatric,SCMS from RDC,"Lamivudine/Nevirapine/Zidovudine 30/50/60mg, dispersible tablets, 60 Tabs",Lamivudine/Nevirapine/Zidovudine,Generic,30/50/60mg,Chewable/dispersible tablet - FDC,"Mylan,  H-12 & H-13, India",85591,60,149944,539798.4,3.6,0.06,635.34,,,FALSE,4/30/15,4/30/15,,
151-NG-T30,FPQ-14989,SO-49938,DN-4245,Nigeria,PMO - US,From RDC,N/A - From RDC,Air Charter,ARV,Adult,SCMS from RDC,"Lamivudine/Nevirapine/Zidovudine 150/200/300mg, tablets, 60 Tabs",Lamivudine/Nevirapine/Zidovudine,Generic,150/300/200mg,Tablet - FDC,"Strides, Bangalore, India.",85592,60,50000,386000,7.72,0.13,396.81,6201,12082,TRUE,6/30/15,4/15/15,,
111-MZ-T30,FPQ-15229,SO-50490,DN-4247,Mozambique,PMO - US,From RDC,N/A - From RDC,Truck,ARV,Adult,SCMS from RDC,"Tenofovir Disoproxil Fumarate 300mg, tablets, 30 Tabs",Tenofovir Disoproxil Fumarate,Generic,300mg,Tablet,Hetero Unit III Hyderabad IN,85593,30,600,2130,3.55,0.12,2.51,,,FALSE,6/30/15,6/9/15,,
104-CI-T30,FPQ-15259,SO-50100,DN-4255,Côte d'Ivoire,PMO - US,From RDC,N/A - From RDC,Truck,ARV,Adult,SCMS from RDC,"Efavirenz 600mg, tablets, 30 Tabs",Efavirenz,Generic,600mg,Tablet,"Strides, Bangalore, India.",85594,30,45204,141036.48,3.12,0.1,166,,,FALSE,6/19/15,6/8/15,,
104-CI-T30,FPQ-15259,SO-50100,DN-4255,Côte d'Ivoire,PMO - US,From RDC,N/A - From RDC,Truck,ARV,Adult,SCMS from RDC,"Lamivudine/Nevirapine/Zidovudine 150/200/300mg, tablets, 60 Tabs",Lamivudine/Nevirapine/Zidovudine,Generic,150/300/200mg,Tablet - FDC,"Strides, Bangalore, India.",85595,60,148037,1142845.6,7.72,0.13,1345.13,,,FALSE,6/19/15,6/8/15,,
151-NG-T30,FPQ-14989,SO-49935,DN-4260,Nigeria,PMO - US,From RDC,N/A - From RDC,Air Charter,ARV,Adult,SCMS from RDC,"Lamivudine/Nevirapine/Zidovudine 150/200/300mg, tablets, 60 Tabs",Lamivudine/Nevirapine/Zidovudine,Generic,150/300/200mg,Tablet - FDC,"Cipla, Goa, India",85596,60,234519,1810486.6,7.72,0.13,1861.18,51833,107573.94,TRUE,6/30/15,4/28/15,,
107-RW-T30,FPQ-15622,SO-50720,DN-4286,Rwanda,PMO - US,From RDC,N/A - From RDC,Truck,ARV,Adult,SCMS from RDC,"Efavirenz/Lamivudine/Tenofovir Disoproxil Fumarate 600/300/300mg, tablets, 30 Tabs",Efavirenz/Lamivudine/Tenofovir Disoproxil Fumarate,Generic,600/300/300mg,Tablet - FDC,Mylan (formerly Matrix) Nashik,85599,30,294399,2826230.5,9.6,0.32,3326.47,33500,,TRUE,6/30/15,6/17/15,,
151-NG-T30,FPQ-14989,SO-51427,DN-4290,Nigeria,PMO - US,From RDC,N/A - From RDC,Air Charter,ARV,Adult,SCMS from RDC,"Lamivudine/Nevirapine/Zidovudine 150/200/300mg, tablets, 60 Tabs",Lamivudine/Nevirapine/Zidovudine,Generic,150/300/200mg,Tablet - FDC,"Cipla, Goa, India",85600,60,88995,687041.4,7.72,0.13,706.28,,,FALSE,6/30/15,6/2/15,,
103-SS-T30,FPQ-16356,SO-51460,DN-4296,South Sudan,PMO - US,From RDC,N/A - From RDC,Air,ARV,Pediatric,SCMS from RDC,"Lamivudine/Nevirapine/Zidovudine 30/50/60mg, dispersible tablets, 60 Tabs",Lamivudine/Nevirapine/Zidovudine,Generic,30/50/60mg,Chewable/dispersible tablet - FDC,"Strides, Bangalore, India.",85601,60,4471,16095.6,3.6,0.06,18.94,,,FALSE,6/25/15,6/19/15,,
107-RW-T30,FPQ-16284,SO-51540,DN-4327,Rwanda,PMO - US,From RDC,N/A - From RDC,Air,ARV,Adult,SCMS from RDC,"Lamivudine/Nevirapine/Zidovudine 150/200/300mg, tablets, 60 Tabs",Lamivudine/Nevirapine/Zidovudine,Generic,150/300/200mg,Tablet - FDC,"Hetero, Jadcherla, unit 5, IN",85602,60,8998,72973.78,8.11,0.14,85.89,,,FALSE,8/18/15,8/6/15,,
107-RW-T30,FPQ-16284,SO-51550,DN-4330,Rwanda,PMO - US,From RDC,N/A - From RDC,Air,ARV,Pediatric,SCMS from RDC,"Abacavir/Lamivudine 60/30mg, dispersible tablets, 60 Tabs",Abacavir/Lamivudine,Generic,60/30mg,Chewable/dispersible tablet - FDC,"Cipla, Patalganga, India",85603,60,28622,145685.98,5.09,0.08,171.47,,,TRUE,9/30/15,8/3/15,,
154-NG-T30,FPQ-3815,SO-32270,DN-1311,Nigeria,PMO - US,From RDC,N/A - From RDC,Air Charter,ARV,Adult,SCMS from RDC,"Nevirapine 200mg, tablets, 60 Tabs",Nevirapine,Generic,200mg,Tablet,"Aurobindo Unit III, India",85626,60,253,733.7,2.9,0.05,1.44,,,FALSE,7/30/09,8/4/09,,
111-MZ-T30,FPQ-4106,SO-33100,DN-1421,Mozambique,PMO - US,From RDC,N/A - From RDC,Air,ARV,Adult,SCMS from RDC,"Saquinavir 200mg [Invirase], capsules, 270 Caps",Saquinavir,Invirase,200mg,Capsule,Roche Basel,85627,270,168,13540.8,80.6,0.3,26.54,85,1139.5,TRUE,11/30/09,10/30/09,,
114-UG-T30,FPQ-4065,SO-33010,DN-1417,Uganda,PMO - US,From RDC,N/A - From RDC,Air,ARV,Adult,SCMS from RDC,"Lamivudine/Tenofovir Disoproxil Fumarate 300/300mg, tablets, 30 Tabs",Lamivudine/Tenofovir Disoproxil Fumarate,Generic,300/300mg,Tablet - FDC,Mylan (formerly Matrix) Nashik,85628,30,280,2800,10,0.33,5.49,,,FALSE,10/8/09,10/8/09,,
114-UG-T30,FPQ-4065,SO-33180,DN-1429,Uganda,PMO - US,From RDC,N/A - From RDC,Air,ARV,Adult,SCMS from RDC,"Efavirenz 600mg, tablets, 30 Tabs",Efavirenz,Generic,600mg,Tablet,"Aurobindo Unit III, India",85629,30,200,1370,6.85,0.23,2.69,18,1140.08,TRUE,10/8/09,10/8/09,,
112-NG-T30,FPQ-4040,SO-32980,DN-1456,Nigeria,PMO - US,From RDC,N/A - From RDC,Air Charter,ARV,Adult,SCMS from RDC,"Emtricitabine/Tenofovir Disoproxil Fumarate 200/300mg, tablets, 30 Tabs",Emtricitabine/Tenofovir Disoproxil Fumarate,Generic,200/300mg,Tablet - FDC,Mylan (formerly Matrix) Nashik,85630,30,600,7050,11.75,0.39,13.82,,,FALSE,10/15/09,10/20/09,,
106-HT-T30,FPQ-4277,SO-33740,DN-1481,Haiti,PMO - US,From RDC,N/A - From RDC,Air,ARV,Adult,SCMS from RDC,"Lamivudine 150mg, tablets, 60 Tabs",Lamivudine,Generic,150mg,Tablet,"Aurobindo Unit III, India",85631,60,2305,5624.2,2.44,0.04,11.02,126,1350.33,TRUE,11/18/09,10/9/09,,
104-CI-T30,FPQ-3964,SO-33210,DN-1482,Côte d'Ivoire,PMO - US,From RDC,N/A - From RDC,Air,ARV,Pediatric,SCMS from RDC,"Lamivudine 10mg/ml, oral solution, Bottle, 240 ml",Lamivudine,Generic,10mg/ml,Oral solution,"Aurobindo Unit III, India",85632,240,819,1556.1,1.9,0.01,3.05,284,1668.76,TRUE,10/30/09,10/20/09,,
114-UG-T30,FPQ-4275,SO-33860,DN-1522,Uganda,PMO - US,From RDC,N/A - From RDC,Air,ARV,Adult,SCMS from RDC,"Lamivudine/Zidovudine 150/300mg, tablets, 60 Tabs",Lamivudine/Zidovudine,Generic,150/300mg,Tablet - FDC,Mylan (formerly Matrix) Nashik,85633,60,16577,145214.52,8.76,0.15,284.62,,,FALSE,12/3/09,11/30/09,,
106-HT-T30,FPQ-4469,SO-34240,DN-1530,Haiti,PMO - US,From RDC,N/A - From RDC,Air,ARV,Pediatric,SCMS from RDC,"Stavudine 1mg/ml, powder for oral solution, 200 ml",Stavudine,Generic,1mg/ml,Oral solution,"Aurobindo Unit III, India",85634,200,100,140,1.4,0.01,0.3,,,FALSE,11/30/09,11/30/09,,
106-HT-T30,FPQ-4469,SO-34240,DN-1530,Haiti,PMO - US,From RDC,N/A - From RDC,Air,ARV,Pediatric,SCMS from RDC,"Efavirenz 200mg, capsule, 90 Caps",Efavirenz,Generic,200mg,Capsule,"Aurobindo Unit III, India",85635,90,735,8908.2,12.12,0.13,19.21,,,FALSE,11/30/09,11/30/09,,
106-HT-T30,FPQ-4469,SO-34190,DN-1531,Haiti,PMO - US,From RDC,N/A - From RDC,Air,ARV,Pediatric,SCMS from RDC,"Zidovudine 100mg, capsules, 100 Caps",Zidovudine,Generic,100mg,Capsule,"Aurobindo Unit III, India",85636,100,588,2940,5,0.05,6.34,,,FALSE,12/2/09,11/30/09,,
104-CI-T30,FPQ-3964,SO-34501,DN-1543,Côte d'Ivoire,PMO - US,From RDC,N/A - From RDC,Air,ARV,Adult,SCMS from RDC,"Zidovudine 300mg, tablets, 60 Tabs",Zidovudine,Generic,300mg,Tablet,"Aurobindo Unit III, India",85637,60,8430,63477.9,7.53,0.13,124.42,546,1211.48,TRUE,12/1/09,12/2/09,,
114-UG-T30,FPQ-4470,SO-34010,DN-1548,Uganda,PMO - US,From RDC,N/A - From RDC,Air,ARV,Adult,SCMS from RDC,"Lamivudine/Zidovudine 150/300mg, tablets, 60 Tabs",Lamivudine/Zidovudine,Generic,150/300mg,Tablet - FDC,"Aurobindo Unit III, India",85638,60,3360,29433.6,8.76,0.15,57.69,,,FALSE,11/30/09,12/2/09,,
114-UG-T30,FPQ-4470,SO-34010,DN-1548,Uganda,PMO - US,From RDC,N/A - From RDC,Air,ARV,Adult,SCMS from RDC,"Nevirapine 200mg, tablets, 60 Tabs",Nevirapine,Generic,200mg,Tablet,"Aurobindo Unit III, India",85639,60,2000,5800,2.9,0.05,11.37,,,FALSE,11/30/09,12/2/09,,
113-ZW-T30,FPQ-4472,SO-27200,DN-1554,Zimbabwe,PMO - US,From RDC,N/A - From RDC,Truck,ARV,Adult,SCMS from RDC,"Efavirenz 600mg, tablets, 30 Tabs",Efavirenz,Generic,600mg,Tablet,"Aurobindo Unit III, India",85640,30,4000,23120,5.78,0.19,45.32,,,FALSE,12/18/09,12/7/09,,
110-ZM-T30,FPQ-4035,SO-34800,DN-1567,Zambia,PMO - US,From RDC,N/A - From RDC,Truck,ARV,Adult,SCMS from RDC,"Efavirenz 600mg, tablets, 30 Tabs",Efavirenz,Generic,600mg,Tablet,"Aurobindo Unit III, India",85641,30,6714,38806.92,5.78,0.19,76.06,574,5837.94,TRUE,1/15/10,11/26/09,,
104-CI-T30,FPQ-4378,SO-34420,DN-1568,Côte d'Ivoire,PMO - US,From RDC,N/A - From RDC,Air,ARV,Adult,SCMS from RDC,"Lamivudine/Nevirapine/Stavudine 150/200/30mg, tablets, 60 Tabs",Lamivudine/Nevirapine/Stavudine,Generic,150/200/30mg,Tablet - FDC,"Cipla, Goa, India",85642,60,9024,60099.84,6.66,0.11,117.8,976,12369.8,TRUE,12/14/09,12/11/09,,
114-UG-T30,FPQ-4454,SO-34630,DN-1574,Uganda,PMO - US,From RDC,N/A - From RDC,Air,ARV,Adult,SCMS from RDC,"Lamivudine/Nevirapine/Zidovudine 150/200/300mg, tablets, 60 Tabs",Lamivudine/Nevirapine/Zidovudine,Generic,150/300/200mg,Tablet - FDC,Mylan (formerly Matrix) Nashik,85643,60,5500,61710,11.22,0.19,120.95,708,2524,TRUE,1/15/10,1/22/10,,
104-CI-T30,FPQ-4378,SO-34390,DN-1577,Côte d'Ivoire,PMO - US,From RDC,N/A - From RDC,Air,ARV,Adult,SCMS from RDC,"Lamivudine/Nevirapine/Stavudine 150/200/30mg, tablets, 60 Tabs",Lamivudine/Nevirapine/Stavudine,Generic,150/200/30mg,Tablet - FDC,"Strides, Bangalore, India.",85644,60,9024,60099.84,6.66,0.11,117.8,680,2698.22,TRUE,12/17/09,12/14/09,,
111-MZ-T30,FPQ-4479,SO-34170,DN-1580,Mozambique,PMO - US,From RDC,N/A - From RDC,Air,ARV,Adult,SCMS from RDC,"Zidovudine 300mg, tablets, 60 Tabs",Zidovudine,Generic,300mg,Tablet,"Aurobindo Unit III, India",85645,60,6552,50515.92,7.71,0.13,99.01,,,FALSE,1/19/10,1/26/10,,
106-HT-T30,FPQ-4469,SO-35180,DN-1589,Haiti,PMO - US,From RDC,N/A - From RDC,Air,ARV,Pediatric,SCMS from RDC,"Lamivudine 10mg/ml, oral solution, Bottle, 240 ml",Lamivudine,Generic,10mg/ml,Oral solution,"Aurobindo Unit III, India",85646,240,4077,7746.3,1.9,0.01,16.7,1404,8329.13,TRUE,12/22/09,12/16/09,,
106-HT-T30,FPQ-4384,SO-34720,DN-1590,Haiti,PMO - US,From RDC,N/A - From RDC,Air Charter,ARV,Pediatric,SCMS from RDC,"Stavudine 1mg/ml, powder for oral solution, 200 ml",Stavudine,Generic,1mg/ml,Oral solution,"Aurobindo Unit III, India",85647,200,250,350,1.4,0.01,0.75,,,FALSE,12/25/09,12/17/09,,
114-UG-T30,FPQ-4275,SO-33880,DN-1599,Uganda,PMO - US,From RDC,N/A - From RDC,Air,ARV,Adult,SCMS from RDC,"Lamivudine 150mg, tablets, 60 Tabs",Lamivudine,Generic,150mg,Tablet,"Aurobindo Unit III, India",85648,60,6985,17043.4,2.44,0.04,33.41,336,2528.69,TRUE,2/25/10,1/15/10,,
114-UG-T30,FPQ-4470,SO-34780,DN-1622,Uganda,PMO - US,From RDC,N/A - From RDC,Air,ARV,Adult,SCMS from RDC,"Lamivudine/Nevirapine/Zidovudine 150/200/300mg, tablets, 60 Tabs",Lamivudine/Nevirapine/Zidovudine,Generic,150/300/200mg,Tablet - FDC,Mylan (formerly Matrix) Nashik,85649,60,31000,351850,11.35,0.19,689.63,3941,42656.07,TRUE,2/3/10,2/3/10,,
111-MZ-T30,FPQ-4471,SO-33590,DN-1628,Mozambique,PMO - US,From RDC,N/A - From RDC,Air,ARV,Adult,SCMS from RDC,"Lamivudine/Nevirapine/Zidovudine 150/200/300mg, tablets, 60 Tabs",Lamivudine/Nevirapine/Zidovudine,Generic,150/300/200mg,Tablet - FDC,Mylan (formerly Matrix) Nashik,85650,60,69685,781865.7,11.22,0.19,1532.46,,,FALSE,4/14/10,4/14/10,,
114-UG-T30,FPQ-4325,SO-34080,DN-1631,Uganda,PMO - US,From RDC,N/A - From RDC,Truck,ARV,Adult,SCMS from RDC,"Nevirapine 200mg, tablets, 60 Tabs",Nevirapine,Generic,200mg,Tablet,"Aurobindo Unit III, India",85651,60,5184,15033.6,2.9,0.05,29.47,507,1576.8,TRUE,3/19/10,1/29/10,,
104-CI-T30,FPQ-4378,SO-35770,DN-1640,Côte d'Ivoire,PMO - US,From RDC,N/A - From RDC,Air,ARV,Adult,SCMS from RDC,"Abacavir/Lamivudine 600/300mg, scored tablets, 30 Tabs",Abacavir/Lamivudine,Generic,600/300mg,Tablet - FDC,"Aurobindo Unit III, India",85652,30,1276,29348,23,0.77,57.52,117,1083.3,TRUE,4/6/10,2/15/10,,
110-ZM-T30,FPQ-4273,SO-33690,DN-1643,Zambia,PMO - US,From RDC,N/A - From RDC,Truck,ARV,Adult,SCMS from RDC,"Lamivudine/Nevirapine/Stavudine 150/200/30mg, tablets, 60 Tabs",Lamivudine/Nevirapine/Stavudine,Generic,150/200/30mg,Tablet - FDC,"Cipla, Goa, India",85653,60,49760,321947.2,6.47,0.11,631.02,,,FALSE,3/15/10,3/5/10,,
114-UG-T30,FPQ-5014,SO-35870,DN-1654,Uganda,PMO - US,From RDC,N/A - From RDC,Air,ARV,Adult,SCMS from RDC,"Lamivudine/Zidovudine 150/300mg, tablets, 60 Tabs",Lamivudine/Zidovudine,Generic,150/300mg,Tablet - FDC,Mylan (formerly Matrix) Nashik,85654,60,3000,26280,8.76,0.15,56.66,,,FALSE,3/18/10,3/17/10,,
104-CI-T30,FPQ-4378,SO-34372,DN-1656,Côte d'Ivoire,PMO - US,From RDC,N/A - From RDC,Air,ARV,Pediatric,SCMS from RDC,"Zidovudine 10mg/ml, oral solution, Bottle, 240 ml",Zidovudine,Generic,10mg/ml,Oral solution,"Aurobindo Unit III, India",85655,240,7107,14924.7,2.1,0.01,29.25,2633,3688.33,TRUE,4/6/10,3/1/10,,
113-ZW-T30,FPQ-4472,SO-27210,DN-1657,Zimbabwe,PMO - US,From RDC,N/A - From RDC,Truck,ARV,Adult,SCMS from RDC,"Efavirenz 600mg, tablets, 30 Tabs",Efavirenz,Generic,600mg,Tablet,"Aurobindo Unit III, India",85656,30,4000,20520,5.13,0.17,40.22,,,FALSE,3/31/10,3/12/10,,
106-HT-T30,FPQ-4384,SO-35930,DN-1668,Haiti,PMO - US,From RDC,N/A - From RDC,Air,ARV,Adult,SCMS from RDC,"Zidovudine 300mg, tablets, 60 Tabs",Zidovudine,Generic,300mg,Tablet,Mylan (formerly Matrix) Nashik,85657,60,1680,12650.4,7.53,0.13,27.27,,,FALSE,4/7/10,3/3/10,,
106-HT-T30,FPQ-5152,SO-35950,DN-1669,Haiti,PMO - US,From RDC,N/A - From RDC,Air,ARV,Adult,SCMS from RDC,"Indinavir 400mg [Crixivan], capsules, 180 Caps",Indinavir,Crixivan,400mg,Capsule,"MSD, Haarlem, NL",85658,180,450,22500,50,0.28,48.51,101,6036.98,TRUE,3/2/10,3/3/10,,
104-CI-T30,FPQ-4378,SO-34412,DN-1671,Côte d'Ivoire,PMO - US,From RDC,N/A - From RDC,Air,ARV,Pediatric,SCMS from RDC,"Lamivudine 10mg/ml, oral solution, Bottle, 240 ml",Lamivudine,Generic,10mg/ml,Oral solution,"Cipla, Goa, India",85659,240,4340,8246,1.9,0.01,16.16,,,FALSE,3/9/10,3/10/10,,
106-HT-T30,FPQ-4384,SO-34690,DN-1673,Haiti,PMO - US,From RDC,N/A - From RDC,Air,ARV,Pediatric,SCMS from RDC,"Efavirenz 50mg, capsule, 30 Caps",Efavirenz,Generic,50mg,Capsule,"Aurobindo Unit III, India",85660,30,68,152.32,2.24,0.07,0.33,,,FALSE,3/15/10,3/15/10,,
151-NG-T30,FPQ-4537,SO-35074,DN-1689,Nigeria,PMO - US,From RDC,N/A - From RDC,Air Charter,ARV,Adult,SCMS from RDC,"Emtricitabine/Tenofovir Disoproxil Fumarate 200/300mg, tablets, 30 Tabs",Emtricitabine/Tenofovir Disoproxil Fumarate,Generic,200/300mg,Tablet - FDC,Mylan (formerly Matrix) Nashik,85661,30,5000,58750,11.75,0.39,126.66,404,,TRUE,4/19/10,3/31/10,,
151-NG-T30,FPQ-4537,SO-34895,DN-1705,Nigeria,PMO - US,From RDC,N/A - From RDC,Air Charter,ARV,Adult,SCMS from RDC,"Nevirapine 200mg, tablets, 60 Tabs",Nevirapine,Generic,200mg,Tablet,"Aurobindo Unit III, India",85662,60,820,2238.6,2.73,0.05,4.83,79,,TRUE,4/19/10,3/31/10,,
151-NG-T30,FPQ-4537,SO-34912,DN-1713,Nigeria,PMO - US,From RDC,N/A - From RDC,Air Charter,ARV,Adult,SCMS from RDC,"Efavirenz 600mg, tablets, 30 Tabs",Efavirenz,Generic,600mg,Tablet,"Aurobindo Unit III, India",85663,30,4882,25044.66,5.13,0.17,54,420,,TRUE,4/19/10,3/31/10,,
151-NG-T30,FPQ-4537,SO-34919,DN-1712,Nigeria,PMO - US,From RDC,N/A - From RDC,Air Charter,ARV,Adult,SCMS from RDC,"Efavirenz 600mg, tablets, 30 Tabs",Efavirenz,Generic,600mg,Tablet,"Aurobindo Unit III, India",85664,30,751,3852.63,5.13,0.17,8.31,65,,TRUE,4/19/10,3/31/10,,
151-NG-T30,FPQ-4537,SO-35062,DN-1721,Nigeria,PMO - US,From RDC,N/A - From RDC,Air Charter,ARV,Adult,SCMS from RDC,"Lamivudine/Nevirapine/Zidovudine 150/200/300mg, tablets, 60 Tabs",Lamivudine/Nevirapine/Zidovudine,Generic,150/300/200mg,Tablet - FDC,"Aurobindo Unit III, India",85665,60,24615,276180.3,11.22,0.19,595.44,2888,,TRUE,4/19/10,3/31/10,,
151-NG-T30,FPQ-4537,SO-35066,DN-1726,Nigeria,PMO - US,From RDC,N/A - From RDC,Air Charter,ARV,Adult,SCMS from RDC,"Lamivudine/Nevirapine/Zidovudine 150/200/300mg, tablets, 60 Tabs",Lamivudine/Nevirapine/Zidovudine,Generic,150/300/200mg,Tablet - FDC,"Aurobindo Unit III, India",85666,60,140000,1570800,11.22,0.19,3386.64,16424,,TRUE,4/19/10,3/31/10,,
151-NG-T30,FPQ-4537,SO-35071,DN-1730,Nigeria,PMO - US,From RDC,N/A - From RDC,Air Charter,ARV,Adult,SCMS from RDC,"Emtricitabine/Tenofovir Disoproxil Fumarate 200/300mg, tablets, 30 Tabs",Emtricitabine/Tenofovir Disoproxil Fumarate,Generic,200/300mg,Tablet - FDC,Mylan (formerly Matrix) Nashik,85667,30,31000,364250,11.75,0.39,785.32,2501,,TRUE,4/19/10,3/31/10,,
151-NG-T30,FPQ-4537,SO-34893,DN-1703,Nigeria,PMO - US,From RDC,N/A - From RDC,Air Charter,ARV,Adult,SCMS from RDC,"Nevirapine 200mg, tablets, 60 Tabs",Nevirapine,Generic,200mg,Tablet,Hetero Unit III Hyderabad IN,85668,60,19701,53783.73,2.73,0.05,115.96,1150,,TRUE,4/19/10,3/31/10,,
114-UG-T30,FPQ-5275,SO-36240,DN-1770,Uganda,PMO - US,From RDC,N/A - From RDC,Air,ARV,Adult,SCMS from RDC,"Emtricitabine/Tenofovir Disoproxil Fumarate 200/300mg, tablets, 30 Tabs",Emtricitabine/Tenofovir Disoproxil Fumarate,Generic,200/300mg,Tablet - FDC,Mylan (formerly Matrix) Nashik,85669,30,1300,15275,11.75,0.39,32.93,105,2393.54,TRUE,6/4/10,4/15/10,,
151-NG-T30,FPQ-4537,SO-34914,DN-1778,Nigeria,PMO - US,From RDC,N/A - From RDC,Air Charter,ARV,Adult,SCMS from RDC,"Efavirenz 600mg, tablets, 30 Tabs",Efavirenz,Generic,600mg,Tablet,"Aurobindo Unit III, India",85670,30,7500,35625,4.75,0.16,76.81,662,9736.1,TRUE,5/31/10,5/18/10,,
151-NG-T30,FPQ-4537,SO-35051,DN-1821,Nigeria,PMO - US,From RDC,N/A - From RDC,Air Charter,ARV,Adult,SCMS from RDC,"Lamivudine/Zidovudine 150/300mg, tablets, 60 Tabs",Lamivudine/Zidovudine,Generic,150/300mg,Tablet - FDC,Hetero Unit III Hyderabad IN,85671,60,20579,180272.05,8.76,0.15,388.67,1773,9736.1,TRUE,5/31/10,5/18/10,,
113-ZW-T30,FPQ-4694,SO-35400,DN-1829,Zimbabwe,PMO - US,From RDC,N/A - From RDC,Truck,ARV,Adult,SCMS from RDC,"Efavirenz 600mg, tablets, 30 Tabs",Efavirenz,Generic,600mg,Tablet,"Aurobindo Unit III, India",85672,30,5900,28025,4.75,0.16,60.42,,,FALSE,5/31/10,5/31/10,,
106-HT-T30,FPQ-4384,SO-34650,DN-1833,Haiti,PMO - US,From RDC,N/A - From RDC,Air,ARV,Adult,SCMS from RDC,"Efavirenz 600mg, tablets, 30 Tabs",Efavirenz,Generic,600mg,Tablet,"Strides, Bangalore, India.",85673,30,6576,31236,4.75,0.16,67.34,,,FALSE,5/19/10,5/19/10,,
106-HT-T30,FPQ-4384,SO-34640,DN-1842,Haiti,PMO - US,From RDC,N/A - From RDC,Air,ARV,Pediatric,SCMS from RDC,"Abacavir 20mg/ml, oral solution, Bottle, 240 ml",Abacavir,Generic,20mg/ml,Oral solution,"Aurobindo Unit III, India",85674,240,256,3481.6,13.6,0.06,7.51,,,FALSE,6/2/10,6/9/10,,
106-HT-T30,FPQ-4384,SO-34640,DN-1842,Haiti,PMO - US,From RDC,N/A - From RDC,Air,ARV,Pediatric,SCMS from RDC,"Efavirenz 200mg, capsule, 90 Caps",Efavirenz,Generic,200mg,Capsule,"Aurobindo Unit III, India",85675,90,168,1631.28,9.71,0.11,3.52,,,FALSE,6/2/10,6/9/10,,
114-UG-T30,FPQ-5238,SO-36050,DN-1846,Uganda,PMO - US,From RDC,N/A - From RDC,Air,ARV,Adult,SCMS from RDC,"Emtricitabine/Tenofovir Disoproxil Fumarate 200/300mg, tablets, 30 Tabs",Emtricitabine/Tenofovir Disoproxil Fumarate,Generic,200/300mg,Tablet - FDC,Mylan (formerly Matrix) Nashik,85676,30,6000,70500,11.75,0.39,152,493,7879.03,TRUE,6/30/10,6/22/10,,
151-NG-T30,FPQ-4537,SO-36570,DN-1862,Nigeria,PMO - US,From RDC,N/A - From RDC,Air Charter,ARV,Adult,SCMS from RDC,"Lamivudine/Nevirapine/Zidovudine 150/200/300mg, tablets, 60 Tabs",Lamivudine/Nevirapine/Zidovudine,Generic,150/300/200mg,Tablet - FDC,"Aurobindo Unit III, India",85677,60,34826,390747.72,11.22,0.19,842.45,4099,,TRUE,6/30/10,6/28/10,,
104-CI-T30,FPQ-5201,SO-36350,DN-1878,Côte d'Ivoire,PMO - US,From RDC,N/A - From RDC,Air,ARV,Pediatric,SCMS from RDC,"Abacavir 20mg/ml, oral solution, Bottle, 240 ml",Abacavir,Generic,20mg/ml,Oral solution,"Aurobindo Unit III, India",85678,240,448,6092.8,13.6,0.06,13.14,,,FALSE,7/9/10,7/5/10,,
104-CI-T30,FPQ-4659,SO-35563,DN-1888,Côte d'Ivoire,PMO - US,From RDC,N/A - From RDC,Air,ARV,Pediatric,SCMS from RDC,"Didanosine 200mg, chewable/dispersible tablets, 60 Tabs",Didanosine,Generic,200mg,Chewable/dispersible tablet,"Aurobindo Unit III, India",85679,60,2788,43214,15.5,0.26,93.17,588,5121.68,TRUE,7/9/10,7/5/10,,
109-TZ-T30,FPQ-5237,SO-36041,DN-1890,Tanzania,PMO - US,From RDC,N/A - From RDC,Air,ARV,Adult,SCMS from RDC,"Nevirapine 200mg, tablets, 60 Tabs",Nevirapine,Generic,200mg,Tablet,"Cipla, Goa, India",85680,60,20124,54938.52,2.73,0.05,118.45,2262,10536.12,TRUE,7/21/10,7/8/10,,
151-NG-T30,FPQ-5023,SO-36466,DN-1897,Nigeria,PMO - US,From RDC,N/A - From RDC,Air,ARV,Adult,SCMS from RDC,"Nevirapine 200mg, tablets, 60 Tabs",Nevirapine,Generic,200mg,Tablet,"Strides, Bangalore, India.",85681,60,1000,2730,2.73,0.05,5.89,69,,TRUE,7/15/10,6/28/10,,
151-NG-T30,FPQ-5023,SO-36440,DN-1898,Nigeria,PMO - US,From RDC,N/A - From RDC,Air,ARV,Adult,SCMS from RDC,"Efavirenz 600mg, tablets, 30 Tabs",Efavirenz,Generic,600mg,Tablet,"Strides, Bangalore, India.",85682,30,44295,203757,4.6,0.15,439.3,3045,,TRUE,7/15/10,6/28/10,,
151-NG-T30,FPQ-4537,SO-35081,DN-1906,Nigeria,PMO - US,From RDC,N/A - From RDC,Air,ARV,Adult,SCMS from RDC,"Lamivudine/Tenofovir Disoproxil Fumarate 300/300mg, tablets, 30 Tabs",Lamivudine/Tenofovir Disoproxil Fumarate,Generic,300/300mg,Tablet - FDC,Mylan (formerly Matrix) Nashik,85683,30,75159,751590,10,0.33,1620.43,6773,,TRUE,7/21/10,6/28/10,,
151-NG-T30,FPQ-5023,SO-36480,DN-1908,Nigeria,PMO - US,From RDC,N/A - From RDC,Air,ARV,Adult,SCMS from RDC,"Stavudine 30mg, capsules, 60 Caps",Stavudine,Generic,30mg,Capsule,"Aurobindo Unit III, India",85684,60,2250,3285,1.46,0.02,7.08,763,,TRUE,7/15/10,6/28/10,,
151-NG-T30,FPQ-5023,SO-36491,DN-1910,Nigeria,PMO - US,From RDC,N/A - From RDC,Air,ARV,Adult,SCMS from RDC,"Lamivudine 150mg, tablets, 60 Tabs",Lamivudine,Generic,150mg,Tablet,"Aurobindo Unit III, India",85685,60,6000,14640,2.44,0.04,31.56,285,,TRUE,7/15/10,6/28/10,,
151-NG-T30,FPQ-5023,SO-36521,DN-1922,Nigeria,PMO - US,From RDC,N/A - From RDC,Air,ARV,Pediatric,SCMS from RDC,"Efavirenz 200mg, capsule, 90 Caps",Efavirenz,Generic,200mg,Capsule,"Aurobindo Unit III, India",85686,90,500,4855,9.71,0.11,10.47,60,,TRUE,7/15/10,6/28/10,,
151-NG-T30,FPQ-5023,SO-36530,DN-1924,Nigeria,PMO - US,From RDC,N/A - From RDC,Air,ARV,Adult,SCMS from RDC,"Lamivudine/Zidovudine+Efavirenz 150/300mg+600mg, tablets, co-blister 60+30 Tabs",Lamivudine/Zidovudine+Efavirenz,Generic,150/300mg+600mg,Tablet - FDC + co-blister,"Strides, Bangalore, India.",85687,90,213,4473,21,0.23,9.64,,,FALSE,7/15/10,6/28/10,,
151-NG-T30,FPQ-5023,SO-36410,DN-1928,Nigeria,PMO - US,From RDC,N/A - From RDC,Air,ARV,Adult,SCMS from RDC,"Emtricitabine/Tenofovir Disoproxil Fumarate 200/300mg, tablets, 30 Tabs",Emtricitabine/Tenofovir Disoproxil Fumarate,Generic,200/300mg,Tablet - FDC,Mylan (formerly Matrix) Nashik,85688,30,55797,655614.75,11.75,0.39,1413.51,4665,,TRUE,7/15/10,6/28/10,,
151-NG-T30,FPQ-5023,SO-36421,DN-1931,Nigeria,PMO - US,From RDC,N/A - From RDC,Air,ARV,Adult,SCMS from RDC,"Efavirenz/Emtricitabine/Tenofovir Disoproxil Fumarate 600/200/300mg, tablets, 30 Tabs",Efavirenz/Emtricitabine/Tenofovir Disoproxil Fumarate,Generic,600/200/300mg,Tablet - FDC,Mylan (formerly Matrix) Nashik,85689,30,35000,697200,19.92,0.66,1503.16,3869,,TRUE,7/15/10,6/28/10,,
151-NG-T30,FPQ-5023,SO-36423,DN-1933,Nigeria,PMO - US,From RDC,N/A - From RDC,Air,ARV,Adult,SCMS from RDC,"Efavirenz/Emtricitabine/Tenofovir Disoproxil Fumarate 600/200/300mg, tablets, 30 Tabs",Efavirenz/Emtricitabine/Tenofovir Disoproxil Fumarate,Generic,600/200/300mg,Tablet - FDC,Mylan (formerly Matrix) Nashik,85690,30,1000,19920,19.92,0.66,42.95,91,,TRUE,7/15/10,6/28/10,,
151-NG-T30,FPQ-5023,SO-36540,DN-1937,Nigeria,PMO - US,From RDC,N/A - From RDC,Air,ARV,Adult,SCMS from RDC,"Lamivudine/Zidovudine 150/300mg, tablets, 60 Tabs",Lamivudine/Zidovudine,Generic,150/300mg,Tablet - FDC,Mylan (formerly Matrix) Nashik,85691,60,33000,289080,8.76,0.15,623.26,2654,,TRUE,7/15/10,6/28/10,,
151-NG-T30,FPQ-5023,SO-36544,DN-1940,Nigeria,PMO - US,From RDC,N/A - From RDC,Air,ARV,Adult,SCMS from RDC,"Lamivudine/Zidovudine 150/300mg, tablets, 60 Tabs",Lamivudine/Zidovudine,Generic,150/300mg,Tablet - FDC,Mylan (formerly Matrix) Nashik,85692,60,2000,17520,8.76,0.15,37.77,161,,TRUE,7/15/10,6/28/10,,
114-UG-T30,FPQ-5238,SO-36070,DN-1949,Uganda,PMO - US,From RDC,N/A - From RDC,Air,ARV,Adult,SCMS from RDC,"Lamivudine/Zidovudine 150/300mg, tablets, 60 Tabs",Lamivudine/Zidovudine,Generic,150/300mg,Tablet - FDC,"Aurobindo Unit III, India",85693,60,3000,26280,8.76,0.15,56.66,,,FALSE,8/4/10,8/2/10,,
151-NG-T30,FPQ-5023,SO-36437,DN-1956,Nigeria,PMO - US,From RDC,N/A - From RDC,Air Charter,ARV,Adult,SCMS from RDC,"Lamivudine/Nevirapine/Zidovudine 150/200/300mg, tablets, 60 Tabs",Lamivudine/Nevirapine/Zidovudine,Generic,150/300/200mg,Tablet - FDC,"Aurobindo Unit III, India",85694,60,55070,617885.4,11.22,0.19,1332.16,7253,6147.18,TRUE,8/16/10,8/17/10,,
106-HT-T30,FPQ-5523,SO-36760,DN-1964,Haiti,PMO - US,From RDC,N/A - From RDC,Air,ARV,Pediatric,SCMS from RDC,"Lamivudine 10mg/ml, oral solution, Bottle, 240 ml",Lamivudine,Generic,10mg/ml,Oral solution,"Cipla, Goa, India",85695,240,3584,6917.12,1.93,0.01,14.91,,,FALSE,8/10/10,8/23/10,,
151-NG-T30,FPQ-5023,SO-36433,DN-1884,Nigeria,PMO - US,From RDC,N/A - From RDC,Air,ARV,Adult,SCMS from RDC,"Lamivudine/Nevirapine/Zidovudine 150/200/300mg, tablets, 60 Tabs",Lamivudine/Nevirapine/Zidovudine,Generic,150/300/200mg,Tablet - FDC,"Aurobindo Unit III, India",85696,60,10000,112200,11.22,0.19,241.9,1250,6147.18,TRUE,8/31/10,8/17/10,,
151-NG-T30,FPQ-5688,SO-36930,DN-1974,Nigeria,PMO - US,From RDC,N/A - From RDC,Air Charter,ARV,Adult,SCMS from RDC,"Lamivudine/Nevirapine/Zidovudine 150/200/300mg, tablets, 60 Tabs",Lamivudine/Nevirapine/Zidovudine,Generic,150/300/200mg,Tablet - FDC,"Aurobindo Unit III, India",85697,60,80000,897600,11.22,0.19,1935.23,10519,6147.18,TRUE,8/31/10,8/17/10,,
151-NG-T30,FPQ-5688,SO-36933,DN-1977,Nigeria,PMO - US,From RDC,N/A - From RDC,Air Charter,ARV,Adult,SCMS from RDC,"Lamivudine/Nevirapine/Zidovudine 150/200/300mg, tablets, 60 Tabs",Lamivudine/Nevirapine/Zidovudine,Generic,150/300/200mg,Tablet - FDC,"Aurobindo Unit III, India",85698,60,15000,168300,11.22,0.19,362.85,1972,6147.18,TRUE,8/31/10,8/17/10,,
151-NG-T30,FPQ-5023,SO-36450,DN-1980,Nigeria,PMO - US,From RDC,N/A - From RDC,Air Charter,ARV,Adult,SCMS from RDC,"Abacavir 300mg, tablets, 60 Tabs",Abacavir,Generic,300mg,Tablet,"Aurobindo Unit III, India",85699,60,2300,37812,16.44,0.27,81.52,336,6147.18,TRUE,8/31/10,8/17/10,,
104-CI-T30,FPQ-5201,SO-36311,DN-1982,Côte d'Ivoire,PMO - US,From RDC,N/A - From RDC,Air,ARV,Adult,SCMS from RDC,"Abacavir/Lamivudine 600/300mg, scored tablets, 30 Tabs",Abacavir/Lamivudine,Generic,600/300mg,Tablet - FDC,Mylan (formerly Matrix) Nashik,85700,30,1500,33750,22.5,0.75,72.76,,,FALSE,8/23/10,8/23/10,,
102-UG-T30,FPQ-6202,SO-37260,DN-1998,Uganda,PMO - US,From RDC,N/A - From RDC,Air,ARV,Adult,SCMS from RDC,"Lamivudine/Zidovudine 150/300mg, tablets, 60 Tabs",Lamivudine/Zidovudine,Generic,150/300mg,Tablet - FDC,Hetero Unit III Hyderabad IN,85702,60,2999,25641.45,8.55,0.14,55.28,,,FALSE,9/30/10,8/23/10,,
104-CI-T30,FPQ-5623,SO-36900,DN-2001,Côte d'Ivoire,PMO - US,From RDC,N/A - From RDC,Air,ARV,Adult,SCMS from RDC,"Lamivudine/Zidovudine 150/300mg, tablets, 60 Tabs",Lamivudine/Zidovudine,Generic,150/300mg,Tablet - FDC,Hetero Unit III Hyderabad IN,85703,60,40752,348429.6,8.55,0.14,751.21,3506,8815.65,TRUE,9/21/10,9/6/10,,
110-ZM-T30,FPQ-5702,SO-36844,DN-2003,Zambia,PMO - US,From RDC,N/A - From RDC,Air,ARV,Adult,SCMS from RDC,"Lamivudine/Zidovudine 150/300mg, tablets, 60 Tabs",Lamivudine/Zidovudine,Generic,150/300mg,Tablet - FDC,Hetero Unit III Hyderabad IN,85704,60,112227,959540.9,8.55,0.14,2068.77,,,FALSE,9/22/10,9/1/10,,
117-ET-T30,FPQ-5581,SO-36680,DN-2006,Ethiopia,PMO - US,From RDC,N/A - From RDC,Air,ARV,Adult,SCMS from RDC,"Lamivudine 150mg, tablets, 60 Tabs",Lamivudine,Generic,150mg,Tablet,"Aurobindo Unit III, India",85705,60,1800,4194,2.33,0.04,9.04,74,530.36,TRUE,9/15/10,9/13/10,,
104-CI-T30,FPQ-5623,SO-36880,DN-2011,Côte d'Ivoire,PMO - US,From RDC,N/A - From RDC,Air,ARV,Pediatric,SCMS from RDC,"Abacavir 20mg/ml, oral solution, Bottle, 240 ml",Abacavir,Generic,20mg/ml,Oral solution,"Aurobindo Unit III, India",85706,240,116,1577.6,13.6,0.06,3.4,,,FALSE,9/30/10,9/25/10,,
104-CI-T30,FPQ-5925,SO-37142,DN-2013,Côte d'Ivoire,PMO - US,From RDC,N/A - From RDC,Truck,ARV,Adult,SCMS from RDC,"Lamivudine/Stavudine 150/30mg, tablets, 60 Tabs",Lamivudine/Stavudine,Generic,150/30mg,Tablet - FDC,Mylan (formerly Matrix) Nashik,85707,60,2376,7793.28,3.28,0.05,16.8,189,8953.21,TRUE,9/30/10,9/25/10,,
111-MZ-T30,FPQ-5127,SO-36020,DN-2014,Mozambique,PMO - US,From RDC,N/A - From RDC,Truck,ARV,Adult,SCMS from RDC,"Lamivudine/Nevirapine/Zidovudine 150/200/300mg, tablets, 60 Tabs",Lamivudine/Nevirapine/Zidovudine,Generic,150/300/200mg,Tablet - FDC,Mylan (formerly Matrix) Nashik,85708,60,48551,544742.25,11.22,0.19,1174.46,15664,11884.42,TRUE,10/15/10,10/29/10,,
113-ZW-T30,FPQ-4694,SO-35380,DN-2019,Zimbabwe,PMO - US,From RDC,N/A - From RDC,Truck,ARV,Adult,SCMS from RDC,"Efavirenz 600mg, tablets, 30 Tabs",Efavirenz,Generic,600mg,Tablet,"Aurobindo Unit III, India",85709,30,5900,25606,4.34,0.14,55.21,,,FALSE,9/30/10,10/4/10,,
106-HT-T30,FPQ-5523,SO-36780,DN-2021,Haiti,PMO - US,From RDC,N/A - From RDC,Air,ARV,Adult,SCMS from RDC,"Stavudine 30mg, capsules, 60 Caps",Stavudine,Generic,30mg,Capsule,"Strides, Bangalore, India.",85710,60,14448,20371.68,1.41,0.02,43.92,,,FALSE,10/20/10,10/21/10,,
151-NG-T30,FPQ-5688,SO-37500,DN-2025,Nigeria,PMO - US,From RDC,N/A - From RDC,Air,ARV,Adult,SCMS from RDC,"Efavirenz/Emtricitabine/Tenofovir Disoproxil Fumarate 600/200/300mg, tablets, 30 Tabs",Efavirenz/Emtricitabine/Tenofovir Disoproxil Fumarate,Generic,600/200/300mg,Tablet - FDC,Mylan (formerly Matrix) Nashik,85711,30,33162,660587.06,19.92,0.66,1424.23,,,FALSE,10/22/10,11/10/10,,
102-UG-T30,FPQ-6202,SO-37270,DN-2028,Uganda,PMO - US,From RDC,N/A - From RDC,Truck,ARV,Adult,SCMS from RDC,"Lamivudine/Nevirapine/Zidovudine 150/200/300mg, tablets, 60 Tabs",Lamivudine/Nevirapine/Zidovudine,Generic,150/300/200mg,Tablet - FDC,"Aurobindo Unit III, India",85712,60,30000,336600,11.22,0.19,725.71,4050,15759.47,TRUE,10/29/10,10/15/10,,
110-ZM-T30,FPQ-5702,SO-36842,DN-2032,Zambia,PMO - US,From RDC,N/A - From RDC,Truck,ARV,Adult,SCMS from RDC,"Lamivudine/Nevirapine/Stavudine 150/200/30mg, tablets, 60 Tabs",Lamivudine/Nevirapine/Stavudine,Generic,150/200/30mg,Tablet - FDC,"Cipla, Goa, India",85713,60,69247,376011.22,5.43,0.09,810.68,,,FALSE,11/4/10,11/8/10,,
109-TZ-T30,FPQ-5237,SO-37180,DN-2040,Tanzania,PMO - US,From RDC,N/A - From RDC,Truck,ARV,Adult,SCMS from RDC,"Nevirapine 200mg, tablets, 60 Tabs",Nevirapine,Generic,200mg,Tablet,"Aurobindo Unit III, India",85714,60,110000,283800,2.58,0.04,611.87,12543,1979.75,TRUE,11/30/10,12/3/10,,
104-CI-T30,FPQ-5925,SO-37150,DN-2035,Côte d'Ivoire,PMO - US,From RDC,N/A - From RDC,Truck,ARV,Pediatric,SCMS from RDC,"Abacavir 20mg/ml, oral solution, Bottle, 240 ml",Abacavir,Generic,20mg/ml,Oral solution,"Aurobindo Unit III, India",85715,240,412,5603.2,13.6,0.06,12.08,,,FALSE,11/30/10,11/26/10,,
104-CI-T30,FPQ-5925,SO-37120,DN-2033,Côte d'Ivoire,PMO - US,From RDC,N/A - From RDC,Truck,ARV,Adult,SCMS from RDC,"Abacavir 300mg, tablets, 60 Tabs",Abacavir,Generic,300mg,Tablet,Mylan (formerly Matrix) Nashik,85716,60,5070,80562.3,15.89,0.26,173.69,,,FALSE,10/28/10,11/23/10,,
104-CI-T30,FPQ-5925,SO-37120,DN-2033,Côte d'Ivoire,PMO - US,From RDC,N/A - From RDC,Truck,ARV,Pediatric,SCMS from RDC,"Efavirenz 50mg, capsule, 30 Caps",Efavirenz,Generic,50mg,Capsule,"Aurobindo Unit III, India",85717,30,1764,3951.36,2.24,0.07,8.52,,,FALSE,10/28/10,11/23/10,,
104-CI-T30,FPQ-5925,SO-37120,DN-2033,Côte d'Ivoire,PMO - US,From RDC,N/A - From RDC,Truck,ARV,Adult,SCMS from RDC,"Efavirenz 600mg, tablets, 30 Tabs",Efavirenz,Generic,600mg,Tablet,Mylan (formerly Matrix) Nashik,85718,30,69384,313615.7,4.52,0.15,676.16,,,FALSE,10/28/10,11/23/10,,
113-ZW-T30,FPQ-4694,SO-35370,DN-2041,Zimbabwe,PMO - US,From RDC,N/A - From RDC,Truck,ARV,Adult,SCMS from RDC,"Lamivudine/Stavudine 150/30mg, tablets, 60 Tabs",Lamivudine/Stavudine,Generic,150/30mg,Tablet - FDC,"Cipla, Goa, India",85719,60,5900,18880,3.2,0.05,40.71,,,FALSE,11/30/10,11/25/10,,
151-NG-T30,FPQ-5023,SO-37210,DN-2046,Nigeria,PMO - US,From RDC,N/A - From RDC,Air Charter,ARV,Adult,SCMS from RDC,"Nevirapine 200mg, tablets, 60 Tabs",Nevirapine,Generic,200mg,Tablet,"Aurobindo Unit III, India",85720,60,350,903,2.58,0.04,1.95,40,20264.93,TRUE,11/16/10,11/10/10,,
102-UG-T30,FPQ-6202,SO-37510,DN-2048,Uganda,PMO - US,From RDC,N/A - From RDC,Air,ARV,Adult,SCMS from RDC,"Lamivudine/Nevirapine/Zidovudine 150/200/300mg, tablets, 60 Tabs",Lamivudine/Nevirapine/Zidovudine,Generic,150/300/200mg,Tablet - FDC,Mylan (formerly Matrix) Nashik,85721,60,115745,1298658.9,11.22,0.19,2799.91,15500,83195.98,TRUE,11/26/10,11/23/10,,
117-ET-T30,FPQ-6428,SO-37620,DN-2050,Ethiopia,PMO - US,From RDC,N/A - From RDC,Air,ARV,Adult,SCMS from RDC,"Zidovudine 300mg, tablets, 60 Tabs",Zidovudine,Generic,300mg,Tablet,"Aurobindo Unit III, India",85722,60,500,3605,7.21,0.12,7.77,,,FALSE,11/19/10,11/8/10,,
110-ZM-T30,FPQ-6221,SO-37320,DN-2054,Zambia,PMO - US,From RDC,N/A - From RDC,Truck,ARV,Adult,SCMS from RDC,"Lamivudine/Zidovudine 150/300mg, tablets, 60 Tabs",Lamivudine/Zidovudine,Generic,150/300mg,Tablet - FDC,"Aurobindo Unit III, India",85723,60,75000,641250,8.55,0.14,1382.54,,,FALSE,12/31/10,11/25/10,,
104-CI-T30,FPQ-5925,SO-37740,DN-2064,Côte d'Ivoire,PMO - US,From RDC,N/A - From RDC,Air,ARV,Adult,SCMS from RDC,"Stavudine 20mg, capsules, 60 Caps",Stavudine,Generic,20mg,Capsule,"Aurobindo Unit III, India",85724,60,1013,1448.59,1.43,0.02,3.12,,,FALSE,11/30/10,12/9/10,,
104-CI-T30,FPQ-5925,SO-37740,DN-2064,Côte d'Ivoire,PMO - US,From RDC,N/A - From RDC,Air,ARV,Pediatric,SCMS from RDC,"Nevirapine 10mg/ml, oral suspension w/syringe, Bottle, 240 ml",Nevirapine,Generic,10mg/ml,Oral suspension,"Aurobindo Unit III, India",85725,240,4200,8190,1.95,0.01,17.66,,,FALSE,11/30/10,12/9/10,,
200-DO-T30,FPQ-6616,SO-38020,DN-2065,Dominican Republic,PMO - US,From RDC,N/A - From RDC,Air,ARV,Adult,SCMS from RDC,"Stavudine 30mg, capsules, 60 Caps",Stavudine,Generic,30mg,Capsule,"Aurobindo Unit III, India",85726,60,1207,1689.8,1.4,0.02,2.79,,,FALSE,1/31/11,12/8/10,,
200-DO-T30,FPQ-6616,SO-38020,DN-2065,Dominican Republic,PMO - US,From RDC,N/A - From RDC,Air,ARV,Adult,SCMS from RDC,"Tenofovir Disoproxil Fumarate 300mg, tablets, 30 Tabs",Tenofovir Disoproxil Fumarate,Generic,300mg,Tablet,Mylan (formerly Matrix) Nashik,85727,30,2615,18383.45,7.03,0.23,30.33,,,FALSE,1/31/11,12/8/10,,
110-ZM-T30,FPQ-6221,SO-37340,DN-2072,Zambia,PMO - US,From RDC,N/A - From RDC,Truck,ARV,Adult,SCMS from RDC,"Nevirapine 200mg, tablets, 60 Tabs",Nevirapine,Generic,200mg,Tablet,Hetero Unit III Hyderabad IN,85728,60,10000,26600,2.66,0.04,57.35,,,FALSE,11/15/10,12/10/10,,
106-HT-T30,FPQ-6484,SO-37760,DN-2073,Haiti,PMO - US,From RDC,N/A - From RDC,Air,ARV,Adult,SCMS from RDC,"Emtricitabine/Tenofovir Disoproxil Fumarate 200/300mg, tablets, 30 Tabs",Emtricitabine/Tenofovir Disoproxil Fumarate,Generic,200/300mg,Tablet - FDC,Mylan (formerly Matrix) Nashik,85729,30,400,4700,11.75,0.39,10.13,,,FALSE,12/20/10,1/5/11,,
106-HT-T30,FPQ-6484,SO-37760,DN-2073,Haiti,PMO - US,From RDC,N/A - From RDC,Air,ARV,Pediatric,SCMS from RDC,"Lamivudine 10mg/ml, oral solution w/syringe, Bottle, 240 ml",Lamivudine,Generic,10mg/ml,Oral solution,"Aurobindo Unit III, India",85730,240,8000,14800,1.85,0.01,31.91,,,FALSE,12/20/10,1/5/11,,
151-NG-T30,FPQ-6243,SO-38320,DN-2090,Nigeria,PMO - US,From RDC,N/A - From RDC,Air Charter,ARV,Adult,SCMS from RDC,"Efavirenz/Emtricitabine/Tenofovir Disoproxil Fumarate 600/200/300mg, tablets, 30 Tabs",Efavirenz/Emtricitabine/Tenofovir Disoproxil Fumarate,Generic,600/200/300mg,Tablet - FDC,Mylan (formerly Matrix) Nashik,85731,30,43638,869268.94,19.92,0.66,1874.14,,,FALSE,2/22/11,2/16/11,,
151-NG-T30,FPQ-6243,SO-38320,DN-2090,Nigeria,PMO - US,From RDC,N/A - From RDC,Air Charter,ARV,Adult,SCMS from RDC,"Lamivudine/Nevirapine/Zidovudine 150/200/300mg, tablets, 60 Tabs",Lamivudine/Nevirapine/Zidovudine,Generic,150/300/200mg,Tablet - FDC,Mylan (formerly Matrix) Nashik,85732,60,100000,1122000,11.22,0.19,2419.03,,,FALSE,2/22/11,2/16/11,,
104-CI-T30,FPQ-5925,SO-37130,DN-2095,Côte d'Ivoire,PMO - US,From RDC,N/A - From RDC,Air,ARV,Adult,SCMS from RDC,"Lamivudine/Stavudine 150/30mg, tablets, 60 Tabs",Lamivudine/Stavudine,Generic,150/30mg,Tablet - FDC,Mylan (formerly Matrix) Nashik,85733,60,33998,111513.44,3.28,0.05,240.42,7275,8758.36,TRUE,2/22/11,2/22/11,,
104-CI-T30,FPQ-5925,SO-37130,DN-2095,Côte d'Ivoire,PMO - US,From RDC,N/A - From RDC,Air,ARV,Adult,SCMS from RDC,"Lamivudine/Stavudine 150/30mg, tablets, 60 Tabs",Lamivudine/Stavudine,Generic,150/30mg,Tablet - FDC,Mylan (formerly Matrix) Nashik,85734,60,63000,206640,3.28,0.05,445.52,,,FALSE,2/22/11,2/22/11,,
151-NG-T30,FPQ-6243,SO-38390,DN-2101,Nigeria,PMO - US,From RDC,N/A - From RDC,Air Charter,ARV,Adult,SCMS from RDC,"Tenofovir Disoproxil Fumarate 300mg, tablets, 30 Tabs",Tenofovir Disoproxil Fumarate,Generic,300mg,Tablet,"Aurobindo Unit III, India",85735,30,3000,19710,6.57,0.22,42.49,2252,43548,TRUE,2/17/11,2/16/11,,
109-TZ-T30,FPQ-5436,SO-36610,DN-2102,Tanzania,PMO - US,From RDC,N/A - From RDC,Air,ARV,Pediatric,SCMS from RDC,"Didanosine 100mg, chewable/dispersible tablets, 60 Tabs",Didanosine,Generic,100mg,Chewable/dispersible tablet,"Aurobindo Unit III, India",85736,60,625,4825,7.72,0.13,10.4,,,FALSE,2/28/11,2/28/11,,
109-TZ-T30,FPQ-5237,SO-37910,DN-2103,Tanzania,PMO - US,From RDC,N/A - From RDC,Truck,ARV,Adult,SCMS from RDC,"Nevirapine 200mg, tablets, 60 Tabs",Nevirapine,Generic,200mg,Tablet,"Aurobindo Unit III, India",85737,60,36576,94366.08,2.58,0.04,203.45,4145,1647,TRUE,2/28/11,2/28/11,,
104-CI-T30,FPQ-6499,SO-38500,DN-2110,Côte d'Ivoire,PMO - US,From RDC,N/A - From RDC,Air,ARV,Adult,SCMS from RDC,"Efavirenz/Emtricitabine/Tenofovir Disoproxil Fumarate 600/200/300mg, tablets, 30 Tabs",Efavirenz/Emtricitabine/Tenofovir Disoproxil Fumarate,Generic,600/200/300mg,Tablet - FDC,Mylan (formerly Matrix) Nashik,85738,30,4800,95616,19.92,0.66,157.77,532,7441.57,TRUE,2/15/11,2/23/11,,
106-HT-T30,FPQ-6484,SO-38120,DN-2113,Haiti,PMO - US,From RDC,N/A - From RDC,Air,ARV,Adult,SCMS from RDC,"Lamivudine/Tenofovir Disoproxil Fumarate 300/300mg, tablets, 30 Tabs",Lamivudine/Tenofovir Disoproxil Fumarate,Generic,300/300mg,Tablet - FDC,Mylan (formerly Matrix) Nashik,85739,30,1040,9172.8,8.82,0.29,19.78,,,FALSE,2/28/11,2/14/11,,
110-ZM-T30,FPQ-6222,SO-37350,DN-2117,Zambia,PMO - US,From RDC,N/A - From RDC,Truck,ARV,Adult,SCMS from RDC,"Efavirenz 600mg, tablets, 30 Tabs",Efavirenz,Generic,600mg,Tablet,Mylan (formerly Matrix) Nashik,85740,30,307216,1327173.1,4.32,0.14,2861.39,,,FALSE,3/31/11,3/7/11,,
110-ZM-T30,FPQ-6222,SO-37350,DN-2117,Zambia,PMO - US,From RDC,N/A - From RDC,Truck,ARV,Adult,SCMS from RDC,"Efavirenz 600mg, tablets, 30 Tabs",Efavirenz,Generic,600mg,Tablet,"Aurobindo Unit III, India",85741,30,11729,50669.28,4.32,0.14,109.24,,,FALSE,3/31/11,3/7/11,,
113-ZW-T30,FPQ-6470,SO-37830,DN-2127,Zimbabwe,PMO - US,From RDC,N/A - From RDC,Truck,ARV,Adult,SCMS from RDC,"Efavirenz 600mg, tablets, 30 Tabs",Efavirenz,Generic,600mg,Tablet,Mylan (formerly Matrix) Nashik,85742,30,6392,27741.28,4.34,0.14,59.81,,,FALSE,3/31/11,3/17/11,,
113-ZW-T30,FPQ-6470,SO-37830,DN-2127,Zimbabwe,PMO - US,From RDC,N/A - From RDC,Truck,ARV,Adult,SCMS from RDC,"Lamivudine/Stavudine 150/30mg, tablets, 60 Tabs",Lamivudine/Stavudine,Generic,150/30mg,Tablet - FDC,"Cipla, Goa, India",85743,60,4669,14940.8,3.2,0.05,32.21,,,FALSE,3/31/11,3/17/11,,
113-ZW-T30,FPQ-6470,SO-38830,DN-2128,Zimbabwe,PMO - US,From RDC,N/A - From RDC,Truck,ARV,Adult,SCMS from RDC,"Efavirenz 600mg, tablets, 30 Tabs",Efavirenz,Generic,600mg,Tablet,Mylan (formerly Matrix) Nashik,85744,30,6392,27741.28,4.34,0.14,59.81,,,FALSE,3/31/11,3/18/11,,
113-ZW-T30,FPQ-6470,SO-38830,DN-2128,Zimbabwe,PMO - US,From RDC,N/A - From RDC,Truck,ARV,Adult,SCMS from RDC,"Lamivudine/Tenofovir Disoproxil Fumarate 300/300mg, tablets, 30 Tabs",Lamivudine/Tenofovir Disoproxil Fumarate,Generic,300/300mg,Tablet - FDC,Mylan (formerly Matrix) Nashik,85745,30,10114,89205.48,8.82,0.29,192.33,,,FALSE,3/31/11,3/18/11,,
117-ET-T30,FPQ-7000,SO-38430,DN-2131,Ethiopia,PMO - US,From RDC,N/A - From RDC,Air,ARV,Adult,SCMS from RDC,"Lopinavir/Ritonavir 200/50mg [Aluvia], tablets, 120 Tabs",Lopinavir/Ritonavir,Aluvia,200/50mg,Tablet,ABBVIE Ludwigshafen Germany,85746,120,2680,96908.8,36.16,0.3,159.9,549,3600.65,TRUE,3/10/11,3/11/11,,
114-UG-T30,FPQ-7166,SO-38880,DN-2133,Uganda,PMO - US,From RDC,N/A - From RDC,Air,ARV,Adult,SCMS from RDC,"Zidovudine 300mg, tablets, 60 Tabs",Zidovudine,Generic,300mg,Tablet,"Aurobindo Unit III, India",85747,60,10000,72100,7.21,0.12,118.96,1108,10648.62,TRUE,3/11/11,3/22/11,,
104-CI-T30,FPQ-6495,SO-38770,DN-2147,Côte d'Ivoire,PMO - US,From RDC,N/A - From RDC,Air,ARV,Pediatric,SCMS from RDC,"Zidovudine 10mg/ml, oral solution w/syringe, Bottle, 240 ml",Zidovudine,Generic,10mg/ml,Oral solution,"Aurobindo Unit III, India",85748,240,5000,10500,2.1,0.01,22.64,1841,9447.08,TRUE,3/31/11,4/29/11,,
104-CI-T30,FPQ-6891,SO-38540,DN-2153,Côte d'Ivoire,PMO - US,From RDC,N/A - From RDC,Air,ARV,Adult,SCMS from RDC,"Abacavir 300mg, tablets, 60 Tabs",Abacavir,Generic,300mg,Tablet,Mylan (formerly Matrix) Nashik,85749,60,3564,55242,15.5,0.26,91.15,,,FALSE,4/20/11,6/10/11,,
104-CI-T30,FPQ-6891,SO-38570,DN-2161,Côte d'Ivoire,PMO - US,From RDC,N/A - From RDC,Air,ARV,Adult,SCMS from RDC,"Efavirenz/Emtricitabine/Tenofovir Disoproxil Fumarate 600/200/300mg, tablets, 30 Tabs",Efavirenz/Emtricitabine/Tenofovir Disoproxil Fumarate,Generic,600/200/300mg,Tablet - FDC,Mylan (formerly Matrix) Nashik,85750,30,5220,103982.4,19.92,0.66,171.57,,,FALSE,6/30/11,6/7/11,,
104-CI-T30,FPQ-6499,SO-37730,DN-2158,Côte d'Ivoire,PMO - US,From RDC,N/A - From RDC,Air,ARV,Adult,SCMS from RDC,"Efavirenz/Emtricitabine/Tenofovir Disoproxil Fumarate 600/200/300mg, tablets, 30 Tabs",Efavirenz/Emtricitabine/Tenofovir Disoproxil Fumarate,Generic,600/200/300mg,Tablet - FDC,Mylan (formerly Matrix) Nashik,85751,30,300,5976,19.92,0.66,9.86,,,FALSE,3/24/11,6/7/11,,
151-NG-T30,FPQ-6800,SO-39210,DN-2171,Nigeria,PMO - US,From RDC,N/A - From RDC,Air Charter,ARV,Adult,SCMS from RDC,"Nevirapine 200mg, tablets, 60 Tabs",Nevirapine,Generic,200mg,Tablet,"Aurobindo Unit III, India",85752,60,129557,325188.06,2.51,0.04,536.56,14710,12601.07,TRUE,6/21/11,5/10/11,,
151-NG-T30,FPQ-6800,SO-39220,DN-2172,Nigeria,PMO - US,From RDC,N/A - From RDC,Air Charter,ARV,Adult,SCMS from RDC,"Tenofovir Disoproxil Fumarate 300mg, tablets, 30 Tabs",Tenofovir Disoproxil Fumarate,Generic,300mg,Tablet,Mylan (formerly Matrix) Nashik,85753,30,156,1024.92,6.57,0.22,1.69,9,12601.07,TRUE,6/21/11,5/11/11,,
151-NG-T30,FPQ-6800,SO-38490,DN-2162,Nigeria,PMO - US,From RDC,N/A - From RDC,Air Charter,ARV,Adult,SCMS from RDC,"Lamivudine/Nevirapine/Zidovudine 150/200/300mg, tablets, 60 Tabs",Lamivudine/Nevirapine/Zidovudine,Generic,150/300/200mg,Tablet - FDC,"Aurobindo Unit III, India",85754,60,154667,1735363.8,11.22,0.19,2863.35,20339,12601.06,TRUE,3/31/11,5/10/11,,
200-ZW-T30,FPQ-6483,SO-39290,DN-2180,Zimbabwe,PMO - US,From RDC,N/A - From RDC,Truck,ARV,Pediatric,SCMS from RDC,"Lamivudine/Nevirapine/Zidovudine 30/50/60mg, dispersible tablets, 60 Tabs",Lamivudine/Nevirapine/Zidovudine,Generic,30/50/60mg,Chewable/dispersible tablet - FDC,Mylan (formerly Matrix) Nashik,85755,60,55000,233750,4.25,0.07,503.96,5357,3403.99,TRUE,4/20/11,5/20/11,,
111-MZ-T30,FPQ-7053,SO-38650,DN-2184,Mozambique,PMO - US,From RDC,N/A - From RDC,Truck,ARV,Adult,SCMS from RDC,"Lamivudine/Zidovudine 150/300mg, tablets, 60 Tabs",Lamivudine/Zidovudine,Generic,150/300mg,Tablet - FDC,"Aurobindo Unit III, India",85756,60,45000,384750,8.55,0.14,634.84,4171,3936.85,TRUE,5/11/11,5/25/11,,
151-NG-T30,FPQ-6800,SO-39200,DN-2170,Nigeria,PMO - US,From RDC,N/A - From RDC,Air Charter,ARV,Adult,SCMS from RDC,"Lamivudine/Zidovudine 150/300mg, tablets, 60 Tabs",Lamivudine/Zidovudine,Generic,150/300mg,Tablet - FDC,"Aurobindo Unit III, India",85757,60,137900,1139054,8.26,0.14,1879.44,12766,12601.07,TRUE,6/21/11,5/11/11,,
110-ZM-T30,FPQ-6482,SO-39130,DN-2194,Zambia,PMO - US,From RDC,N/A - From RDC,Truck,ARV,Adult,SCMS from RDC,"Nevirapine 200mg, tablets, 60 Tabs",Nevirapine,Generic,200mg,Tablet,Hetero Unit III Hyderabad IN,85758,60,84,210.84,2.51,0.04,0.45,6,3402.23,TRUE,4/30/11,5/20/11,,
110-ZM-T30,FPQ-6222,SO-38600,DN-2196,Zambia,PMO - US,From RDC,N/A - From RDC,Truck,ARV,Adult,SCMS from RDC,"Efavirenz 600mg, tablets, 30 Tabs",Efavirenz,Generic,600mg,Tablet,Hetero Unit III Hyderabad IN,85759,30,170858,721020.75,4.22,0.14,1554.52,,,FALSE,4/14/11,6/10/11,,
111-MZ-T30,FPQ-7053,SO-39530,DN-2206,Mozambique,PMO - US,From RDC,N/A - From RDC,Truck,ARV,Adult,SCMS from RDC,"Lamivudine 150mg, tablets, 60 Tabs",Lamivudine,Generic,150mg,Tablet,"Aurobindo Unit III, India",85760,60,2268,5284.44,2.33,0.04,8.72,109,1148.65,TRUE,6/30/11,7/13/11,,
114-UG-T30,FPQ-7166,SO-39660,DN-2222,Uganda,PMO - US,From RDC,N/A - From RDC,Air,ARV,Pediatric,SCMS from RDC,"Nevirapine 10mg/ml, oral suspension w/syringe, Bottle, 240 ml",Nevirapine,Generic,10mg/ml,Oral suspension,"Aurobindo Unit III, India",85761,240,20000,39000,1.95,0.01,64.35,7464,4605.44,TRUE,6/15/11,5/31/11,,
151-NG-T30,FPQ-6800,SO-39380,DN-2210,Nigeria,PMO - US,From RDC,N/A - From RDC,Air Charter,ARV,Adult,SCMS from RDC,"Nevirapine 200mg, tablets, 60 Tabs",Nevirapine,Generic,200mg,Tablet,"Aurobindo Unit III, India",85762,60,22623,56783.73,2.51,0.04,93.69,2809,13398.06,TRUE,6/21/11,7/6/11,,
104-CI-T30,FPQ-6495,SO-39670,DN-2232,Côte d'Ivoire,PMO - US,From RDC,N/A - From RDC,Air,ARV,Pediatric,SCMS from RDC,"Nevirapine 10mg/ml, oral suspension w/syringe, Bottle, 240 ml",Nevirapine,Generic,10mg/ml,Oral suspension,"Aurobindo Unit III, India",85763,240,3500,6825,1.95,0.01,14.71,1313,5597.54,TRUE,5/16/11,6/20/11,,
106-HT-T30,FPQ-6484,SO-39680,DN-2233,Haiti,PMO - US,From RDC,N/A - From RDC,Air,ARV,Pediatric,SCMS from RDC,"Nevirapine 10mg/ml, oral suspension w/syringe, Bottle, 240 ml",Nevirapine,Generic,10mg/ml,Oral suspension,"Aurobindo Unit III, India",85764,240,4000,7800,1.95,0.01,16.82,1496,14897.04,TRUE,5/16/11,6/20/11,,
105-GY-T30,FPQ-7621,SO-39720,DN-2231,Guyana,PMO - US,From RDC,N/A - From RDC,Air,ARV,Pediatric,SCMS from RDC,"Abacavir 20mg/ml, oral solution w/syringe, Bottle, 240 ml",Abacavir,Generic,20mg/ml,Oral solution,"Aurobindo Unit III, India",85765,240,178,2438.6,13.7,0.06,4.02,,,FALSE,10/27/11,6/15/11,,
105-GY-T30,FPQ-7621,SO-39720,DN-2231,Guyana,PMO - US,From RDC,N/A - From RDC,Air,ARV,Pediatric,SCMS from RDC,"Lamivudine 10mg/ml, oral solution w/syringe, Bottle, 240 ml",Lamivudine,Generic,10mg/ml,Oral solution,"Aurobindo Unit III, India",85766,240,375,693.75,1.85,0.01,1.14,,,FALSE,10/27/11,6/15/11,,
110-ZM-T30,FPQ-6677,SO-38060,DN-2254,Zambia,PMO - US,From RDC,N/A - From RDC,Truck,ARV,Adult,SCMS from RDC,"Lamivudine 150mg, tablets, 60 Tabs",Lamivudine,Generic,150mg,Tablet,"Aurobindo Unit III, India",85767,60,21621,50376.93,2.33,0.04,83.12,,,FALSE,7/15/11,7/11/11,,
111-MZ-T30,FPQ-7053,SO-39820,DN-2242,Mozambique,PMO - US,From RDC,N/A - From RDC,Truck,ARV,Pediatric,SCMS from RDC,"Nevirapine 10mg/ml, oral suspension, Bottle, 240 ml",Nevirapine,Generic,10mg/ml,Oral suspension,"Aurobindo Unit III, India",85768,240,24496,44092.8,1.8,0.01,72.75,,,FALSE,8/10/11,8/4/11,,
104-CI-T30,FPQ-6891,SO-39880,DN-2248,Côte d'Ivoire,PMO - US,From RDC,N/A - From RDC,Air,ARV,Adult,SCMS from RDC,"Stavudine 15mg, capsules, 60 Caps",Stavudine,Generic,15mg,Capsule,"Aurobindo Unit III, India",85769,60,207,273.24,1.32,0.02,0.45,12,2503.34,TRUE,6/30/11,6/26/11,,
100-BJ-T30,FPQ-7658,SO-39780,DN-2251,Benin,PMO - US,From RDC,N/A - From RDC,Air,ARV,Adult,SCMS from RDC,"Lamivudine/Zidovudine 150/300mg, tablets, 60 Tabs",Lamivudine/Zidovudine,Generic,150/300mg,Tablet - FDC,"Aurobindo Unit III, India",85770,60,15000,123900,8.26,0.14,204.44,1440,6477.67,TRUE,7/4/11,6/30/11,,
100-GH-T30,FPQ-7799,SO-39930,DN-2260,Ghana,PMO - US,From RDC,N/A - From RDC,Air,ARV,Adult,SCMS from RDC,"Nevirapine 200mg, tablets, 60 Tabs",Nevirapine,Generic,200mg,Tablet,Hetero Unit III Hyderabad IN,85771,60,25509,64027.59,2.51,0.04,105.65,2216,226.25,TRUE,7/4/11,7/20/11,,
106-HT-T30,FPQ-6801,SO-39910,DN-2263,Haiti,PMO - US,From RDC,N/A - From RDC,Air,ARV,Adult,SCMS from RDC,"Stavudine 30mg, capsules, 60 Caps",Stavudine,Generic,30mg,Capsule,"Aurobindo Unit III, India",85772,60,7830,10962,1.4,0.02,18.09,,,FALSE,7/19/11,6/28/11,,
106-HT-T30,FPQ-6801,SO-39910,DN-2263,Haiti,PMO - US,From RDC,N/A - From RDC,Air,ARV,Pediatric,SCMS from RDC,"Zidovudine 100mg, capsules, 100 Caps",Zidovudine,Generic,100mg,Capsule,"Aurobindo Unit III, India",85773,100,1500,7140,4.76,0.05,11.78,,,FALSE,7/19/11,6/28/11,,
106-HT-T30,FPQ-6801,SO-40160,DN-2278,Haiti,PMO - US,From RDC,N/A - From RDC,Air,ARV,Adult,SCMS from RDC,"Lamivudine/Zidovudine 150/300mg, tablets, 60 Tabs",Lamivudine/Zidovudine,Generic,150/300mg,Tablet - FDC,Hetero Unit III Hyderabad IN,85774,60,20642,176489.1,8.55,0.14,291.21,1778,28585.57,TRUE,7/19/11,7/21/11,,
110-ZM-T30,FPQ-7085,SO-38731,DN-2280,Zambia,PMO - US,From RDC,N/A - From RDC,Truck,ARV,Adult,SCMS from RDC,"Zidovudine 300mg, tablets, 60 Tabs",Zidovudine,Generic,300mg,Tablet,Hetero Unit III Hyderabad IN,85775,60,26000,187460,7.21,0.12,309.31,1405,3949.19,TRUE,8/18/11,8/5/11,,
111-MZ-T30,FPQ-7053,SO-38631,DN-2281,Mozambique,PMO - US,From RDC,N/A - From RDC,Truck,ARV,Adult,SCMS from RDC,"Lamivudine/Nevirapine/Stavudine 150/200/30mg, tablets, 60 Tabs",Lamivudine/Nevirapine/Stavudine,Generic,150/200/30mg,Tablet - FDC,"Cipla, Goa, India",85776,60,81270,451861.2,5.56,0.09,745.57,8491,10605.03,TRUE,11/17/11,11/17/11,,
104-CI-T30,FPQ-6495,SO-39390,DN-2294,Côte d'Ivoire,PMO - US,From RDC,N/A - From RDC,Air,ARV,Pediatric,SCMS from RDC,"Nevirapine 10mg/ml, oral suspension w/syringe, Bottle, 240 ml",Nevirapine,Generic,10mg/ml,Oral suspension,"Aurobindo Unit III, India",85777,240,600,1170,1.95,0.01,2.52,224,3545.1,TRUE,7/22/11,7/22/11,,
104-CI-T30,FPQ-7659,SO-40121,DN-2304,Côte d'Ivoire,PMO - US,From RDC,N/A - From RDC,Air,ARV,Adult,SCMS from RDC,"Emtricitabine/Tenofovir Disoproxil Fumarate 200/300mg, tablets, 30 Tabs",Emtricitabine/Tenofovir Disoproxil Fumarate,Generic,200/300mg,Tablet - FDC,Mylan (formerly Matrix) Nashik,85778,30,4269,44995.26,10.54,0.35,74.24,,,FALSE,9/27/11,9/12/11,,
113-ZW-T30,FPQ-6470,SO-37840,DN-2307,Zimbabwe,PMO - US,From RDC,N/A - From RDC,Truck,ARV,Adult,SCMS from RDC,"Efavirenz 600mg, tablets, 30 Tabs",Efavirenz,Generic,600mg,Tablet,Hetero Unit III Hyderabad IN,85779,30,6392,27741.28,4.34,0.14,59.81,539,1709.78,TRUE,9/6/11,9/5/11,,
114-UG-T30,FPQ-8048,SO-40220,DN-2313,Uganda,PMO - US,From RDC,N/A - From RDC,Truck,ARV,Adult,SCMS from RDC,"Lamivudine 150mg, tablets, 60 Tabs",Lamivudine,Generic,150mg,Tablet,Hetero Unit III Hyderabad IN,85780,60,1946,4534.18,2.33,0.04,7.48,195,2070.68,TRUE,9/22/11,8/26/11,,
109-TZ-T30,FPQ-7675,SO-39751,DN-2314,Tanzania,PMO - US,From RDC,N/A - From RDC,Air,ARV,Adult,SCMS from RDC,"Tenofovir Disoproxil Fumarate 300mg, tablets, 30 Tabs",Tenofovir Disoproxil Fumarate,Generic,300mg,Tablet,Mylan (formerly Matrix) Nashik,85781,30,4279,28113.03,6.57,0.22,46.39,259,1553.64,TRUE,9/30/11,8/30/11,,
114-UG-T30,FPQ-7162,SO-38802,DN-2315,Uganda,PMO - US,From RDC,N/A - From RDC,Truck,ARV,Adult,SCMS from RDC,"Lamivudine/Zidovudine 150/300mg, tablets, 60 Tabs",Lamivudine/Zidovudine,Generic,150/300mg,Tablet - FDC,"Aurobindo Unit III, India",85782,60,32000,264320,8.26,0.14,436.13,3026,14406.99,TRUE,8/5/11,8/24/11,,
111-MZ-T30,FPQ-7053,SO-38680,DN-2316,Mozambique,PMO - US,From RDC,N/A - From RDC,Truck,ARV,Adult,SCMS from RDC,"Lamivudine 150mg, tablets, 60 Tabs",Lamivudine,Generic,150mg,Tablet,Hetero Unit III Hyderabad IN,85783,60,3357,7821.81,2.33,0.04,12.91,181,315.51,TRUE,9/30/11,9/15/11,,
110-ZM-T30,FPQ-7085,SO-38741,DN-2322,Zambia,PMO - US,From RDC,N/A - From RDC,Truck,ARV,Adult,SCMS from RDC,"Nevirapine 200mg, tablets, 60 Tabs",Nevirapine,Generic,200mg,Tablet,"Strides, Bangalore, India.",85784,60,20927,52526.77,2.51,0.04,86.67,,,FALSE,9/29/11,8/29/11,,
111-MZ-T30,FPQ-7053,SO-40410,DN-2335,Mozambique,PMO - US,From RDC,N/A - From RDC,Truck,ARV,Adult,SCMS from RDC,"Stavudine 30mg, capsules, 60 Caps",Stavudine,Generic,30mg,Capsule,"Aurobindo Unit III, India",85786,60,538,753.2,1.4,0.02,1.24,43,888.93,TRUE,9/20/11,9/30/11,,
110-ZM-T30,FPQ-7233,SO-39050,DN-2341,Zambia,PMO - US,From RDC,N/A - From RDC,Truck,ARV,Adult,SCMS from RDC,"Zidovudine 300mg, tablets, 60 Tabs",Zidovudine,Generic,300mg,Tablet,Hetero Unit III Hyderabad IN,85787,60,1917,13821.57,7.21,0.12,22.81,2629,3139.96,TRUE,9/21/11,9/26/11,,
110-ZM-T30,FPQ-7233,SO-39050,DN-2341,Zambia,PMO - US,From RDC,N/A - From RDC,Truck,ARV,Adult,SCMS from RDC,"Zidovudine 300mg, tablets, 60 Tabs",Zidovudine,Generic,300mg,Tablet,Hetero Unit III Hyderabad IN,85788,60,44163,318415.22,7.21,0.12,525.39,,,FALSE,9/21/11,9/26/11,,
114-UG-T30,FPQ-7162,SO-38803,DN-2344,Uganda,PMO - US,From RDC,N/A - From RDC,Truck,ARV,Adult,SCMS from RDC,"Lamivudine/Tenofovir Disoproxil Fumarate 300/300mg, tablets, 30 Tabs",Lamivudine/Tenofovir Disoproxil Fumarate,Generic,300/300mg,Tablet - FDC,Mylan (formerly Matrix) Nashik,85789,30,5000,41150,8.23,0.27,67.9,607,4911.39,TRUE,9/30/11,9/26/11,,
110-ZM-T30,FPQ-7085,SO-38733,DN-2357,Zambia,PMO - US,From RDC,N/A - From RDC,Truck,ARV,Adult,SCMS from RDC,"Efavirenz 600mg, tablets, 30 Tabs",Efavirenz,Generic,600mg,Tablet,Hetero Unit III Hyderabad IN,85790,30,49142,212293.44,4.32,0.14,350.28,,,FALSE,10/31/11,9/26/11,,
105-GY-T30,FPQ-8024,SO-40450,DN-2361,Guyana,PMO - US,From RDC,N/A - From RDC,Air,ARV,Pediatric,SCMS from RDC,"Efavirenz 200mg, capsule, 90 Caps",Efavirenz,Generic,200mg,Capsule,"Aurobindo Unit III, India",85791,90,106,940.22,8.87,0.1,1.55,,,FALSE,12/15/11,9/28/11,,
100-ZW-T30,FPQ-7559,SO-39551,DN-2362,Zimbabwe,PMO - US,From RDC,N/A - From RDC,Truck,ARV,Pediatric,SCMS from RDC,"Lamivudine/Zidovudine 30/60mg, tablets, 60 Tabs",Lamivudine/Zidovudine,Generic,30/60mg,Tablet - FDC,Mylan (formerly Matrix) Nashik,85792,60,4980,16185,3.25,0.05,26.71,,,FALSE,10/21/11,10/21/11,,
109-TZ-T30,FPQ-7675,SO-39752,DN-2374,Tanzania,PMO - US,From RDC,N/A - From RDC,Air,ARV,Adult,SCMS from RDC,"Efavirenz/Emtricitabine/Tenofovir Disoproxil Fumarate 600/200/300mg, tablets, 30 Tabs",Efavirenz/Emtricitabine/Tenofovir Disoproxil Fumarate,Generic,600/200/300mg,Tablet - FDC,Mylan (formerly Matrix) Nashik,85795,30,6840,136252.8,19.92,0.66,224.82,778,,TRUE,9/30/11,9/23/11,,
105-GY-T30,FPQ-8024,SO-40450,DN-2381,Guyana,PMO - US,From RDC,N/A - From RDC,Air,ARV,Adult,SCMS from RDC,"Lamivudine 150mg, tablets, 60 Tabs",Lamivudine,Generic,150mg,Tablet,"Aurobindo Unit III, India",85796,60,696,1621.68,2.33,0.04,2.68,33,1002.59,TRUE,12/15/11,10/5/11,,
151-NG-T30,FPQ-7812,SO-40721,DN-2393,Nigeria,PMO - US,From RDC,N/A - From RDC,Air Charter,ARV,Adult,SCMS from RDC,"Emtricitabine/Tenofovir Disoproxil Fumarate 200/300mg, tablets, 30 Tabs",Emtricitabine/Tenofovir Disoproxil Fumarate,Generic,200/300mg,Tablet - FDC,"Aurobindo Unit III, India",85797,30,17038,152830.86,8.97,0.3,252.17,1722,21326.73,TRUE,12/5/11,10/17/11,,
151-NG-T30,FPQ-8364,SO-40725,DN-2402,Nigeria,PMO - US,From RDC,N/A - From RDC,Air Charter,ARV,Adult,SCMS from RDC,"Lamivudine/Zidovudine 150/300mg, tablets, 60 Tabs",Lamivudine/Zidovudine,Generic,150/300mg,Tablet - FDC,"Aurobindo Unit III, India",85798,60,88433,730456.56,8.26,0.14,1205.25,8935,21326.73,TRUE,3/2/12,10/14/11,,
104-CI-T30,FPQ-8295,SO-40770,DN-2405,Côte d'Ivoire,PMO - US,From RDC,N/A - From RDC,Truck,ARV,Adult,SCMS from RDC,"Abacavir/Lamivudine 600/300mg, scored tablets, 30 Tabs",Abacavir/Lamivudine,Generic,600/300mg,Tablet - FDC,Mylan (formerly Matrix) Nashik,85799,30,2790,62775,22.5,0.75,103.58,,,FALSE,11/11/11,10/31/11,,
106-HT-T30,FPQ-6801,SO-38210,DN-2408,Haiti,PMO - US,From RDC,N/A - From RDC,Air,ARV,Pediatric,SCMS from RDC,"Nevirapine 10mg/ml, oral suspension w/syringe, Bottle, 240 ml",Nevirapine,Generic,10mg/ml,Oral suspension,"Aurobindo Unit III, India",85800,240,2848,5553.6,1.95,0.01,9.16,1066,10794.84,TRUE,10/31/11,11/8/11,,
100-ZW-T30,FPQ-7559,SO-39540,DN-2409,Zimbabwe,PMO - US,From RDC,N/A - From RDC,Truck,ARV,Pediatric,SCMS from RDC,"Abacavir 20mg/ml, oral solution, Bottle, 240 ml",Abacavir,Generic,20mg/ml,Oral solution,"Cipla, Goa, India",85801,240,592,8051.2,13.6,0.06,13.28,195,221.96,TRUE,11/30/11,11/21/11,,
113-ZW-T30,FPQ-7052,SO-38513,DN-2410,Zimbabwe,PMO - US,From RDC,N/A - From RDC,Truck,ARV,Adult,SCMS from RDC,"Lamivudine/Stavudine 150/30mg, tablets, 60 Tabs",Lamivudine/Stavudine,Generic,150/30mg,Tablet - FDC,"Strides, Bangalore, India.",85802,60,4593,13549.35,2.95,0.05,22.36,,,FALSE,11/14/11,11/21/11,,
104-CI-T30,FPQ-8295,SO-40750,DN-2420,Côte d'Ivoire,PMO - US,From RDC,N/A - From RDC,Truck,ARV,Adult,SCMS from RDC,"Emtricitabine/Tenofovir Disoproxil Fumarate 200/300mg, tablets, 30 Tabs",Emtricitabine/Tenofovir Disoproxil Fumarate,Generic,200/300mg,Tablet - FDC,"Aurobindo Unit III, India",85803,30,14480,129885.6,8.97,0.3,214.31,,,FALSE,12/9/11,11/19/11,,
110-ZM-T30,FPQ-7767,SO-40250,DN-2430,Zambia,PMO - US,From RDC,N/A - From RDC,Truck,ARV,Adult,SCMS from RDC,"Efavirenz 600mg, tablets, 30 Tabs",Efavirenz,Generic,600mg,Tablet,Mylan (formerly Matrix) Nashik,85804,30,230000,970600,4.22,0.14,1601.49,18968,22168.18,TRUE,1/24/12,11/28/11,,
110-ZM-T30,FPQ-7767,SO-40271,DN-2431,Zambia,PMO - US,From RDC,N/A - From RDC,Truck,ARV,Adult,SCMS from RDC,"Abacavir 300mg, tablets, 60 Tabs",Abacavir,Generic,300mg,Tablet,Mylan (formerly Matrix) Nashik,85805,60,2548,38321.92,15.04,0.25,63.23,257,361.73,TRUE,2/28/12,11/28/11,,
113-ZW-T30,FPQ-7052,SO-38521,DN-2441,Zimbabwe,PMO - US,From RDC,N/A - From RDC,Truck,ARV,Adult,SCMS from RDC,"Efavirenz 600mg, tablets, 30 Tabs",Efavirenz,Generic,600mg,Tablet,Mylan (formerly Matrix) Nashik,85806,30,6392,26335.04,4.12,0.14,43.45,,,FALSE,12/7/11,12/9/11,,
113-ZW-T30,FPQ-7560,SO-39450,DN-2442,Zimbabwe,PMO - US,From RDC,N/A - From RDC,Truck,ARV,Adult,SCMS from RDC,"Zidovudine 300mg, tablets, 60 Tabs",Zidovudine,Generic,300mg,Tablet,Hetero Unit III Hyderabad IN,85807,60,18534,130108.68,7.02,0.12,214.68,1013,5216.63,TRUE,12/14/11,12/9/11,,
151-NG-T30,FPQ-8364,SO-40651,DN-2453,Nigeria,PMO - US,From RDC,N/A - From RDC,Air Charter,ARV,Adult,SCMS from RDC,"Efavirenz 600mg, tablets, 30 Tabs",Efavirenz,Generic,600mg,Tablet,"Strides, Bangalore, India.",85808,30,10944,46183.68,4.22,0.14,76.2,726,15322.73,TRUE,3/2/12,12/18/11,,
110-ZM-T30,FPQ-7667,SO-40242,DN-2457,Zambia,PMO - US,From RDC,N/A - From RDC,Truck,ARV,Pediatric,SCMS from RDC,"Nevirapine 10mg/ml, oral suspension w/syringe, Bottle, 240 ml",Nevirapine,Generic,10mg/ml,Oral suspension,"Aurobindo Unit III, India",85809,240,8000,15600,1.95,0.01,25.74,3088,6476.69,TRUE,1/10/12,1/20/12,,
104-CI-T30,FPQ-8295,SO-40791,DN-2459,Côte d'Ivoire,PMO - US,From RDC,N/A - From RDC,Truck,ARV,Pediatric,SCMS from RDC,"Efavirenz 50mg, capsule, 30 Caps",Efavirenz,Generic,50mg,Capsule,"Aurobindo Unit III, India",85810,30,2772,6209.28,2.24,0.07,10.25,,,FALSE,2/6/12,2/6/12,,
111-MZ-T30,FPQ-8157,SO-40350,DN-2481,Mozambique,PMO - US,From RDC,N/A - From RDC,Truck,ARV,Adult,SCMS from RDC,"Lamivudine/Nevirapine/Zidovudine 150/200/300mg, tablets, 60 Tabs",Lamivudine/Nevirapine/Zidovudine,Generic,150/300/200mg,Tablet - FDC,Mylan (formerly Matrix) Nashik,85812,60,250000,2805000,11.22,0.19,4628.25,32538,20179.39,TRUE,2/29/12,2/22/12,,
101-CD-T30,FPQ-8840,SO-41130,DN-2492,"Congo, DRC",PMO - US,From RDC,N/A - From RDC,Air,ARV,Adult,SCMS from RDC,"Efavirenz 600mg, tablets, 30 Tabs",Efavirenz,Generic,600mg,Tablet,"Strides, Bangalore, India.",85813,30,4,16.48,4.12,0.14,0.02,,,FALSE,3/16/12,2/14/12,,
101-CD-T30,FPQ-8840,SO-41131,DN-2493,"Congo, DRC",PMO - US,From RDC,N/A - From RDC,Air,ARV,Adult,SCMS from RDC,"Lamivudine/Nevirapine/Zidovudine 150/200/300mg, tablets, 60 Tabs",Lamivudine/Nevirapine/Zidovudine,Generic,150/300/200mg,Tablet - FDC,Mylan (formerly Matrix) Nashik,85814,60,174,1914,11,0.18,2.68,,,FALSE,3/16/12,2/14/12,,
101-CD-T30,FPQ-8840,SO-41131,DN-2493,"Congo, DRC",PMO - US,From RDC,N/A - From RDC,Air,ARV,Adult,SCMS from RDC,"Lopinavir/Ritonavir 200/50mg, tablets, 120 Tabs",Lopinavir/Ritonavir,Generic,200/50mg,Tablet,"Aurobindo Unit III, India",85815,120,23,776.02,33.74,0.28,1.09,,,FALSE,3/16/12,2/14/12,,
101-CD-T30,FPQ-8840,SO-41132,DN-2494,"Congo, DRC",PMO - US,From RDC,N/A - From RDC,Air,ARV,Adult,SCMS from RDC,"Lamivudine/Zidovudine 150/300mg, tablets, 60 Tabs",Lamivudine/Zidovudine,Generic,150/300mg,Tablet - FDC,"Aurobindo Unit III, India",85816,60,67,553.42,8.26,0.14,0.78,,,FALSE,3/16/12,2/14/12,,
101-CD-T30,FPQ-8840,SO-41135,DN-2497,"Congo, DRC",PMO - US,From RDC,N/A - From RDC,Air,ARV,Adult,SCMS from RDC,"Lamivudine/Zidovudine 150/300mg, tablets, 60 Tabs",Lamivudine/Zidovudine,Generic,150/300mg,Tablet - FDC,"Aurobindo Unit III, India",85817,60,41,338.66,8.26,0.14,0.47,,,FALSE,3/16/12,2/14/12,,
105-GY-T30,FPQ-8620,SO-41000,DN-2503,Guyana,PMO - US,From RDC,N/A - From RDC,Air,ARV,Pediatric,SCMS from RDC,"Lamivudine 10mg/ml, oral solution w/syringe, Bottle, 240 ml",Lamivudine,Generic,10mg/ml,Oral solution,"Aurobindo Unit III, India",85819,240,140,259,1.85,0.01,0.36,,,FALSE,3/30/12,2/4/12,,
101-CD-T30,FPQ-8840,SO-41143,DN-2507,"Congo, DRC",PMO - US,From RDC,N/A - From RDC,Air,ARV,Adult,SCMS from RDC,"Lamivudine/Tenofovir Disoproxil Fumarate 300/300mg, tablets, 30 Tabs",Lamivudine/Tenofovir Disoproxil Fumarate,Generic,300/300mg,Tablet - FDC,Mylan (formerly Matrix) Nashik,85820,30,15,91.2,6.08,0.2,0.13,,,FALSE,3/16/12,4/11/12,,
101-CD-T30,FPQ-8840,SO-41144,DN-2508,"Congo, DRC",PMO - US,From RDC,N/A - From RDC,Air,ARV,Adult,SCMS from RDC,"Zidovudine 300mg, tablets, 60 Tabs",Zidovudine,Generic,300mg,Tablet,Hetero Unit III Hyderabad IN,85821,60,187,1312.74,7.02,0.12,1.84,125,1554.64,TRUE,3/16/12,3/14/12,,
101-CD-T30,FPQ-8840,SO-41148,DN-2512,"Congo, DRC",PMO - US,From RDC,N/A - From RDC,Air,ARV,Adult,SCMS from RDC,"Zidovudine 300mg, tablets, 60 Tabs",Zidovudine,Generic,300mg,Tablet,Hetero Unit III Hyderabad IN,85822,60,2197,15422.94,7.02,0.12,21.62,,,FALSE,3/16/12,3/14/12,,
113-ZW-T30,FPQ-7052,SO-38520,DN-2519,Zimbabwe,PMO - US,From RDC,N/A - From RDC,Truck,ARV,Adult,SCMS from RDC,"Lamivudine/Tenofovir Disoproxil Fumarate 300/300mg, tablets, 30 Tabs",Lamivudine/Tenofovir Disoproxil Fumarate,Generic,300/300mg,Tablet - FDC,Mylan (formerly Matrix) Nashik,85823,30,10114,61493.12,6.08,0.2,101.46,,,FALSE,2/29/12,2/16/12,,
101-CD-T30,FPQ-8840,SO-41387,DN-2528,"Congo, DRC",PMO - US,From RDC,N/A - From RDC,Air,ARV,Adult,SCMS from RDC,"Lamivudine 150mg, tablets, 60 Tabs",Lamivudine,Generic,150mg,Tablet,Hetero Unit III Hyderabad IN,85824,60,220,512.6,2.33,0.04,0.72,12,91.43,TRUE,3/22/12,3/22/12,,
104-CI-T30,FPQ-8295,SO-40792,DN-2531,Côte d'Ivoire,PMO - US,From RDC,N/A - From RDC,Truck,ARV,Pediatric,SCMS from RDC,"Didanosine 200mg, delayed-release capsules, 30 Caps",Didanosine,Generic,200mg,Delayed-release capsules,"Aurobindo Unit III, India",85825,30,650,7150,11,0.37,11.8,61,1572.97,TRUE,2/29/12,2/8/12,,
110-ZM-T30,FPQ-8759,SO-41121,DN-2532,Zambia,PMO - US,From RDC,N/A - From RDC,Truck,ARV,Adult,SCMS from RDC,"Efavirenz 600mg, tablets, 30 Tabs",Efavirenz,Generic,600mg,Tablet,Mylan (formerly Matrix) Nashik,85826,30,113614,468089.7,4.12,0.14,656.26,,,FALSE,4/27/12,2/17/12,,
106-HT-T30,FPQ-9056,SO-41300,DN-2535,Haiti,PMO - US,From RDC,N/A - From RDC,Air,ARV,Pediatric,SCMS from RDC,"Efavirenz 50mg, capsule, 30 Caps",Efavirenz,Generic,50mg,Capsule,"Aurobindo Unit III, India",85827,30,1680,3763.2,2.24,0.07,5.28,,,FALSE,3/2/12,3/12/12,,
109-TZ-T30,FPQ-8303,SO-40520,DN-2536,Tanzania,PMO - US,From RDC,N/A - From RDC,Truck,ARV,Pediatric,SCMS from RDC,"Nevirapine 10mg/ml, oral suspension w/syringe, Bottle, 240 ml",Nevirapine,Generic,10mg/ml,Oral suspension,"Aurobindo Unit III, India",85828,240,32554,63480.3,1.95,0.01,104.74,,,TRUE,3/30/12,3/12/12,,
104-CI-T30,FPQ-8787,SO-41160,DN-2552,Côte d'Ivoire,PMO - US,From RDC,N/A - From RDC,Air,ARV,Adult,SCMS from RDC,"Efavirenz 600mg, tablets, 30 Tabs",Efavirenz,Generic,600mg,Tablet,"Strides, Bangalore, India.",85829,30,12446,51277.52,4.12,0.14,71.89,,,FALSE,3/19/12,2/24/12,,
104-CI-T30,FPQ-8363,SO-40840,DN-2553,Côte d'Ivoire,PMO - US,From RDC,N/A - From RDC,Truck,ARV,Adult,SCMS from RDC,"Abacavir/Lamivudine 600/300mg, scored tablets, 30 Tabs",Abacavir/Lamivudine,Generic,600/300mg,Tablet - FDC,Mylan (formerly Matrix) Nashik,85830,30,1260,28350,22.5,0.75,46.78,122,1131.63,TRUE,3/30/12,2/24/12,,
104-CI-T30,FPQ-8363,SO-40841,DN-2555,Côte d'Ivoire,PMO - US,From RDC,N/A - From RDC,Truck,ARV,Adult,SCMS from RDC,"Efavirenz/Emtricitabine/Tenofovir Disoproxil Fumarate 600/200/300mg, tablets, 30 Tabs",Efavirenz/Emtricitabine/Tenofovir Disoproxil Fumarate,Generic,600/200/300mg,Tablet - FDC,Mylan (formerly Matrix) Nashik,85831,30,7140,119452.2,16.73,0.56,197.1,779,4646.14,TRUE,3/30/12,2/24/12,,
151-NG-T30,FPQ-8364,SO-40650,DN-2559,Nigeria,PMO - US,From RDC,N/A - From RDC,Air Charter,ARV,Adult,SCMS from RDC,"Nevirapine 200mg, tablets, 60 Tabs",Nevirapine,Generic,200mg,Tablet,"Aurobindo Unit III, India",85832,60,51355,125819.75,2.45,0.04,207.6,6436,25231.96,TRUE,3/2/12,2/16/12,,
151-NG-T30,FPQ-8364,SO-40664,DN-2560,Nigeria,PMO - US,From RDC,N/A - From RDC,Air Charter,ARV,Adult,SCMS from RDC,"Lamivudine/Nevirapine/Zidovudine 150/200/300mg, tablets, 60 Tabs",Lamivudine/Nevirapine/Zidovudine,Generic,150/300/200mg,Tablet - FDC,"Aurobindo Unit III, India",85833,60,240976,2703750.8,11.22,0.19,4461.19,30789,25231.96,TRUE,3/16/12,2/16/12,,
151-NG-T30,FPQ-8952,SO-41265,DN-2567,Nigeria,PMO - US,From RDC,N/A - From RDC,Air Charter,ARV,Adult,SCMS from RDC,"Lamivudine 150mg, tablets, 60 Tabs",Lamivudine,Generic,150mg,Tablet,"Aurobindo Unit III, India",85834,60,7736,18024.88,2.33,0.04,25.27,,,FALSE,6/20/12,2/16/12,,
114-UG-T30,FPQ-8522,SO-40943,DN-2569,Uganda,PMO - US,From RDC,N/A - From RDC,Truck,ARV,Adult,SCMS from RDC,"Zidovudine 300mg, tablets, 60 Tabs",Zidovudine,Generic,300mg,Tablet,Hetero Unit III Hyderabad IN,85835,60,4398,30873.96,7.02,0.12,50.94,224,1933.3,TRUE,3/30/12,2/27/12,,
110-ZM-T30,FPQ-9186,SO-41400,DN-2574,Zambia,PMO - US,From RDC,N/A - From RDC,Truck,ARV,Adult,SCMS from RDC,"Efavirenz 600mg, tablets, 30 Tabs",Efavirenz,Generic,600mg,Tablet,"Strides, Bangalore, India.",85836,30,61060,251567.2,4.12,0.14,352.7,3718,19949.86,TRUE,5/8/12,3/16/12,,
114-UG-T30,FPQ-8522,SO-40942,DN-2580,Uganda,PMO - US,From RDC,N/A - From RDC,Truck,ARV,Adult,SCMS from RDC,"Lamivudine/Tenofovir Disoproxil Fumarate 300/300mg, tablets, 30 Tabs",Lamivudine/Tenofovir Disoproxil Fumarate,Generic,300/300mg,Tablet - FDC,Mylan (formerly Matrix) Nashik,85837,30,5785,35172.8,6.08,0.2,58.04,460,3571.6,TRUE,3/30/12,3/9/12,,
900-SS-T30,FPQ-8624,SO-41080,DN-2581,South Sudan,PMO - US,From RDC,N/A - From RDC,Air,ARV,Pediatric,SCMS from RDC,"Nevirapine 10mg/ml, oral suspension w/syringe, Bottle, 240 ml",Nevirapine,Generic,10mg/ml,Oral suspension,"Aurobindo Unit III, India",85838,240,6000,11700,1.95,0.01,16.4,,,FALSE,3/21/12,3/8/12,,
109-TZ-T30,FPQ-8303,SO-40502,DN-2593,Tanzania,PMO - US,From RDC,N/A - From RDC,Truck,ARV,Pediatric,SCMS from RDC,"Lamivudine/Zidovudine 30/60mg, tablets, 60 Tabs",Lamivudine/Zidovudine,Generic,30/60mg,Tablet - FDC,Mylan (formerly Matrix) Nashik,85839,60,34054,101821.46,2.99,0.05,168.01,1309,3279.25,TRUE,4/30/12,4/11/12,,
110-ZM-T30,FPQ-9186,SO-41411,DN-2577,Zambia,PMO - US,From RDC,N/A - From RDC,Truck,ARV,Adult,SCMS from RDC,"Efavirenz 600mg, tablets, 30 Tabs",Efavirenz,Generic,600mg,Tablet,"Strides, Bangalore, India.",85840,30,99714,410821.7,4.12,0.14,575.97,6005,5447.21,TRUE,5/8/12,2/27/12,,
107-RW-T30,FPQ-9190,SO-41420,DN-2585,Rwanda,PMO - US,From RDC,N/A - From RDC,Air,ARV,Pediatric,SCMS from RDC,"Efavirenz 200mg, capsule, 90 Caps",Efavirenz,Generic,200mg,Capsule,"Aurobindo Unit III, India",85841,90,2520,21772.8,8.64,0.1,30.53,318,2716.08,TRUE,3/12/12,2/28/12,,
109-TZ-T30,FPQ-8303,SO-40491,DN-2592,Tanzania,PMO - US,From RDC,N/A - From RDC,Truck,ARV,Pediatric,SCMS from RDC,"Lamivudine/Nevirapine/Zidovudine 30/50/60mg, dispersible tablets, 60 Tabs",Lamivudine/Nevirapine/Zidovudine,Generic,30/50/60mg,Chewable/dispersible tablet - FDC,Mylan (formerly Matrix) Nashik,85843,60,5603,23812.75,4.25,0.07,39.29,316,3279.25,TRUE,5/8/12,4/11/12,,
102-BI-T30,FPQ-9229,SO-41530,DN-2594,Burundi,PMO - US,From RDC,N/A - From RDC,Air,ARV,Pediatric,SCMS from RDC,"Nevirapine 10mg/ml, oral suspension w/syringe, Bottle, 240 ml",Nevirapine,Generic,10mg/ml,Oral suspension,"Aurobindo Unit III, India",85844,240,170,331.5,1.95,0.01,0.46,,,FALSE,4/26/12,5/4/12,,
102-BI-T30,FPQ-9229,SO-41530,DN-2594,Burundi,PMO - US,From RDC,N/A - From RDC,Air,ARV,Adult,SCMS from RDC,"Lamivudine/Nevirapine/Zidovudine 150/200/300mg, tablets, 60 Tabs",Lamivudine/Nevirapine/Zidovudine,Generic,150/300/200mg,Tablet - FDC,Mylan (formerly Matrix) Nashik,85845,60,10000,110000,11,0.18,154.22,,,FALSE,4/26/12,5/4/12,,
109-TZ-T30,FPQ-8297,SO-40610,DN-2598,Tanzania,PMO - US,From RDC,N/A - From RDC,Truck,ARV,Adult,SCMS from RDC,"Zidovudine 300mg, tablets, 60 Tabs",Zidovudine,Generic,300mg,Tablet,Hetero Unit III Hyderabad IN,85846,60,137759,967068.2,7.02,0.12,1595.66,,,FALSE,5/4/12,4/11/12,,
114-UG-T30,FPQ-9354,SO-41630,DN-2603,Uganda,PMO - US,From RDC,N/A - From RDC,Air,ARV,Adult,SCMS from RDC,"Lamivudine/Tenofovir Disoproxil Fumarate 300/300mg, tablets, 30 Tabs",Lamivudine/Tenofovir Disoproxil Fumarate,Generic,300/300mg,Tablet - FDC,Mylan (formerly Matrix) Nashik,85847,30,12959,78790.72,6.08,0.2,110.46,,,FALSE,5/3/12,3/27/12,,
113-ZW-T30,FPQ-8464,SO-40850,DN-2605,Zimbabwe,PMO - US,From RDC,N/A - From RDC,Truck,ARV,Adult,SCMS from RDC,"Nevirapine 200mg, tablets, 60 Tabs",Nevirapine,Generic,200mg,Tablet,"Aurobindo Unit VII, IN",85848,60,69037,173282.88,2.51,0.04,285.92,,,FALSE,4/13/12,4/10/12,,
114-UG-T30,FPQ-8522,SO-40931,DN-2607,Uganda,PMO - US,From RDC,N/A - From RDC,Truck,ARV,Adult,SCMS from RDC,"Lamivudine/Tenofovir Disoproxil Fumarate 300/300mg, tablets, 30 Tabs",Lamivudine/Tenofovir Disoproxil Fumarate,Generic,300/300mg,Tablet - FDC,Mylan (formerly Matrix) Nashik,85849,30,22872,139061.77,6.08,0.2,229.45,,,FALSE,5/16/12,3/27/12,,
110-ZM-T30,FPQ-8476,SO-40954,DN-2610,Zambia,PMO - US,From RDC,N/A - From RDC,Truck,ARV,Adult,SCMS from RDC,"Efavirenz/Emtricitabine/Tenofovir Disoproxil Fumarate 600/200/300mg, tablets, 30 Tabs",Efavirenz/Emtricitabine/Tenofovir Disoproxil Fumarate,Generic,600/200/300mg,Tablet - FDC,Mylan (formerly Matrix) Nashik,85850,30,150000,2509500,16.73,0.56,4140.68,17001,8510.81,TRUE,5/15/12,4/16/12,,
110-ZM-T30,FPQ-8759,SO-41123,DN-2614,Zambia,PMO - US,From RDC,N/A - From RDC,Truck,ARV,Adult,SCMS from RDC,"Abacavir 300mg, tablets, 60 Tabs",Abacavir,Generic,300mg,Tablet,"Aurobindo Unit III, India",85851,60,15000,219450,14.63,0.24,307.67,1485,8510.82,TRUE,4/27/12,4/16/12,,
104-CI-T30,FPQ-8363,SO-40830,DN-2612,Côte d'Ivoire,PMO - US,From RDC,N/A - From RDC,Truck,ARV,Adult,SCMS from RDC,"Lamivudine/Zidovudine 150/300mg, tablets, 60 Tabs",Lamivudine/Zidovudine,Generic,150/300mg,Tablet - FDC,Mylan (formerly Matrix) Nashik,85852,60,5,41.3,8.26,0.14,0.07,,,FALSE,4/27/12,4/19/12,,
110-ZM-T30,FPQ-8476,SO-40955,DN-2624,Zambia,PMO - US,From RDC,N/A - From RDC,Truck,ARV,Adult,SCMS from RDC,"Lamivudine/Zidovudine 150/300mg, tablets, 60 Tabs",Lamivudine/Zidovudine,Generic,150/300mg,Tablet - FDC,"Aurobindo Unit VII, IN",85853,60,887,7096,8,0.13,11.71,,,FALSE,5/15/12,4/30/12,,
102-DO-T30,FPQ-9676,SO-41880,DN-2638,Dominican Republic,PMO - US,From RDC,N/A - From RDC,Air,ARV,Adult,SCMS from RDC,"Lamivudine/Tenofovir Disoproxil Fumarate 300/300mg, tablets, 30 Tabs",Lamivudine/Tenofovir Disoproxil Fumarate,Generic,300/300mg,Tablet - FDC,Mylan (formerly Matrix) Nashik,85854,30,6263,34697.02,5.54,0.18,48.65,,,FALSE,5/21/12,5/4/12,,
151-NG-T30,FPQ-8952,SO-41253,DN-2647,Nigeria,PMO - US,From RDC,N/A - From RDC,Air Charter,ARV,Adult,SCMS from RDC,"Nevirapine 200mg, tablets, 60 Tabs",Nevirapine,Generic,200mg,Tablet,"Aurobindo Unit III, India",85855,60,87499,213497.56,2.44,0.04,299.32,9645,27441.22,TRUE,7/4/12,4/30/12,,
114-UG-T30,FPQ-9321,SO-41510,DN-2643,Uganda,PMO - US,From RDC,N/A - From RDC,Truck,ARV,Adult,SCMS from RDC,"Lamivudine/Nevirapine/Zidovudine 150/200/300mg, tablets, 60 Tabs",Lamivudine/Nevirapine/Zidovudine,Generic,150/300/200mg,Tablet - FDC,"Strides, Bangalore, India.",85856,60,3275,33699.75,10.29,0.17,47.25,,,FALSE,7/3/12,5/18/12,,
114-UG-T30,FPQ-9356,SO-41610,DN-2654,Uganda,PMO - US,From RDC,N/A - From RDC,Truck,ARV,Adult,SCMS from RDC,"Lopinavir/Ritonavir 200/50mg [Aluvia], tablets, 120 Tabs",Lopinavir/Ritonavir,Aluvia,200/50mg,Tablet,ABBVIE Ludwigshafen Germany,85857,120,917,28261.94,30.82,0.26,39.62,,,FALSE,6/29/12,5/22/12,,
111-MZ-T30,FPQ-9506,SO-41760,DN-2663,Mozambique,PMO - US,From RDC,N/A - From RDC,Truck,ARV,Adult,SCMS from RDC,"Lamivudine/Zidovudine 150/300mg, tablets, 60 Tabs",Lamivudine/Zidovudine,Generic,150/300mg,Tablet - FDC,Mylan (formerly Matrix) Nashik,85859,60,33156,257953.69,7.78,0.13,361.65,,,FALSE,7/3/12,6/28/12,,
102-CD-T30,FPQ-9640,SO-41860,DN-2678,"Congo, DRC",PMO - US,From RDC,N/A - From RDC,Air,ARV,Adult,SCMS from RDC,"Efavirenz 600mg, tablets, 30 Tabs",Efavirenz,Generic,600mg,Tablet,"Strides, Bangalore, India.",85861,30,200,824,4.12,0.14,1.16,,,FALSE,9/3/12,9/3/12,,
151-NG-T30,FPQ-8952,SO-41255,DN-2684,Nigeria,PMO - US,From RDC,N/A - From RDC,Air Charter,ARV,Adult,SCMS from RDC,"Lamivudine/Nevirapine/Zidovudine 150/200/300mg, tablets, 60 Tabs",Lamivudine/Nevirapine/Zidovudine,Generic,150/300/200mg,Tablet - FDC,Mylan (formerly Matrix) Nashik,85862,60,3479,35798.91,10.29,0.17,50.19,,,FALSE,7/4/12,6/3/12,,
151-NG-T30,FPQ-8952,SO-42330,DN-2685,Nigeria,PMO - US,From RDC,N/A - From RDC,Air Charter,ARV,Adult,SCMS from RDC,"Efavirenz/Lamivudine/Tenofovir Disoproxil Fumarate 600/300/300mg, tablets, 30 Tabs",Efavirenz/Lamivudine/Tenofovir Disoproxil Fumarate,Generic,600/300/300mg,Tablet - FDC,Mylan (formerly Matrix) Nashik,85863,30,20000,282000,14.1,0.47,395.36,2334,17090,TRUE,6/20/12,6/3/12,,
151-NG-T30,FPQ-9432,SO-42331,DN-2686,Nigeria,PMO - US,From RDC,N/A - From RDC,Air Charter,ARV,Pediatric,SCMS from RDC,"Efavirenz 200mg, capsule, 90 Caps",Efavirenz,Generic,200mg,Capsule,"Aurobindo Unit III, India",85864,90,2067,17858.88,8.64,0.1,25.04,307,17090,TRUE,8/2/12,6/3/12,,
110-ZM-T30,FPQ-9515,SO-41950,DN-2681,Zambia,PMO - US,From RDC,N/A - From RDC,Air,HRDT,HIV test,SCMS from RDC,"HIV 1/2, Determine Complete HIV Kit, 100 Tests","HIV 1/2, Determine Complete HIV Kit",Determine,N/A,Test kit,"Alere Medical Co., Ltd.",85865,100,5996,479680,80,0.8,672.51,1363,22171.8,TRUE,7/2/12,6/7/12,,
102-CD-T30,FPQ-9640,SO-41850,DN-2697,"Congo, DRC",PMO - US,From RDC,N/A - From RDC,Air,ARV,Adult,SCMS from RDC,"Lamivudine 150mg, tablets, 60 Tabs",Lamivudine,Generic,150mg,Tablet,Macleods Daman Plant INDIA,85866,60,900,2097,2.33,0.04,2.94,,,FALSE,9/11/12,9/11/12,,
102-CD-T30,FPQ-9640,SO-41850,DN-2697,"Congo, DRC",PMO - US,From RDC,N/A - From RDC,Air,ARV,Adult,SCMS from RDC,"Tenofovir Disoproxil Fumarate 300mg, tablets, 30 Tabs",Tenofovir Disoproxil Fumarate,Generic,300mg,Tablet,Mylan (formerly Matrix) Nashik,85867,30,120,660,5.5,0.18,0.93,,,FALSE,9/11/12,9/11/12,,
102-CD-T30,FPQ-9640,SO-41850,DN-2697,"Congo, DRC",PMO - US,From RDC,N/A - From RDC,Air,ARV,Adult,SCMS from RDC,"Zidovudine 300mg, tablets, 60 Tabs",Zidovudine,Generic,300mg,Tablet,Hetero Unit III Hyderabad IN,85868,60,1300,8853,6.81,0.11,12.41,,,FALSE,9/11/12,9/11/12,,
113-ZW-T30,FPQ-8464,SO-40891,DN-2694,Zimbabwe,PMO - US,From RDC,N/A - From RDC,Truck,ARV,Adult,SCMS from RDC,"Lamivudine/Stavudine 150/30mg, tablets, 60 Tabs",Lamivudine/Stavudine,Generic,150/30mg,Tablet - FDC,"Strides, Bangalore, India.",85869,60,2699,7962.05,2.95,0.05,13.14,,,FALSE,10/16/12,6/27/12,,
151-NG-T30,FPQ-8952,SO-41257,DN-2706,Nigeria,PMO - US,From RDC,N/A - From RDC,Air Charter,ARV,Adult,SCMS from RDC,"Lamivudine 150mg, tablets, 60 Tabs",Lamivudine,Generic,150mg,Tablet,"Strides, Bangalore, India.",85870,60,22100,51493,2.33,0.04,72.19,,,FALSE,6/20/12,6/3/12,,
111-MZ-T30,FPQ-9506,SO-41780,DN-2717,Mozambique,PMO - US,From RDC,N/A - From RDC,Truck,ARV,Pediatric,SCMS from RDC,"Zidovudine 10mg/ml, oral solution w/syringe, Bottle, 240 ml",Zidovudine,Generic,10mg/ml,Oral solution,"Aurobindo Unit III, India",85871,240,1600,3360,2.1,0.01,4.71,,,FALSE,8/7/12,7/24/12,,
109-TZ-T30,FPQ-9271,SO-41581,DN-2718,Tanzania,PMO - US,From RDC,N/A - From RDC,Truck,ARV,Adult,SCMS from RDC,"Tenofovir Disoproxil Fumarate 300mg, tablets, 30 Tabs",Tenofovir Disoproxil Fumarate,Generic,300mg,Tablet,"Aurobindo Unit III, India",85872,30,10000,55000,5.5,0.18,77.11,,,FALSE,8/1/12,7/25/12,,
109-TZ-T30,FPQ-8303,SO-40471,DN-2721,Tanzania,PMO - US,From RDC,N/A - From RDC,Truck,ARV,Pediatric,SCMS from RDC,"Nevirapine 10mg/ml, oral suspension w/syringe, Bottle, 240 ml",Nevirapine,Generic,10mg/ml,Oral suspension,"Aurobindo Unit III, India",85873,240,29504,57532.8,1.95,0.01,94.93,10913,3853.89,TRUE,8/15/12,7/25/12,,
151-NG-T30,FPQ-9432,SO-42642,DN-2733,Nigeria,PMO - US,From RDC,N/A - From RDC,Air Charter,ARV,Adult,SCMS from RDC,"Lamivudine/Nevirapine/Zidovudine 150/200/300mg, tablets, 60 Tabs",Lamivudine/Nevirapine/Zidovudine,Generic,150/300/200mg,Tablet - FDC,"Aurobindo Unit III, India",85874,60,180000,1765800,9.81,0.16,2475.65,23096,21347.13,TRUE,8/2/12,7/9/12,,
111-MZ-T30,FPQ-9506,SO-41770,DN-2738,Mozambique,PMO - US,From RDC,N/A - From RDC,Truck,ARV,Adult,SCMS from RDC,"Zidovudine 300mg, tablets, 60 Tabs",Zidovudine,Generic,300mg,Tablet,Mylan (formerly Matrix) Nashik,85875,60,43020,302000.4,7.02,0.12,423.4,22479,6483.81,TRUE,9/4/12,8/22/12,,
114-UG-T30,FPQ-9355,SO-41591,DN-2740,Uganda,PMO - US,From RDC,N/A - From RDC,Truck,ARV,Adult,SCMS from RDC,"Lamivudine/Nevirapine/Zidovudine 150/200/300mg, tablets, 60 Tabs",Lamivudine/Nevirapine/Zidovudine,Generic,150/300/200mg,Tablet - FDC,Mylan (formerly Matrix) Nashik,85876,60,4879,47862.99,9.81,0.16,67.1,637,5081.05,TRUE,9/5/12,7/30/12,,
113-ZW-T30,FPQ-8464,SO-40890,DN-2741,Zimbabwe,PMO - US,From RDC,N/A - From RDC,Truck,ARV,Adult,SCMS from RDC,"Efavirenz 600mg, tablets, 30 Tabs",Efavirenz,Generic,600mg,Tablet,"Aurobindo Unit III, India",85877,30,17422,66377.82,3.81,0.13,109.52,,,FALSE,10/16/12,7/23/12,,
104-CI-T30,FPQ-8790,SO-41180,DN-2751,Côte d'Ivoire,PMO - US,From RDC,N/A - From RDC,Air,ARV,Adult,SCMS from RDC,"Lamivudine/Zidovudine 150/300mg, tablets, 60 Tabs",Lamivudine/Zidovudine,Generic,150/300mg,Tablet - FDC,"Aurobindo Unit III, India",85878,60,45000,347400,7.72,0.13,487.05,4050,11592.26,TRUE,7/31/12,7/31/12,,
109-TZ-T30,FPQ-9271,SO-41580,DN-2761,Tanzania,PMO - US,From RDC,N/A - From RDC,Truck,ARV,Adult,SCMS from RDC,"Emtricitabine/Tenofovir Disoproxil Fumarate 200/300mg, tablets, 30 Tabs",Emtricitabine/Tenofovir Disoproxil Fumarate,Generic,200/300mg,Tablet - FDC,Mylan (formerly Matrix) Nashik,85879,30,66931,475879.4,7.11,0.24,667.18,,,FALSE,8/31/12,8/22/12,,
151-NG-T30,FPQ-9432,SO-42801,DN-2766,Nigeria,PMO - US,From RDC,N/A - From RDC,Air Charter,ARV,Adult,SCMS from RDC,"Abacavir 300mg, tablets, 60 Tabs",Abacavir,Generic,300mg,Tablet,Mylan (formerly Matrix) Nashik,85880,60,6100,79056,12.96,0.22,110.84,681,16532.5,TRUE,8/2/12,7/24/12,,
151-NG-T30,FPQ-9432,SO-42803,DN-2769,Nigeria,PMO - US,From RDC,N/A - From RDC,Air Charter,ARV,Adult,SCMS from RDC,"Lamivudine/Tenofovir Disoproxil Fumarate 300/300mg, tablets, 30 Tabs",Lamivudine/Tenofovir Disoproxil Fumarate,Generic,300/300mg,Tablet - FDC,Mylan (formerly Matrix) Nashik,85881,30,28839,159768.06,5.54,0.18,223.99,,,FALSE,8/2/12,7/24/12,,
107-RW-T30,FPQ-10119,SO-42750,DN-2770,Rwanda,PMO - US,From RDC,N/A - From RDC,Air,ARV,Adult,SCMS from RDC,"Zidovudine 300mg, tablets, 60 Tabs",Zidovudine,Generic,300mg,Tablet,Hetero Unit III Hyderabad IN,85882,60,90,608.4,6.76,0.11,0.85,5,721.36,TRUE,8/31/12,8/16/12,,
104-CI-T30,FPQ-9261,SO-41480,DN-2777,Côte d'Ivoire,PMO - US,From RDC,N/A - From RDC,Truck,ARV,Adult,SCMS from RDC,"Efavirenz/Emtricitabine/Tenofovir Disoproxil Fumarate 600/200/300mg, tablets, 30 Tabs",Efavirenz/Emtricitabine/Tenofovir Disoproxil Fumarate,Generic,600/200/300mg,Tablet - FDC,Mylan (formerly Matrix) Nashik,85883,30,8640,129945.6,15.04,0.5,182.18,972,4754.53,TRUE,8/20/12,8/18/12,,
900-UG-T30,FPQ-10048,SO-42570,DN-2781,Uganda,PMO - US,From RDC,N/A - From RDC,Air,ARV,Adult,SCMS from RDC,"Lamivudine/Tenofovir Disoproxil Fumarate 300/300mg, tablets, 30 Tabs",Lamivudine/Tenofovir Disoproxil Fumarate,Generic,300/300mg,Tablet - FDC,"Aurobindo Unit VII, IN",85884,30,40000,221600,5.54,0.18,310.68,,,FALSE,10/30/12,10/30/12,,
107-RW-T30,FPQ-9888,SO-42133,DN-2789,Rwanda,PMO - US,From RDC,N/A - From RDC,Air,ARV,Adult,SCMS from RDC,"Abacavir 300mg, tablets, 60 Tabs",Abacavir,Generic,300mg,Tablet,"Aurobindo Unit III, India",85885,60,10537,138561.55,13.15,0.22,194.26,1048,18613.69,TRUE,8/24/12,8/16/12,,
151-NG-T30,FPQ-9432,SO-42930,DN-2791,Nigeria,PMO - US,From RDC,N/A - From RDC,Air Charter,ARV,Adult,SCMS from RDC,"Lamivudine/Zidovudine 150/300mg, tablets, 60 Tabs",Lamivudine/Zidovudine,Generic,150/300mg,Tablet - FDC,"Aurobindo Unit III, India",85886,60,35120,280960,8,0.13,393.91,,,FALSE,8/20/12,8/14/12,,
151-NG-T30,FPQ-9432,SO-42933,DN-2794,Nigeria,PMO - US,From RDC,N/A - From RDC,Air Charter,ARV,Adult,SCMS from RDC,"Lopinavir/Ritonavir 200/50mg, tablets, 120 Tabs",Lopinavir/Ritonavir,Generic,200/50mg,Tablet,"Aurobindo Unit III, India",85887,120,17497,512837.06,29.31,0.24,719,4898,18461.22,TRUE,8/20/12,8/14/12,,
104-CI-T30,FPQ-10324,SO-42920,DN-2795,Côte d'Ivoire,PMO - US,From RDC,N/A - From RDC,Air,ARV,Adult,SCMS from RDC,"Zidovudine 300mg, tablets, 60 Tabs",Zidovudine,Generic,300mg,Tablet,"Aurobindo Unit III, India",85888,60,9000,60840,6.76,0.11,85.3,486,3028.66,TRUE,8/21/12,8/30/12,,
107-RW-T30,FPQ-10119,SO-42740,DN-2796,Rwanda,PMO - US,From RDC,N/A - From RDC,Air,ARV,Adult,SCMS from RDC,"Efavirenz 600mg, tablets, 30 Tabs",Efavirenz,Generic,600mg,Tablet,"Aurobindo Unit III, India",85889,30,51240,200348.4,3.91,0.13,280.89,4331,8684.7,TRUE,11/30/12,9/14/12,,
113-ZW-T30,FPQ-8464,SO-40900,DN-2804,Zimbabwe,PMO - US,From RDC,N/A - From RDC,Truck,ARV,Adult,SCMS from RDC,"Lamivudine/Tenofovir Disoproxil Fumarate 300/300mg, tablets, 30 Tabs",Lamivudine/Tenofovir Disoproxil Fumarate,Generic,300/300mg,Tablet - FDC,Hetero Unit III Hyderabad IN,85890,30,33201,177957.36,5.36,0.18,293.63,,,FALSE,12/11/12,9/4/12,,
104-CI-T30,FPQ-9749,SO-42381,DN-2813,Côte d'Ivoire,PMO - US,From RDC,N/A - From RDC,Truck,ARV,Adult,SCMS from RDC,"Efavirenz/Lamivudine/Tenofovir Disoproxil Fumarate 600/300/300mg, tablets, 30 Tabs",Efavirenz/Lamivudine/Tenofovir Disoproxil Fumarate,Generic,600/300/300mg,Tablet - FDC,Mylan (formerly Matrix) Nashik,85891,30,38160,506383.2,13.27,0.44,709.95,,,FALSE,10/29/12,8/27/12,,
102-CD-T30,FPQ-9906,SO-42340,DN-2812,"Congo, DRC",PMO - US,From RDC,N/A - From RDC,Air,ARV,Adult,SCMS from RDC,"Lopinavir/Ritonavir 200/50mg, tablets, 120 Tabs",Lopinavir/Ritonavir,Generic,200/50mg,Tablet,Mylan (formerly Matrix) Nashik,85892,120,306,8968.86,29.31,0.24,12.57,,,FALSE,2/14/13,2/14/13,,
104-CI-T30,FPQ-9063,SO-41360,DN-2816,Côte d'Ivoire,PMO - US,From RDC,N/A - From RDC,Truck,ARV,Adult,SCMS from RDC,"Lamivudine/Zidovudine 150/300mg, tablets, 60 Tabs",Lamivudine/Zidovudine,Generic,150/300mg,Tablet - FDC,Mylan (formerly Matrix) Nashik,85893,60,58380,450693.6,7.72,0.13,631.87,,,FALSE,10/2/12,8/27/12,,
151-NG-T30,FPQ-9432,SO-42936,DN-2818,Nigeria,PMO - US,From RDC,N/A - From RDC,Air,ARV,Adult,SCMS from RDC,"Nevirapine 200mg, tablets, 60 Tabs",Nevirapine,Generic,200mg,Tablet,"Strides, Bangalore, India.",85894,60,53922,130491.24,2.42,0.04,182.95,9697,18461.22,TRUE,8/31/12,8/13/12,,
104-CI-T30,FPQ-9063,SO-41340,DN-2827,Côte d'Ivoire,PMO - US,From RDC,N/A - From RDC,Truck,ARV,Adult,SCMS from RDC,"Efavirenz/Emtricitabine/Tenofovir Disoproxil Fumarate 600/200/300mg, tablets, 30 Tabs",Efavirenz/Emtricitabine/Tenofovir Disoproxil Fumarate,Generic,600/200/300mg,Tablet - FDC,Mylan (formerly Matrix) Nashik,85895,30,8640,129945.6,15.04,0.5,182.18,979,4869.4,TRUE,9/28/12,8/31/12,,
114-UG-T30,FPQ-9355,SO-41595,DN-2828,Uganda,PMO - US,From RDC,N/A - From RDC,Truck,ARV,Adult,SCMS from RDC,"Lamivudine/Zidovudine 150/300mg, tablets, 60 Tabs",Lamivudine/Zidovudine,Generic,150/300mg,Tablet - FDC,Hetero Unit III Hyderabad IN,85896,60,1319,10552,8,0.13,14.79,108,1618.01,TRUE,9/24/12,9/24/12,,
114-UG-T30,FPQ-9875,SO-42052,DN-2830,Uganda,PMO - US,From RDC,N/A - From RDC,Air,ARV,Adult,SCMS from RDC,"Nevirapine 200mg, tablets, 60 Tabs",Nevirapine,Generic,200mg,Tablet,Hetero Unit III Hyderabad IN,85897,60,30348,74049.12,2.44,0.04,103.82,,,FALSE,10/18/12,10/18/12,,
110-ZM-T30,FPQ-9773,SO-41991,DN-2833,Zambia,PMO - US,From RDC,N/A - From RDC,Truck,ARV,Adult,SCMS from RDC,"Nevirapine 200mg, tablets, 60 Tabs",Nevirapine,Generic,200mg,Tablet,Hetero Unit III Hyderabad IN,85898,60,41926,102299.44,2.44,0.04,143.42,,,FALSE,9/25/12,9/7/12,,
107-RW-T30,FPQ-10015,SO-42480,DN-2848,Rwanda,PMO - US,From RDC,N/A - From RDC,Air,ARV,Adult,SCMS from RDC,"Nevirapine 200mg, tablets, 60 Tabs",Nevirapine,Generic,200mg,Tablet,"Strides, Bangalore, India.",85899,60,10078,24590.32,2.44,0.04,34.48,,,FALSE,9/28/12,9/13/12,,
104-CI-T30,FPQ-9749,SO-42380,DN-2861,Côte d'Ivoire,PMO - US,From RDC,N/A - From RDC,Truck,ARV,Adult,SCMS from RDC,"Efavirenz 600mg, tablets, 30 Tabs",Efavirenz,Generic,600mg,Tablet,"Aurobindo Unit III, India",85900,30,43772,166771.31,3.81,0.13,233.81,,,FALSE,10/29/12,10/1/12,,
104-CI-T30,FPQ-8790,SO-41204,DN-2868,Côte d'Ivoire,PMO - US,From RDC,N/A - From RDC,Air,ARV,Adult,SCMS from RDC,"Tenofovir Disoproxil Fumarate 300mg, tablets, 30 Tabs",Tenofovir Disoproxil Fumarate,Generic,300mg,Tablet,Mylan (formerly Matrix) Nashik,85901,30,1781,8584.42,4.82,0.16,12.04,99,1113,TRUE,10/31/12,10/5/12,,
104-CI-T30,FPQ-9063,SO-41362,DN-2870,Côte d'Ivoire,PMO - US,From RDC,N/A - From RDC,Truck,ARV,Adult,SCMS from RDC,"Efavirenz/Emtricitabine/Tenofovir Disoproxil Fumarate 600/200/300mg, tablets, 30 Tabs",Efavirenz/Emtricitabine/Tenofovir Disoproxil Fumarate,Generic,600/200/300mg,Tablet - FDC,Mylan (formerly Matrix) Nashik,85902,30,10080,144950.4,14.38,0.48,203.22,1143,8158.93,TRUE,10/15/12,10/5/12,,
900-SS-T30,FPQ-10514,SO-43060,DN-2871,South Sudan,PMO - US,From RDC,N/A - From RDC,Air,ARV,Adult,SCMS from RDC,"Lamivudine 150mg, tablets, 60 Tabs",Lamivudine,Generic,150mg,Tablet,Hetero Unit III Hyderabad IN,85903,60,270,599.4,2.22,0.04,0.84,,,FALSE,11/30/12,11/30/12,,
104-CI-T30,FPQ-9749,SO-42400,DN-2880,Côte d'Ivoire,PMO - US,From RDC,N/A - From RDC,Truck,ARV,Adult,SCMS from RDC,"Abacavir/Lamivudine 600/300mg, scored tablets, 30 Tabs",Abacavir/Lamivudine,Generic,600/300mg,Tablet - FDC,"Aurobindo Unit III, India",85904,30,2880,64800,22.5,0.75,90.85,,,FALSE,10/30/12,10/24/12,,
900-CM-T30,FPQ-10641,SO-43390,DN-2886,Cameroon,PMO - US,From RDC,N/A - From RDC,Air Charter,ARV,Adult,SCMS from RDC,"Lamivudine/Zidovudine 150/300mg, tablets, 60 Tabs",Lamivudine/Zidovudine,Generic,150/300mg,Tablet - FDC,Hetero Unit III Hyderabad IN,85905,60,28057,216600.05,7.72,0.13,303.67,,,FALSE,10/24/12,10/17/12,,
900-CM-T30,FPQ-10641,SO-43390,DN-2886,Cameroon,PMO - US,From RDC,N/A - From RDC,Air Charter,ARV,Adult,SCMS from RDC,"Nevirapine 200mg, tablets, 60 Tabs",Nevirapine,Generic,200mg,Tablet,"Strides, Bangalore, India.",85906,60,88208,213463.36,2.42,0.04,299.28,,,FALSE,10/24/12,10/17/12,,
900-CM-T30,FPQ-10641,SO-43380,DN-2887,Cameroon,PMO - US,From RDC,N/A - From RDC,Air Charter,ARV,Adult,SCMS from RDC,"Lamivudine/Tenofovir Disoproxil Fumarate 300/300mg, tablets, 30 Tabs",Lamivudine/Tenofovir Disoproxil Fumarate,Generic,300/300mg,Tablet - FDC,"Cipla, Kurkumbh, India",85907,30,18486,99084.96,5.36,0.18,138.92,,,FALSE,11/7/12,10/17/12,,
109-TZ-T30,FPQ-9303,SO-41550,DN-2888,Tanzania,PMO - US,From RDC,N/A - From RDC,Truck,ARV,Pediatric,SCMS from RDC,"Lamivudine/Nevirapine/Stavudine 30/50/6mg, dispersible tablets, 60 Tabs",Lamivudine/Nevirapine/Stavudine,Generic,30/50/6mg,Chewable/dispersible tablet - FDC,"Cipla, Goa, India",85908,60,17600,40480,2.3,0.04,56.75,3526,8977,TRUE,11/30/12,11/6/12,,
114-UG-T30,FPQ-10556,SO-43170,DN-2897,Uganda,PMO - US,From RDC,N/A - From RDC,Air,ARV,Adult,SCMS from RDC,"Nevirapine 200mg, tablets, 60 Tabs",Nevirapine,Generic,200mg,Tablet,Hetero Unit III Hyderabad IN,85909,60,510,1234.2,2.42,0.04,1.73,,,FALSE,12/6/12,10/29/12,,
111-MZ-T30,FPQ-10210,SO-42840,DN-2899,Mozambique,PMO - US,From RDC,N/A - From RDC,Truck,ARV,Adult,SCMS from RDC,"Lamivudine/Nevirapine/Zidovudine 150/200/300mg, tablets, 60 Tabs",Lamivudine/Nevirapine/Zidovudine,Generic,150/300/200mg,Tablet - FDC,"Aurobindo Unit III, India",85910,60,149997,1471470.6,9.81,0.16,2063,17605,6323.1,TRUE,11/30/12,11/14/12,,
111-MZ-T30,FPQ-10210,SO-42821,DN-2911,Mozambique,PMO - US,From RDC,N/A - From RDC,Truck,ARV,Adult,SCMS from RDC,"Lamivudine/Zidovudine 150/300mg, tablets, 60 Tabs",Lamivudine/Zidovudine,Generic,150/300mg,Tablet - FDC,Hetero Unit III Hyderabad IN,85911,60,24732,190931.05,7.72,0.13,267.69,2143,6323.1,TRUE,11/30/12,11/14/12,,
110-ZM-T30,FPQ-9773,SO-41994,DN-2912,Zambia,PMO - US,From RDC,N/A - From RDC,Truck,ARV,Adult,SCMS from RDC,"Efavirenz/Emtricitabine/Tenofovir Disoproxil Fumarate 600/200/300mg, tablets, 30 Tabs",Efavirenz/Emtricitabine/Tenofovir Disoproxil Fumarate,Generic,600/200/300mg,Tablet - FDC,Mylan (formerly Matrix) Nashik,85912,30,133000,1912540,14.38,0.48,2681.38,15075,10809.09,TRUE,11/15/12,11/5/12,,
107-RW-T30,FPQ-10119,SO-42700,DN-2915,Rwanda,PMO - US,From RDC,N/A - From RDC,Air,ARV,Adult,SCMS from RDC,"Lamivudine/Stavudine 150/30mg, tablets, 60 Tabs",Lamivudine/Stavudine,Generic,150/30mg,Tablet - FDC,Hetero Unit III Hyderabad IN,85913,60,5468,16130.6,2.95,0.05,22.62,437,2928.4,TRUE,1/16/13,1/16/13,,
107-RW-T30,FPQ-9969,SO-42420,DN-2916,Rwanda,PMO - US,From RDC,N/A - From RDC,Air,ARV,Adult,SCMS from RDC,"Lamivudine/Stavudine 150/30mg, tablets, 60 Tabs",Lamivudine/Stavudine,Generic,150/30mg,Tablet - FDC,Hetero Unit III Hyderabad IN,85914,60,13152,38798.4,2.95,0.05,54.4,1045,6152,TRUE,1/16/13,1/16/13,,
103-ZW-T30,FPQ-9907,SO-42200,DN-2913,Zimbabwe,PMO - US,From RDC,N/A - From RDC,Truck,ARV,Pediatric,SCMS from RDC,"Lamivudine/Zidovudine 30/60mg, tablets, 60 Tabs",Lamivudine/Zidovudine,Generic,30/60mg,Tablet - FDC,"Aurobindo Unit III, India",85915,60,2267,6256.92,2.76,0.05,8.77,,,FALSE,11/19/12,11/19/12,,
151-NG-T30,FPQ-9968,SO-43430,DN-2909,Nigeria,PMO - US,From RDC,N/A - From RDC,Air,ARV,Adult,SCMS from RDC,"Lamivudine/Nevirapine/Zidovudine 150/200/300mg, tablets, 60 Tabs",Lamivudine/Nevirapine/Zidovudine,Generic,150/300/200mg,Tablet - FDC,Hetero Unit III Hyderabad IN,85916,60,116000,1115920,9.62,0.16,1564.52,17521,15459.09,TRUE,11/7/12,11/7/12,,
151-NG-T30,FPQ-9968,SO-43431,DN-2923,Nigeria,PMO - US,From RDC,N/A - From RDC,Air,ARV,Adult,SCMS from RDC,"Efavirenz/Lamivudine/Tenofovir Disoproxil Fumarate 600/300/300mg, tablets, 30 Tabs",Efavirenz/Lamivudine/Tenofovir Disoproxil Fumarate,Generic,600/300/300mg,Tablet - FDC,Mylan (formerly Matrix) Nashik,85917,30,56404,748481.06,13.27,0.44,1049.37,6886,15459.09,TRUE,11/15/12,11/6/12,,
151-NG-T30,FPQ-9968,SO-43434,DN-2945,Nigeria,PMO - US,From RDC,N/A - From RDC,Air,ARV,Adult,SCMS from RDC,"Lamivudine/Tenofovir Disoproxil Fumarate 300/300mg, tablets, 30 Tabs",Lamivudine/Tenofovir Disoproxil Fumarate,Generic,300/300mg,Tablet - FDC,"Cipla, Kurkumbh, India",85918,30,15594,83583.84,5.36,0.18,117.18,,,FALSE,11/30/12,12/4/12,,
114-UG-T30,FPQ-10357,SO-42901,DN-2964,Uganda,PMO - US,From RDC,N/A - From RDC,Truck,ARV,Adult,SCMS from RDC,"Lamivudine/Tenofovir Disoproxil Fumarate 300/300mg, tablets, 30 Tabs",Lamivudine/Tenofovir Disoproxil Fumarate,Generic,300/300mg,Tablet - FDC,Hetero Unit III Hyderabad IN,85919,30,48,257.28,5.36,0.18,0.36,5,673.25,TRUE,2/5/13,2/5/13,,
111-MZ-T30,FPQ-10211,SO-42870,DN-2966,Mozambique,PMO - US,From RDC,N/A - From RDC,Truck,ARV,Adult,SCMS from RDC,"Lamivudine/Nevirapine/Zidovudine 150/200/300mg, tablets, 60 Tabs",Lamivudine/Nevirapine/Zidovudine,Generic,150/300/200mg,Tablet - FDC,"Aurobindo Unit III, India",85920,60,67271,647147,9.62,0.16,907.3,7899,7433.01,TRUE,1/31/13,1/11/13,,
104-CI-T30,FPQ-9749,SO-42370,DN-2970,Côte d'Ivoire,PMO - US,From RDC,N/A - From RDC,Truck,ARV,Adult,SCMS from RDC,"Lamivudine/Nevirapine/Zidovudine 150/200/300mg, tablets, 60 Tabs",Lamivudine/Nevirapine/Zidovudine,Generic,150/300/200mg,Tablet - FDC,Hetero Unit III Hyderabad IN,85921,60,40455,389177.1,9.62,0.16,545.63,,,FALSE,1/31/13,1/25/12,,
114-UG-T30,FPQ-10780,SO-43470,DN-2971,Uganda,PMO - US,From RDC,N/A - From RDC,Air,ARV,Adult,SCMS from RDC,"Nevirapine 200mg, tablets, 60 Tabs",Nevirapine,Generic,200mg,Tablet,Hetero Unit III Hyderabad IN,85922,60,699,1691.58,2.42,0.04,2.37,,,FALSE,1/31/13,2/1/13,,
113-ZW-T30,FPQ-11422,SO-44010,DN-2979,Zimbabwe,PMO - US,From RDC,N/A - From RDC,Air,ARV,Adult,SCMS from RDC,"Lopinavir/Ritonavir 200/50mg, tablets, 120 Tabs",Lopinavir/Ritonavir,Generic,200/50mg,Tablet,"Aurobindo Unit III, India",85923,120,1573,38947.48,24.76,0.21,48.18,388,2392,TRUE,2/15/13,1/24/13,,
114-UG-T30,FPQ-10556,SO-43160,DN-2952,Uganda,PMO - US,From RDC,N/A - From RDC,Air,ARV,Adult,SCMS from RDC,"Lamivudine/Nevirapine/Zidovudine 150/200/300mg, tablets, 60 Tabs",Lamivudine/Nevirapine/Zidovudine,Generic,150/300/200mg,Tablet - FDC,Hetero Unit III Hyderabad IN,85924,60,3235,31120.7,9.62,0.16,43.63,,,FALSE,2/2/13,2/2/13,,
101-CD-T30,FPQ-11054,SO-43680,DN-2981,"Congo, DRC",PMO - US,From RDC,N/A - From RDC,Air,ARV,Adult,SCMS from RDC,"Lamivudine/Nevirapine/Zidovudine 150/200/300mg, tablets, 60 Tabs",Lamivudine/Nevirapine/Zidovudine,Generic,150/300/200mg,Tablet - FDC,"Aurobindo Unit III, India",85925,60,24391,218787.27,8.97,0.15,270.64,,,FALSE,9/11/13,9/11/13,,
109-TZ-T30,FPQ-10545,SO-43100,DN-2983,Tanzania,PMO - US,From RDC,N/A - From RDC,Truck,ARV,Adult,SCMS from RDC,"Efavirenz/Emtricitabine/Tenofovir Disoproxil Fumarate 600/200/300mg, tablets, 30 Tabs",Efavirenz/Emtricitabine/Tenofovir Disoproxil Fumarate,Generic,600/200/300mg,Tablet - FDC,Mylan (formerly Matrix) Nashik,85926,30,65379,895038.5,13.69,0.46,1254.84,7385,,TRUE,3/11/13,2/18/13,,
114-UG-T30,FPQ-11143,SO-43930,DN-2986,Uganda,PMO - US,From RDC,N/A - From RDC,Air,ARV,Pediatric,SCMS from RDC,"Lamivudine/Zidovudine 30/60mg, tablets, 60 Tabs",Lamivudine/Zidovudine,Generic,30/60mg,Tablet - FDC,"Aurobindo Unit III, India",85927,60,2512,5677.12,2.26,0.04,7.02,177,3255.61,TRUE,2/22/13,2/25/13,,
110-ZM-T30,FPQ-10728,SO-43440,DN-2987,Zambia,PMO - US,From RDC,N/A - From RDC,Truck,ARV,Pediatric,SCMS from RDC,"Abacavir 20mg/ml, oral solution w/syringe, Bottle, 240 ml",Abacavir,Generic,20mg/ml,Oral solution,"Aurobindo Unit III, India",85928,240,3648,44067.84,12.08,0.05,61.78,974,6923.53,TRUE,2/19/13,2/19/13,,
151-NG-T30,FPQ-10477,SO-43044,DN-2996,Nigeria,PMO - US,From RDC,N/A - From RDC,Air Charter,ARV,Adult,SCMS from RDC,"Nevirapine 200mg, tablets, 60 Tabs",Nevirapine,Generic,200mg,Tablet,"Strides, Bangalore, India.",85929,60,107500,248325,2.31,0.04,348.15,,,FALSE,2/11/13,2/11/13,,
151-NG-T30,FPQ-10477,SO-43045,DN-2997,Nigeria,PMO - US,From RDC,N/A - From RDC,Air Charter,ARV,Adult,SCMS from RDC,"Lamivudine/Zidovudine 150/300mg, tablets, 60 Tabs",Lamivudine/Zidovudine,Generic,150/300mg,Tablet - FDC,"Aurobindo Unit III, India",85930,60,162827,1183752.2,7.27,0.12,1659.62,,,FALSE,2/11/13,2/11/13,,
151-NG-T30,FPQ-10477,SO-43045,DN-2997,Nigeria,PMO - US,From RDC,N/A - From RDC,Air Charter,ARV,Adult,SCMS from RDC,"Lamivudine/Zidovudine 150/300mg, tablets, 60 Tabs",Lamivudine/Zidovudine,Generic,150/300mg,Tablet - FDC,Mylan (formerly Matrix) Nashik,85931,60,44383,322664.4,7.27,0.12,452.38,,,FALSE,2/11/13,2/11/13,,
114-UG-T30,FPQ-11143,SO-43961,DN-3001,Uganda,PMO - US,From RDC,N/A - From RDC,Air,ARV,Adult,SCMS from RDC,"Efavirenz 600mg, tablets, 30 Tabs",Efavirenz,Generic,600mg,Tablet,"Aurobindo Unit III, India",85932,30,9354,33300.24,3.56,0.12,41.19,,,FALSE,2/22/13,2/20/13,,
114-UG-T30,FPQ-10786,SO-43520,DN-3011,Uganda,PMO - US,From RDC,N/A - From RDC,Air,ARV,Adult,SCMS from RDC,"Lopinavir/Ritonavir 200/50mg, tablets, 120 Tabs",Lopinavir/Ritonavir,Generic,200/50mg,Tablet,"Aurobindo Unit III, India",85936,120,8494,210311.44,24.76,0.21,260.16,2089,17032.59,TRUE,3/4/13,3/4/13,,
101-CD-T30,FPQ-11096,SO-43750,DN-3017,"Congo, DRC",PMO - US,From RDC,N/A - From RDC,Air,ARV,Pediatric,SCMS from RDC,"Zidovudine 10mg/ml, oral solution w/syringe, Bottle, 240 ml",Zidovudine,Generic,10mg/ml,Oral solution,"Aurobindo Unit III, India",85938,240,738,1549.8,2.1,0.01,1.92,,,FALSE,3/18/13,8/8/13,,
104-CI-T30,FPQ-10626,SO-43300,DN-3021,Côte d'Ivoire,PMO - US,From RDC,N/A - From RDC,Truck,ARV,Adult,SCMS from RDC,"Tenofovir Disoproxil Fumarate 300mg, tablets, 30 Tabs",Tenofovir Disoproxil Fumarate,Generic,300mg,Tablet,Mylan (formerly Matrix) Nashik,85939,30,5800,23432,4.04,0.13,32.85,,,FALSE,3/28/13,2/28/13,,
113-ZW-T30,FPQ-10632,SO-43210,DN-3030,Zimbabwe,PMO - US,From RDC,N/A - From RDC,Truck,ARV,Adult,SCMS from RDC,"Nevirapine 200mg, tablets, 60 Tabs",Nevirapine,Generic,200mg,Tablet,"Aurobindo Unit III, India",85940,60,60096,135816.95,2.26,0.04,190.42,,,FALSE,3/14/13,3/14/13,,
103-ZW-T30,FPQ-9907,SO-42260,DN-3032,Zimbabwe,PMO - US,From RDC,N/A - From RDC,Truck,ARV,Pediatric,SCMS from RDC,"Lamivudine/Nevirapine/Zidovudine 30/50/60mg, dispersible tablets, 60 Tabs",Lamivudine/Nevirapine/Zidovudine,Generic,30/50/60mg,Chewable/dispersible tablet - FDC,Mylan (formerly Matrix) Nashik,85941,60,39850,165377.5,4.15,0.07,231.86,,,FALSE,3/31/13,3/14/13,,
114-UG-T30,FPQ-11143,SO-43940,DN-3034,Uganda,PMO - US,From RDC,N/A - From RDC,Air,ARV,Pediatric,SCMS from RDC,"Efavirenz 200mg, scored tablets, 90 Tabs",Efavirenz,Generic,200mg,Tablet,"Strides, Bangalore, India.",85942,90,257,1876.1,7.3,0.08,2.32,,,FALSE,3/29/13,3/1/13,,
106-HT-T30,FPQ-11281,SO-44400,DN-3015,Haiti,PMO - US,From RDC,N/A - From RDC,Air,ARV,Adult,SCMS from RDC,"Abacavir 300mg, tablets, 60 Tabs",Abacavir,Generic,300mg,Tablet,"Aurobindo Unit III, India",85943,60,2610,33825.6,12.96,0.22,41.84,,,FALSE,4/9/13,3/14/13,,
106-HT-T30,FPQ-11281,SO-44400,DN-3015,Haiti,PMO - US,From RDC,N/A - From RDC,Air,ARV,Pediatric,SCMS from RDC,"Zidovudine 10mg/ml, oral solution w/syringe, Bottle, 240 ml",Zidovudine,Generic,10mg/ml,Oral solution,"Aurobindo Unit III, India",85944,240,1951,4097.1,2.1,0.01,5.07,,,FALSE,4/9/13,3/14/13,,
151-NG-T30,FPQ-10477,SO-44560,DN-3029,Nigeria,PMO - US,From RDC,N/A - From RDC,Air Charter,ARV,Adult,SCMS from RDC,"Lamivudine/Zidovudine 150/300mg, tablets, 60 Tabs",Lamivudine/Zidovudine,Generic,150/300mg,Tablet - FDC,Hetero Unit III Hyderabad IN,85945,60,50000,363500,7.27,0.12,509.63,,,FALSE,3/15/13,2/21/13,,
113-ZW-T30,FPQ-10632,SO-43211,DN-3057,Zimbabwe,PMO - US,From RDC,N/A - From RDC,Truck,ARV,Adult,SCMS from RDC,"Lamivudine/Tenofovir Disoproxil Fumarate 300/300mg, tablets, 30 Tabs",Lamivudine/Tenofovir Disoproxil Fumarate,Generic,300/300mg,Tablet - FDC,"Aurobindo Unit VII, IN",85947,30,132320,621904,4.7,0.16,871.91,12328,9405.81,TRUE,4/15/13,3/14/13,,
111-MZ-T30,FPQ-10211,SO-42860,DN-3063,Mozambique,PMO - US,From RDC,N/A - From RDC,Truck,ARV,Adult,SCMS from RDC,"Lamivudine/Tenofovir Disoproxil Fumarate 300/300mg, tablets, 30 Tabs",Lamivudine/Tenofovir Disoproxil Fumarate,Generic,300/300mg,Tablet - FDC,"Aurobindo Unit VII, IN",85948,30,7680,36096,4.7,0.16,50.61,,,FALSE,4/8/13,4/16/13,,
104-CI-T30,FPQ-11253,SO-44170,DN-3072,Côte d'Ivoire,PMO - US,From RDC,N/A - From RDC,Truck,ARV,Pediatric,SCMS from RDC,"Zidovudine 10mg/ml, oral solution w/syringe, Bottle, 240 ml",Zidovudine,Generic,10mg/ml,Oral solution,"Aurobindo Unit III, India",85951,240,3000,6300,2.1,0.01,7.79,1159,5405.25,TRUE,4/30/13,5/10/13,,
113-ZW-T30,FPQ-11002,SO-43700,DN-3084,Zimbabwe,PMO - US,From RDC,N/A - From RDC,Truck,ARV,Adult,SCMS from RDC,"Nevirapine 200mg, tablets, 60 Tabs",Nevirapine,Generic,200mg,Tablet,Hetero Unit III Hyderabad IN,85952,60,86515,195523.9,2.26,0.04,241.86,,,FALSE,4/30/13,4/8/13,,
111-MZ-T30,FPQ-10211,SO-42862,DN-3086,Mozambique,PMO - US,From RDC,N/A - From RDC,Truck,ARV,Adult,SCMS from RDC,"Efavirenz/Lamivudine/Tenofovir Disoproxil Fumarate 600/300/300mg, tablets, 30 Tabs",Efavirenz/Lamivudine/Tenofovir Disoproxil Fumarate,Generic,600/300/300mg,Tablet - FDC,Mylan (formerly Matrix) Nashik,85953,30,22000,266420,12.11,0.4,373.52,2503,4120.69,TRUE,4/19/13,4/19/13,,
104-CI-T30,FPQ-10633,SO-43330,DN-3075,Côte d'Ivoire,PMO - US,From RDC,N/A - From RDC,Truck,ARV,Adult,SCMS from RDC,"Lamivudine/Zidovudine 150/300mg, tablets, 60 Tabs",Lamivudine/Zidovudine,Generic,150/300mg,Tablet - FDC,"Cipla, Goa, India",85955,60,43848,318774.97,7.27,0.12,446.92,,,FALSE,3/28/13,3/30/13,,
109-TZ-T30,FPQ-11393,SO-44381,DN-3101,Tanzania,PMO - US,From RDC,N/A - From RDC,Truck,ARV,Adult,SCMS from RDC,"Efavirenz/Emtricitabine/Tenofovir Disoproxil Fumarate 600/200/300mg, tablets, 30 Tabs",Efavirenz/Emtricitabine/Tenofovir Disoproxil Fumarate,Generic,600/200/300mg,Tablet - FDC,Mylan (formerly Matrix) Nashik,85956,30,19014,260301.66,13.69,0.46,321.99,,,FALSE,5/31/13,5/14/13,,
111-MZ-T30,FPQ-11882,SO-44830,DN-3110,Mozambique,PMO - US,From RDC,N/A - From RDC,Truck,ARV,Adult,SCMS from RDC,"Zidovudine 300mg, tablets, 60 Tabs",Zidovudine,Generic,300mg,Tablet,"Aurobindo Unit III, India",85958,60,2151,14067.54,6.54,0.11,17.4,,,FALSE,6/6/13,6/20/13,,
111-MZ-T30,FPQ-11882,SO-44830,DN-3110,Mozambique,PMO - US,From RDC,N/A - From RDC,Truck,ARV,Adult,SCMS from RDC,"Zidovudine 300mg, tablets, 60 Tabs",Zidovudine,Generic,300mg,Tablet,Hetero Unit III Hyderabad IN,85959,60,567,3708.18,6.54,0.11,4.59,,,FALSE,6/6/13,6/20/13,,
103-SS-T30,FPQ-11489,SO-44630,DN-3125,South Sudan,PMO - US,From RDC,N/A - From RDC,Air,ARV,Adult,SCMS from RDC,"Lopinavir/Ritonavir 200/50mg, tablets, 120 Tabs",Lopinavir/Ritonavir,Generic,200/50mg,Tablet,"Aurobindo Unit III, India",85960,120,507,12553.32,24.76,0.21,15.53,,,FALSE,4/30/13,4/24/13,,
103-SS-T30,FPQ-11489,SO-44630,DN-3125,South Sudan,PMO - US,From RDC,N/A - From RDC,Air,ARV,Pediatric,SCMS from RDC,"Lamivudine/Zidovudine 30/60mg, tablets, 60 Tabs",Lamivudine/Zidovudine,Generic,30/60mg,Tablet - FDC,Mylan (formerly Matrix) Nashik,85961,60,132,298.32,2.26,0.04,0.37,,,FALSE,4/30/13,4/24/13,,
113-ZW-T30,FPQ-11002,SO-43720,DN-3132,Zimbabwe,PMO - US,From RDC,N/A - From RDC,Truck,ARV,Adult,SCMS from RDC,"Nevirapine 200mg, tablets, 60 Tabs",Nevirapine,Generic,200mg,Tablet,"Cipla, Goa, India",85962,60,131520,297235.2,2.26,0.04,367.68,,,FALSE,5/30/13,4/29/13,,
104-CI-T30,FPQ-11253,SO-44160,DN-3135,Côte d'Ivoire,PMO - US,From RDC,N/A - From RDC,Truck,ARV,Pediatric,SCMS from RDC,"Abacavir/Lamivudine 60/30mg, tablets, 60 Tabs",Abacavir/Lamivudine,Generic,60/30mg,Tablet - FDC,"Aurobindo Unit III, India",85963,60,2600,11960,4.6,0.08,14.79,122,1799.58,TRUE,6/28/13,4/30/13,,
151-NG-T30,FPQ-11022,SO-43847,DN-3142,Nigeria,PMO - US,From RDC,N/A - From RDC,Air Charter,ARV,Adult,SCMS from RDC,"Lamivudine/Nevirapine/Zidovudine 150/200/300mg, tablets, 60 Tabs",Lamivudine/Nevirapine/Zidovudine,Generic,150/300/200mg,Tablet - FDC,"Cipla, Goa, India",85964,60,36278,311265.25,8.58,0.14,385.04,4943,14547.55,TRUE,5/21/13,5/3/13,,
114-UG-T30,FPQ-10945,SO-43621,DN-3152,Uganda,PMO - US,From RDC,N/A - From RDC,Air,ARV,Adult,SCMS from RDC,"Efavirenz/Lamivudine/Tenofovir Disoproxil Fumarate 600/300/300mg, tablets, 30 Tabs",Efavirenz/Lamivudine/Tenofovir Disoproxil Fumarate,Generic,600/300/300mg,Tablet - FDC,Hetero Unit III Hyderabad IN,85965,30,61394,645864.9,10.52,0.35,798.93,8115,13817.65,TRUE,5/9/13,5/22/13,,
151-NG-T30,FPQ-11022,SO-43841,DN-3151,Nigeria,PMO - US,From RDC,N/A - From RDC,Air,ARV,Pediatric,SCMS from RDC,"Lamivudine/Nevirapine/Stavudine 60/100/12mg, dispersible tablets, 60 Tabs",Lamivudine/Nevirapine/Stavudine,Generic,60/100/12mg,Chewable/dispersible tablet - FDC,"Cipla, Goa, India",85966,60,2027,8716.1,4.3,0.07,10.78,218,1941.82,TRUE,5/21/13,5/23/13,,
114-UG-T30,FPQ-11133,SO-43881,DN-3156,Uganda,PMO - US,From RDC,N/A - From RDC,Truck,ARV,Adult,SCMS from RDC,"Lamivudine/Tenofovir Disoproxil Fumarate 300/300mg, tablets, 30 Tabs",Lamivudine/Tenofovir Disoproxil Fumarate,Generic,300/300mg,Tablet - FDC,"Aurobindo Unit VII, IN",85967,30,1380,6486,4.7,0.16,8.02,142,1034.64,TRUE,5/31/13,5/30/13,,
151-NG-T30,FPQ-11022,SO-43848,DN-3162,Nigeria,PMO - US,From RDC,N/A - From RDC,Air Charter,ARV,Adult,SCMS from RDC,"Nevirapine 200mg, tablets, 60 Tabs",Nevirapine,Generic,200mg,Tablet,Hetero Unit III Hyderabad IN,85968,60,95000,214700,2.26,0.04,265.58,6528,14547.55,TRUE,5/21/13,5/3/13,,
151-NG-T30,FPQ-11022,SO-43852,DN-3173,Nigeria,PMO - US,From RDC,N/A - From RDC,Air Charter,ARV,Adult,SCMS from RDC,"Efavirenz 600mg, tablets, 30 Tabs",Efavirenz,Generic,600mg,Tablet,"Strides, Bangalore, India.",85969,30,47091,156813.03,3.33,0.11,193.98,,,FALSE,6/4/13,5/10/13,,
151-NG-T30,FPQ-11022,SO-43852,DN-3173,Nigeria,PMO - US,From RDC,N/A - From RDC,Air Charter,ARV,Adult,SCMS from RDC,"Efavirenz 600mg, tablets, 30 Tabs",Efavirenz,Generic,600mg,Tablet,"Hetero, Jadcherla, unit 5, IN",85970,30,120000,399600,3.33,0.11,494.31,,,FALSE,6/4/13,5/10/13,,
110-ZM-T30,FPQ-11553,SO-44475,DN-3184,Zambia,PMO - US,From RDC,N/A - From RDC,Truck,ARV,Adult,SCMS from RDC,"Nevirapine 200mg, tablets, 60 Tabs",Nevirapine,Generic,200mg,Tablet,"Cipla, Goa, India",85971,60,96800,223608,2.31,0.04,276.6,11808,17650.15,TRUE,6/25/13,5/29/13,,
109-TZ-T30,FPQ-10551,SO-43140,DN-3185,Tanzania,PMO - US,From RDC,N/A - From RDC,Truck,ARV,Pediatric,SCMS from RDC,"Nevirapine 10mg/ml, oral suspension w/syringe, Bottle, 240 ml",Nevirapine,Generic,10mg/ml,Oral suspension,"Aurobindo Unit III, India",85972,240,24977,48705.15,1.95,0.01,68.28,9174,7185.6,TRUE,6/28/13,5/23/13,,
110-ZM-T30,FPQ-10728,SO-44771,DN-3209,Zambia,PMO - US,From RDC,N/A - From RDC,Truck,ARV,Adult,SCMS from RDC,"Efavirenz/Emtricitabine/Tenofovir Disoproxil Fumarate 600/200/300mg, tablets, 30 Tabs",Efavirenz/Emtricitabine/Tenofovir Disoproxil Fumarate,Generic,600/200/300mg,Tablet - FDC,Mylan (formerly Matrix) Nashik,85974,30,78787,1021079.5,12.96,0.43,1431.55,9347,,TRUE,7/15/13,7/23/13,,
111-MZ-T30,FPQ-11033,SO-43810,DN-3213,Mozambique,PMO - US,From RDC,N/A - From RDC,Truck,ARV,Adult,SCMS from RDC,"Zidovudine 300mg, tablets, 60 Tabs",Zidovudine,Generic,300mg,Tablet,"Aurobindo Unit III, India",85975,60,5320,34101.2,6.41,0.11,42.18,273,5496.08,TRUE,7/31/13,7/26/13,,
901-CM-T30,FPQ-12520,SO-45820,DN-3227,Cameroon,PMO - US,From RDC,N/A - From RDC,Air Charter,ARV,Adult,SCMS from RDC,"Efavirenz/Lamivudine/Tenofovir Disoproxil Fumarate 600/300/300mg, tablets, 30 Tabs",Efavirenz/Lamivudine/Tenofovir Disoproxil Fumarate,Generic,600/300/300mg,Tablet - FDC,Hetero Unit III Hyderabad IN,85977,30,45000,473400,10.52,0.35,585.6,,,FALSE,7/22/13,7/31/13,,
113-ZW-T30,FPQ-11545,SO-44340,DN-3231,Zimbabwe,PMO - US,From RDC,N/A - From RDC,Truck,ARV,Adult,SCMS from RDC,"Lamivudine/Tenofovir Disoproxil Fumarate 300/300mg, tablets, 30 Tabs",Lamivudine/Tenofovir Disoproxil Fumarate,Generic,300/300mg,Tablet - FDC,"Aurobindo Unit VII, IN",85978,30,131520,618144,4.7,0.16,764.64,,,FALSE,7/31/13,8/6/13,,
103-ZW-T30,FPQ-11478,SO-44290,DN-3232,Zimbabwe,PMO - US,From RDC,N/A - From RDC,Truck,ARV,Pediatric,SCMS from RDC,"Lamivudine/Nevirapine/Zidovudine 30/50/60mg, dispersible tablets, 60 Tabs",Lamivudine/Nevirapine/Zidovudine,Generic,30/50/60mg,Chewable/dispersible tablet - FDC,Mylan (formerly Matrix) Nashik,85979,60,14217,59000.55,4.15,0.07,72.98,,,FALSE,7/30/13,8/6/13,,
104-CI-T30,FPQ-11253,SO-44230,DN-3215,Côte d'Ivoire,PMO - US,From RDC,N/A - From RDC,Truck,ARV,Adult,SCMS from RDC,"Lopinavir/Ritonavir 200/50mg, tablets, 120 Tabs",Lopinavir/Ritonavir,Generic,200/50mg,Tablet,"Aurobindo Unit III, India",85980,120,16000,336000,21,0.18,415.63,3893,17548.41,TRUE,7/31/13,8/6/13,,
104-CI-T30,FPQ-11253,SO-44220,DN-3216,Côte d'Ivoire,PMO - US,From RDC,N/A - From RDC,Truck,ARV,Pediatric,SCMS from RDC,"Zidovudine 10mg/ml, oral solution w/syringe, Bottle, 240 ml",Zidovudine,Generic,10mg/ml,Oral solution,"Aurobindo Unit III, India",85981,240,2000,4200,2.1,0.01,5.2,,,FALSE,7/31/13,8/6/13,,
151-NG-T30,FPQ-11771,SO-44756,DN-3244,Nigeria,PMO - US,From RDC,N/A - From RDC,Air Charter,ARV,Pediatric,SCMS from RDC,"Lamivudine/Nevirapine/Zidovudine 30/50/60mg, dispersible tablets, 60 Tabs",Lamivudine/Nevirapine/Zidovudine,Generic,30/50/60mg,Chewable/dispersible tablet - FDC,"Cipla, Goa, India",85982,60,19000,78850,4.15,0.07,97.54,2511,,TRUE,8/21/13,7/30/13,,
104-CI-T30,FPQ-12144,SO-45651,DN-3245,Côte d'Ivoire,PMO - US,From RDC,N/A - From RDC,Truck,ARV,Adult,SCMS from RDC,"Abacavir/Lamivudine 600/300mg, scored tablets, 30 Tabs",Abacavir/Lamivudine,Generic,600/300mg,Tablet - FDC,Mylan (formerly Matrix) Nashik,85983,30,1789,24187.28,13.52,0.45,29.92,162,1478.34,TRUE,10/31/13,7/23/13,,
151-NG-T30,FPQ-11771,SO-44755,DN-3239,Nigeria,PMO - US,From RDC,N/A - From RDC,Air Charter,ARV,Adult,SCMS from RDC,"Lamivudine/Nevirapine/Zidovudine 150/200/300mg, tablets, 60 Tabs",Lamivudine/Nevirapine/Zidovudine,Generic,150/300/200mg,Tablet - FDC,Hetero Unit III Hyderabad IN,85985,60,26,223.08,8.58,0.14,0.28,33051,,TRUE,8/21/13,7/23/13,,
102-BI-T30,FPQ-12065,SO-45170,DN-3257,Burundi,PMO - US,From RDC,N/A - From RDC,Air,ARV,Adult,SCMS from RDC,"Lamivudine/Zidovudine 150/300mg, tablets, 60 Tabs",Lamivudine/Zidovudine,Generic,150/300mg,Tablet - FDC,Hetero Unit III Hyderabad IN,85986,60,8040,56280,7,0.12,69.62,,,FALSE,8/24/13,8/26/13,,
114-UG-T30,FPQ-12253,SO-45460,DN-3271,Uganda,PMO - US,From RDC,N/A - From RDC,Air,ARV,Adult,SCMS from RDC,"Lamivudine/Nevirapine/Zidovudine 150/200/300mg, tablets, 60 Tabs",Lamivudine/Nevirapine/Zidovudine,Generic,150/300/200mg,Tablet - FDC,"Cipla, Goa, India",85987,60,14010,120205.8,8.58,0.14,148.69,,,FALSE,9/2/13,9/2/13,,
111-MZ-T30,FPQ-11033,SO-43773,DN-3286,Mozambique,PMO - US,From RDC,N/A - From RDC,Truck,ARV,Adult,SCMS from RDC,"Efavirenz/Lamivudine/Tenofovir Disoproxil Fumarate 600/300/300mg, tablets, 30 Tabs",Efavirenz/Lamivudine/Tenofovir Disoproxil Fumarate,Generic,600/300/300mg,Tablet - FDC,Hetero Unit III Hyderabad IN,85989,30,125320,1318366.4,10.52,0.35,1630.82,16498,10825.06,TRUE,10/9/13,10/9/13,,
111-MZ-T30,FPQ-11884,SO-44850,DN-3288,Mozambique,PMO - US,From RDC,N/A - From RDC,Truck,ARV,Pediatric,SCMS from RDC,"Zidovudine 10mg/ml, oral solution w/syringe, Bottle, 240 ml",Zidovudine,Generic,10mg/ml,Oral solution,"Aurobindo Unit III, India",85990,240,13100,27510,2.1,0.01,34.03,5291,4044.33,TRUE,9/27/13,9/27/13,,
111-MZ-T30,FPQ-11884,SO-44863,DN-3289,Mozambique,PMO - US,From RDC,N/A - From RDC,Truck,ARV,Adult,SCMS from RDC,"Nevirapine 200mg, tablets, 60 Tabs",Nevirapine,Generic,200mg,Tablet,"Cipla, Goa, India",85991,60,2000,4520,2.26,0.04,5.59,,,FALSE,11/13/13,11/13/13,,
111-MZ-T30,FPQ-11884,SO-44863,DN-3289,Mozambique,PMO - US,From RDC,N/A - From RDC,Truck,ARV,Adult,SCMS from RDC,"Lamivudine/Tenofovir Disoproxil Fumarate 300/300mg, tablets, 30 Tabs",Lamivudine/Tenofovir Disoproxil Fumarate,Generic,300/300mg,Tablet - FDC,Hetero Unit III Hyderabad IN,85992,30,4969,23354.3,4.7,0.16,28.89,,,FALSE,11/13/13,11/13/13,,
114-UG-T30,FPQ-12253,SO-45450,DN-3290,Uganda,PMO - US,From RDC,N/A - From RDC,Air,ARV,Adult,SCMS from RDC,"Nevirapine 200mg, tablets, 60 Tabs",Nevirapine,Generic,200mg,Tablet,Hetero Unit III Hyderabad IN,85993,60,47925,108310.5,2.26,0.04,133.98,2933,20719.01,TRUE,9/27/13,9/27/13,,
109-TZ-T30,FPQ-12015,SO-44993,DN-3300,Tanzania,PMO - US,From RDC,N/A - From RDC,Truck,ARV,Pediatric,SCMS from RDC,"Lamivudine/Stavudine 30/6mg, dispersible tablets, 60 Tabs",Lamivudine/Stavudine,Generic,30/6mg,Chewable/dispersible tablet - FDC,"Cipla, Goa, India",85994,60,926,1759.4,1.9,0.03,2.18,,,FALSE,10/25/13,10/1/13,,
110-ZM-T30,FPQ-11553,SO-44470,DN-3298,Zambia,PMO - US,From RDC,N/A - From RDC,Truck,ARV,Adult,SCMS from RDC,"Nevirapine 200mg, tablets, 60 Tabs",Nevirapine,Generic,200mg,Tablet,Hetero Unit III Hyderabad IN,85995,60,39180,88546.8,2.26,0.04,109.53,,,FALSE,10/22/13,10/22/13,,
104-CI-T30,FPQ-12144,SO-45610,DN-3313,Côte d'Ivoire,PMO - US,From RDC,N/A - From RDC,Truck,ARV,Adult,SCMS from RDC,"Lamivudine/Tenofovir Disoproxil Fumarate 300/300mg, tablets, 30 Tabs",Lamivudine/Tenofovir Disoproxil Fumarate,Generic,300/300mg,Tablet - FDC,"Aurobindo Unit VII, IN",85996,30,12180,57246,4.7,0.16,70.81,1208,3738.52,TRUE,1/8/14,9/13/13,,
109-TZ-T30,FPQ-12015,SO-45000,DN-3314,Tanzania,PMO - US,From RDC,N/A - From RDC,Truck,ARV,Adult,SCMS from RDC,"Lopinavir/Ritonavir 200/50mg [Aluvia], tablets, 120 Tabs",Lopinavir/Ritonavir,Aluvia,200/50mg,Tablet,ABBVIE Ludwigshafen Germany,85997,120,17167,347116.75,20.22,0.17,429.38,3547,6052.1,TRUE,10/31/13,10/8/13,,
151-NG-T30,FPQ-11771,SO-44759,DN-3321,Nigeria,PMO - US,From RDC,N/A - From RDC,Air Charter,ARV,Adult,SCMS from RDC,"Abacavir/Lamivudine 600/300mg, scored tablets, 30 Tabs",Abacavir/Lamivudine,Generic,600/300mg,Tablet - FDC,Mylan (formerly Matrix) Nashik,85998,30,284,3839.68,13.52,0.45,4.75,48,34218.36,TRUE,9/20/13,9/12/13,,
151-NG-T30,FPQ-11864,SO-44921,DN-3322,Nigeria,PMO - US,From RDC,N/A - From RDC,Air Charter,ARV,Adult,SCMS from RDC,"Efavirenz 600mg, tablets, 30 Tabs",Efavirenz,Generic,600mg,Tablet,"Aurobindo Unit III, India",85999,30,8917,29693.61,3.33,0.11,36.73,857,34218.36,TRUE,9/20/13,9/12/13,,
151-NG-T30,FPQ-11864,SO-44925,DN-3323,Nigeria,PMO - US,From RDC,N/A - From RDC,Air Charter,ARV,Pediatric,SCMS from RDC,"Lamivudine/Nevirapine/Zidovudine 30/50/60mg, dispersible tablets, 60 Tabs",Lamivudine/Nevirapine/Zidovudine,Generic,30/50/60mg,Chewable/dispersible tablet - FDC,Mylan (formerly Matrix) Nashik,86000,60,46050,179134.5,3.89,0.06,221.59,2847,5703.06,TRUE,9/20/13,9/12/13,,
110-ZM-T30,FPQ-12066,SO-45060,DN-3327,Zambia,PMO - US,From RDC,N/A - From RDC,Truck,ARV,Adult,SCMS from RDC,"Abacavir 300mg, tablets, 60 Tabs",Abacavir,Generic,300mg,Tablet,"Aurobindo Unit III, India",86001,60,3908,44785.68,11.46,0.19,55.4,,,FALSE,9/30/13,9/17/13,,
107-RW-T30,FPQ-12766,SO-46470,DN-3351,Rwanda,PMO - US,From RDC,N/A - From RDC,Air,ARV,Adult,SCMS from RDC,"Abacavir/Lamivudine 600/300mg, scored tablets, 30 Tabs",Abacavir/Lamivudine,Generic,600/300mg,Tablet - FDC,Mylan (formerly Matrix) Nashik,86003,30,3316,44832.32,13.52,0.45,55.46,292,2593.56,TRUE,10/31/13,10/24/13,,
114-UG-T30,FPQ-12253,SO-45542,DN-3353,Uganda,PMO - US,From RDC,N/A - From RDC,Truck,ARV,Adult,SCMS from RDC,"Lamivudine/Tenofovir Disoproxil Fumarate 300/300mg, tablets, 30 Tabs",Lamivudine/Tenofovir Disoproxil Fumarate,Generic,300/300mg,Tablet - FDC,Mylan (formerly Matrix) Nashik,86005,30,21709,102032.3,4.7,0.16,126.21,1713,5591.3,TRUE,10/21/13,11/8/13,,
103-DO-T30,FPQ-11920,SO-46150,DN-3355,Dominican Republic,PMO - US,From RDC,N/A - From RDC,Air,ARV,Adult,SCMS from RDC,"Lamivudine 150mg, tablets, 60 Tabs",Lamivudine,Generic,150mg,Tablet,Hetero Unit III Hyderabad IN,86007,60,6617,13167.83,1.99,0.03,16.29,,,FALSE,10/29/13,10/10/13,,
109-TZ-T30,FPQ-12015,SO-44980,DN-3347,Tanzania,PMO - US,From RDC,N/A - From RDC,Truck,ARV,Adult,SCMS from RDC,"Emtricitabine/Tenofovir Disoproxil Fumarate 200/300mg, tablets, 30 Tabs",Emtricitabine/Tenofovir Disoproxil Fumarate,Generic,200/300mg,Tablet - FDC,Mylan (formerly Matrix) Nashik,86008,30,3478,21111.46,6.07,0.2,26.11,,,FALSE,10/31/13,11/4/13,,
103-ZW-T30,FPQ-12086,SO-45121,DN-3363,Zimbabwe,PMO - US,From RDC,N/A - From RDC,Truck,ARV,Pediatric,SCMS from RDC,"Efavirenz 200mg, scored tablets, 90 Tabs",Efavirenz,Generic,200mg,Tablet,"Strides, Bangalore, India.",86009,90,1000,9300,9.3,0.1,11.5,68,1004.86,TRUE,11/30/13,10/22/13,,
151-NG-T30,FPQ-11771,SO-44753,DN-3364,Nigeria,PMO - US,From RDC,N/A - From RDC,Air Charter,ARV,Adult,SCMS from RDC,"Lopinavir/Ritonavir 200/50mg [Aluvia], tablets, 120 Tabs",Lopinavir/Ritonavir,Aluvia,200/50mg,Tablet,ABBVIE Ludwigshafen Germany,86010,120,56260,1137577.2,20.22,0.17,1407.18,12427,20225.08,TRUE,10/31/13,10/14/13,,
113-ZW-T30,FPQ-12260,SO-45340,DN-3405,Zimbabwe,PMO - US,From RDC,N/A - From RDC,Truck,ARV,Adult,SCMS from RDC,"Efavirenz/Lamivudine/Tenofovir Disoproxil Fumarate 600/300/300mg, tablets, 30 Tabs",Efavirenz/Lamivudine/Tenofovir Disoproxil Fumarate,Generic,600/300/300mg,Tablet - FDC,Hetero Unit III Hyderabad IN,86014,30,37696,420310.4,11.15,0.37,519.92,5093,10942.89,TRUE,11/30/13,11/25/13,,
114-UG-T30,FPQ-13094,SO-46830,DN-3402,Uganda,PMO - US,From RDC,N/A - From RDC,Truck,ARV,Pediatric,SCMS from RDC,"Lamivudine/Zidovudine 30/60mg, tablets, 60 Tabs",Lamivudine/Zidovudine,Generic,30/60mg,Tablet - FDC,Mylan (formerly Matrix) Nashik,86015,60,4160,8944,2.15,0.04,9.19,,,FALSE,12/16/13,12/20/13,,
113-ZW-T30,FPQ-11545,SO-44360,DN-3413,Zimbabwe,PMO - US,From RDC,N/A - From RDC,Truck,ARV,Adult,SCMS from RDC,"Lamivudine/Tenofovir Disoproxil Fumarate 300/300mg, tablets, 30 Tabs",Lamivudine/Tenofovir Disoproxil Fumarate,Generic,300/300mg,Tablet - FDC,Hetero Unit III Hyderabad IN,86017,30,83551,401880.3,4.81,0.16,497.13,,,FALSE,11/30/13,11/25/13,,
114-UG-T30,FPQ-12253,SO-45560,DN-3416,Uganda,PMO - US,From RDC,N/A - From RDC,Truck,ARV,Adult,SCMS from RDC,"Efavirenz 600mg, tablets, 30 Tabs",Efavirenz,Generic,600mg,Tablet,"Strides, Bangalore, India.",86018,30,66864,222657.12,3.33,0.11,275.43,4067,6976.78,TRUE,12/31/13,11/28/13,,
102-BI-T30,FPQ-12065,SO-45181,DN-3423,Burundi,PMO - US,From RDC,N/A - From RDC,Air,ARV,Pediatric,SCMS from RDC,"Lamivudine 10mg/ml, oral solution w/syringe, Bottle, 240 ml",Lamivudine,Generic,10mg/ml,Oral solution,"Aurobindo Unit III, India",86019,240,549,796.05,1.45,0.01,0.98,201,1530.81,TRUE,12/31/13,2/17/14,,
105-GY-T30,FPQ-12619,SO-46090,DN-3425,Guyana,PMO - US,From RDC,N/A - From RDC,Air,ARV,Adult,SCMS from RDC,"Lopinavir/Ritonavir 200/50mg [Aluvia], tablets, 120 Tabs",Lopinavir/Ritonavir,Aluvia,200/50mg,Tablet,ABBVIE Ludwigshafen Germany,86020,120,1490,30127.8,20.22,0.17,37.27,,,FALSE,12/31/13,12/2/13,,
111-MZ-T30,FPQ-12573,SO-46171,DN-3429,Mozambique,PMO - US,From RDC,N/A - From RDC,Truck,ARV,Adult,SCMS from RDC,"Lamivudine/Tenofovir Disoproxil Fumarate 300/300mg, tablets, 30 Tabs",Lamivudine/Tenofovir Disoproxil Fumarate,Generic,300/300mg,Tablet - FDC,Hetero Unit III Hyderabad IN,86021,30,2575,12102.5,4.7,0.16,14.97,272,5419.22,TRUE,1/15/14,1/15/14,,
104-CI-T30,FPQ-12144,SO-45600,DN-3431,Côte d'Ivoire,PMO - US,From RDC,N/A - From RDC,Truck,ARV,Pediatric,SCMS from RDC,"Nevirapine 10mg/ml, oral suspension w/syringe, Bottle, 240 ml",Nevirapine,Generic,10mg/ml,Oral suspension,"Aurobindo Unit III, India",86022,240,2000,3900,1.95,0.01,4.82,736,4747.87,TRUE,12/3/13,12/10/13,,
151-NG-T30,FPQ-12801,SO-47220,DN-3435,Nigeria,PMO - US,From RDC,N/A - From RDC,Air Charter,ARV,Pediatric,SCMS from RDC,"Lamivudine/Zidovudine 30/60mg, tablets, 60 Tabs",Lamivudine/Zidovudine,Generic,30/60mg,Tablet - FDC,"Aurobindo Unit III, India",86023,60,6398,14459.48,2.26,0.04,17.89,394,26340,TRUE,1/31/14,11/26/13,,
111-MZ-T30,FPQ-12416,SO-45894,DN-3439,Mozambique,PMO - US,From RDC,N/A - From RDC,Truck,ARV,Adult,SCMS from RDC,"Efavirenz 600mg, tablets, 30 Tabs",Efavirenz,Generic,600mg,Tablet,"Cipla, Goa, India",86024,30,50000,166500,3.33,0.11,205.96,,,FALSE,1/31/14,1/30/14,,
107-RW-T30,FPQ-12766,SO-46481,DN-3445,Rwanda,PMO - US,From RDC,N/A - From RDC,Truck,ARV,Adult,SCMS from RDC,"Lopinavir/Ritonavir 200/50mg [Aluvia], tablets, 120 Tabs",Lopinavir/Ritonavir,Aluvia,200/50mg,Tablet,ABBVIE Ludwigshafen Germany,86025,120,11193,226322.45,20.22,0.17,279.96,2518,33986.07,TRUE,12/17/13,12/11/13,,
109-TZ-T30,FPQ-12587,SO-45995,DN-3458,Tanzania,PMO - US,From RDC,N/A - From RDC,Truck,ARV,Adult,SCMS from RDC,"Emtricitabine/Tenofovir Disoproxil Fumarate 200/300mg, tablets, 30 Tabs",Emtricitabine/Tenofovir Disoproxil Fumarate,Generic,200/300mg,Tablet - FDC,Mylan (formerly Matrix) Nashik,86027,30,337,1978.19,5.87,0.2,2.45,,,FALSE,12/31/13,2/25/14,,
103-ZW-T30,FPQ-12086,SO-45122,DN-3468,Zimbabwe,PMO - US,From RDC,N/A - From RDC,Truck,ARV,Pediatric,SCMS from RDC,"Abacavir 20mg/ml, oral solution w/syringe, Bottle, 240 ml",Abacavir,Generic,20mg/ml,Oral solution,"Aurobindo Unit III, India",86028,240,241,2050.91,8.51,0.04,2.54,64,7300,TRUE,1/31/14,1/13/14,,
109-TZ-T30,FPQ-12587,SO-45997,DN-3477,Tanzania,PMO - US,From RDC,N/A - From RDC,Truck,ARV,Pediatric,SCMS from RDC,"Lamivudine/Nevirapine/Stavudine 30/50/6mg, dispersible tablets, 60 Tabs",Lamivudine/Nevirapine/Stavudine,Generic,30/50/6mg,Chewable/dispersible tablet - FDC,"Cipla, Goa, India",86029,60,9312,21417.6,2.3,0.04,26.49,1221,4847.8,TRUE,1/31/14,3/7/14,,
103-SS-T30,FPQ-13173,SO-47110,DN-3493,South Sudan,PMO - US,From RDC,N/A - From RDC,Air,ARV,Adult,SCMS from RDC,"Efavirenz 600mg, tablets, 30 Tabs",Efavirenz,Generic,600mg,Tablet,"Strides, Bangalore, India.",86030,30,2100,6993,3.33,0.11,7.19,,,FALSE,1/22/14,2/11/14,,
107-RW-T30,FPQ-12766,SO-46483,DN-3497,Rwanda,PMO - US,From RDC,N/A - From RDC,Truck,ARV,Adult,SCMS from RDC,"Lamivudine/Nevirapine/Zidovudine 150/200/300mg, tablets, 60 Tabs",Lamivudine/Nevirapine/Zidovudine,Generic,150/300/200mg,Tablet - FDC,"Aurobindo Unit III, India",86031,60,26540,219220.4,8.26,0.14,271.18,,,FALSE,1/31/14,2/3/14,,
104-CI-T30,FPQ-12800,SO-46350,DN-3504,Côte d'Ivoire,PMO - US,From RDC,N/A - From RDC,Air,ARV,Pediatric,SCMS from RDC,"Lamivudine/Zidovudine 30/60mg, tablets, 60 Tabs",Lamivudine/Zidovudine,Generic,30/60mg,Tablet - FDC,Mylan (formerly Matrix) Nashik,86032,60,12000,27120,2.26,0.04,33.55,,,FALSE,1/31/14,1/18/14,,
109-TZ-T30,FPQ-12587,SO-46000,DN-3501,Tanzania,PMO - US,From RDC,N/A - From RDC,Truck,ARV,Pediatric,SCMS from RDC,"Abacavir/Lamivudine 60/30mg, tablets, 60 Tabs",Abacavir/Lamivudine,Generic,60/30mg,Tablet - FDC,"Aurobindo Unit III, India",86033,60,9458,37832,4,0.07,46.8,,,FALSE,1/31/14,2/19/14,,
114-UG-T30,FPQ-12776,SO-46180,DN-3502,Uganda,PMO - US,From RDC,N/A - From RDC,Truck,ARV,Pediatric,SCMS from RDC,"Nevirapine 10mg/ml, oral suspension w/syringe, Bottle, 100 ml",Nevirapine,Generic,10mg/ml,Oral suspension,"Aurobindo Unit III, India",86034,100,45285,58870.5,1.3,0.01,72.82,8998,5458.45,TRUE,1/31/14,1/30/14,,
103-ZW-T30,FPQ-13294,SO-47230,DN-3521,Zimbabwe,PMO - US,From RDC,N/A - From RDC,Air,ARV,Pediatric,SCMS from RDC,"Abacavir/Lamivudine 60/30mg, tablets, 60 Tabs",Abacavir/Lamivudine,Generic,60/30mg,Tablet - FDC,"Aurobindo Unit III, India",86040,60,2088,8352,4,0.07,8.59,102,2021.95,TRUE,1/30/14,2/11/14,,
104-CI-T30,FPQ-12800,SO-46421,DN-3530,Côte d'Ivoire,PMO - US,From RDC,N/A - From RDC,Air,ARV,Pediatric,SCMS from RDC,"Zidovudine 10mg/ml, oral solution w/syringe, Bottle, 240 ml",Zidovudine,Generic,10mg/ml,Oral solution,"Aurobindo Unit III, India",86041,240,5700,11970,2.1,0.01,14.81,2845,10943.15,TRUE,1/31/14,2/13/14,,
109-TZ-T30,FPQ-12587,SO-45999,DN-3531,Tanzania,PMO - US,From RDC,N/A - From RDC,Truck,ARV,Pediatric,SCMS from RDC,"Nevirapine 10mg/ml, oral suspension w/syringe, Bottle, 100 ml",Nevirapine,Generic,10mg/ml,Oral suspension,"Aurobindo Unit III, India",86042,100,13171,17122.3,1.3,0.01,21.18,,,FALSE,1/31/14,2/19/14,,
107-RW-T30,FPQ-12766,SO-46484,DN-3536,Rwanda,PMO - US,From RDC,N/A - From RDC,Truck,ARV,Adult,SCMS from RDC,"Lopinavir/Ritonavir 200/50mg, tablets, 120 Tabs",Lopinavir/Ritonavir,Generic,200/50mg,Tablet,Mylan (formerly Matrix) Nashik,86043,120,5247,107458.56,20.48,0.17,132.93,1382,8456.96,TRUE,1/31/14,2/25/14,,
104-CI-T30,FPQ-12800,SO-46421,DN-3530,Côte d'Ivoire,PMO - US,From RDC,N/A - From RDC,Air,ARV,Adult,SCMS from RDC,"Abacavir 300mg, tablets, 60 Tabs",Abacavir,Generic,300mg,Tablet,"Aurobindo Unit III, India",86044,60,6200,70432,11.36,0.19,87.12,,,FALSE,1/31/14,2/13/14,,
104-CI-T30,FPQ-12800,SO-46341,DN-3545,Côte d'Ivoire,PMO - US,From RDC,N/A - From RDC,Air,ARV,Adult,SCMS from RDC,"Lamivudine/Tenofovir Disoproxil Fumarate 300/300mg, tablets, 30 Tabs",Lamivudine/Tenofovir Disoproxil Fumarate,Generic,300/300mg,Tablet - FDC,"Cipla, Kurkumbh, India",86045,30,7426,34902.2,4.7,0.16,43.17,753,4063.81,TRUE,2/28/14,2/18/14,,
104-CI-T30,FPQ-12800,SO-46422,DN-3546,Côte d'Ivoire,PMO - US,From RDC,N/A - From RDC,Air,ARV,Adult,SCMS from RDC,"Lamivudine/Tenofovir Disoproxil Fumarate 300/300mg, tablets, 30 Tabs",Lamivudine/Tenofovir Disoproxil Fumarate,Generic,300/300mg,Tablet - FDC,"Cipla, Kurkumbh, India",86046,30,22400,105280,4.7,0.16,130.23,,,FALSE,2/28/14,2/18/14,,
104-CI-T30,FPQ-12144,SO-45631,DN-3547,Côte d'Ivoire,PMO - US,From RDC,N/A - From RDC,Truck,ARV,Adult,SCMS from RDC,"Lamivudine/Tenofovir Disoproxil Fumarate 300/300mg, tablets, 30 Tabs",Lamivudine/Tenofovir Disoproxil Fumarate,Generic,300/300mg,Tablet - FDC,"Cipla, Kurkumbh, India",86047,30,5173,24313.1,4.7,0.16,30.08,,,FALSE,2/28/14,1/18/14,,
151-NG-T30,FPQ-12248,SO-45665,DN-3551,Nigeria,PMO - US,From RDC,N/A - From RDC,Air Charter,ARV,Adult,SCMS from RDC,"Lamivudine/Nevirapine/Zidovudine 150/200/300mg, tablets, 60 Tabs",Lamivudine/Nevirapine/Zidovudine,Generic,150/300/200mg,Tablet - FDC,"Cipla, Goa, India",86048,60,77999,644271.75,8.26,0.14,796.96,,,FALSE,2/28/14,2/10/14,,
104-CI-T30,FPQ-12144,SO-45650,DN-3556,Côte d'Ivoire,PMO - US,From RDC,N/A - From RDC,Truck,ARV,Adult,SCMS from RDC,"Abacavir/Lamivudine 600/300mg, scored tablets, 30 Tabs",Abacavir/Lamivudine,Generic,600/300mg,Tablet - FDC,Mylan (formerly Matrix) Nashik,86049,30,611,8260.72,13.52,0.45,10.22,55,1335.15,TRUE,2/28/14,3/1/14,,
104-CI-T30,FPQ-13509,SO-47560,DN-3555,Côte d'Ivoire,PMO - US,From RDC,N/A - From RDC,Truck,ARV,Pediatric,SCMS from RDC,"Zidovudine 10mg/ml, oral solution w/syringe, Bottle, 240 ml",Zidovudine,Generic,10mg/ml,Oral solution,"Aurobindo Unit III, India",86050,240,2907,6104.7,2.1,0.01,6.28,1122,5520.83,TRUE,2/27/14,2/18/14,,
101-CD-T30,FPQ-13554,SO-47630,DN-3561,"Congo, DRC",PMO - US,From RDC,N/A - From RDC,Air,ARV,Adult,SCMS from RDC,"Lamivudine 150mg, tablets, 60 Tabs",Lamivudine,Generic,150mg,Tablet,"Micro labs, Verna, Goa, India",86051,60,960,2140.8,2.23,0.04,2.2,,,FALSE,5/30/14,5/19/14,,
101-CD-T30,FPQ-13554,SO-47630,DN-3561,"Congo, DRC",PMO - US,From RDC,N/A - From RDC,Air,ARV,Adult,SCMS from RDC,"Efavirenz/Lamivudine/Tenofovir Disoproxil Fumarate 600/300/300mg, tablets, 30 Tabs",Efavirenz/Lamivudine/Tenofovir Disoproxil Fumarate,Generic,600/300/300mg,Tablet - FDC,Hetero Unit III Hyderabad IN,86052,30,4290,46632.3,10.87,0.36,47.94,,,FALSE,5/30/14,5/19/14,,
100-ZM-T30,FPQ-12497,SO-45940,DN-3565,Zambia,PMO - US,From RDC,N/A - From RDC,Truck,ARV,Adult,SCMS from RDC,"Lamivudine 150mg, tablets, 60 Tabs",Lamivudine,Generic,150mg,Tablet,"Aurobindo Unit III, India",86054,60,10000,22300,2.23,0.04,27.59,,,FALSE,3/25/14,3/25/14,,
104-CI-T30,FPQ-12800,SO-46400,DN-3568,Côte d'Ivoire,PMO - US,From RDC,N/A - From RDC,Truck,ARV,Adult,SCMS from RDC,"Lamivudine/Nevirapine/Zidovudine 150/200/300mg, tablets, 60 Tabs",Lamivudine/Nevirapine/Zidovudine,Generic,150/300/200mg,Tablet - FDC,"Aurobindo Unit III, India",86056,60,100000,826000,8.26,0.14,1021.76,,,FALSE,3/28/14,4/11/14,,
107-RW-T30,FPQ-13647,SO-47830,DN-3578,Rwanda,PMO - US,From RDC,N/A - From RDC,Air,ARV,Adult,SCMS from RDC,"Lamivudine/Zidovudine 150/300mg, tablets, 60 Tabs",Lamivudine/Zidovudine,Generic,150/300mg,Tablet - FDC,"Aurobindo Unit III, India",86058,60,18000,121140,6.73,0.11,124.53,1643,12995.06,TRUE,3/25/14,4/2/14,,
114-UG-T30,FPQ-13108,SO-46880,DN-3583,Uganda,PMO - US,From RDC,N/A - From RDC,Truck,ARV,Adult,SCMS from RDC,"Lopinavir/Ritonavir 200/50mg, tablets, 120 Tabs",Lopinavir/Ritonavir,Generic,200/50mg,Tablet,"Aurobindo Unit III, India",86059,120,26960,541087.2,20.07,0.17,556.24,,,TRUE,4/30/14,4/18/14,,
105-GY-T30,FPQ-13071,SO-46800,DN-3585,Guyana,PMO - US,From RDC,N/A - From RDC,Air,ARV,Adult,SCMS from RDC,"Lopinavir/Ritonavir 200/50mg, tablets, 120 Tabs",Lopinavir/Ritonavir,Generic,200/50mg,Tablet,"Aurobindo Unit III, India",86060,120,1484,31164,21,0.18,32.04,,,FALSE,3/31/14,4/3/14,,
106-HT-T30,FPQ-13608,SO-47690,DN-3586,Haiti,PMO - US,From RDC,N/A - From RDC,Air,ARV,Adult,SCMS from RDC,"Lamivudine/Nevirapine/Zidovudine 150/200/300mg, tablets, 60 Tabs",Lamivudine/Nevirapine/Zidovudine,Generic,150/300/200mg,Tablet - FDC,Mylan (formerly Matrix) Nashik,86061,60,30000,247800,8.26,0.14,254.74,,,FALSE,3/30/14,3/24/14,,
106-HT-T30,FPQ-13648,SO-47800,DN-3587,Haiti,PMO - US,From RDC,N/A - From RDC,Air,ARV,Adult,SCMS from RDC,"Lamivudine/Zidovudine 150/300mg, tablets, 60 Tabs",Lamivudine/Zidovudine,Generic,150/300mg,Tablet - FDC,Mylan (formerly Matrix) Nashik,86062,60,16374,110197.02,6.73,0.11,113.28,,,FALSE,5/5/14,3/24/14,,
114-UG-T30,FPQ-13108,SO-46870,DN-3589,Uganda,PMO - US,From RDC,N/A - From RDC,Truck,ARV,Adult,SCMS from RDC,"Lamivudine/Nevirapine/Zidovudine 150/200/300mg, tablets, 60 Tabs",Lamivudine/Nevirapine/Zidovudine,Generic,150/300/200mg,Tablet - FDC,"Aurobindo Unit III, India",86063,60,50000,413000,8.26,0.14,424.56,,,FALSE,4/20/14,4/18/14,,
101-KE-T30,FPQ-13822,SO-48080,DN-3591,Kenya,PMO - US,From RDC,N/A - From RDC,Truck,HRDT,HIV test,SCMS from RDC,"HIV 1/2/O, First Response HIV 1-2.0, v.3.0 Cards Kit, 30 Tests","HIV 1/2/O, First Response HIV 1-2.0, v.3.0 Cards Kit",First Response,N/A,Test kit,Premier Med. Corp Ltd. India,86064,30,2429,0,0,0,0,,,TRUE,4/3/14,3/11/14,,
104-CI-T30,FPQ-12800,SO-46380,DN-3601,Côte d'Ivoire,PMO - US,From RDC,N/A - From RDC,Air,ARV,Adult,SCMS from RDC,"Lamivudine 150mg, tablets, 60 Tabs",Lamivudine,Generic,150mg,Tablet,"Micro labs, Verna, Goa, India",86065,60,519,1115.85,2.15,0.04,1.38,,,FALSE,3/31/14,4/14/14,,
151-NG-T30,FPQ-12801,SO-46550,DN-3618,Nigeria,PMO - US,From RDC,N/A - From RDC,Air Charter,ARV,Adult,SCMS from RDC,"Efavirenz/Lamivudine/Tenofovir Disoproxil Fumarate 600/300/300mg, tablets, 30 Tabs",Efavirenz/Lamivudine/Tenofovir Disoproxil Fumarate,Generic,600/300/300mg,Tablet - FDC,Hetero Unit III Hyderabad IN,86066,30,401961,4228629.5,10.52,0.35,5230.81,59322,29674.92,TRUE,4/15/14,4/17/14,,
114-UG-T30,FPQ-13108,SO-46872,DN-3607,Uganda,PMO - US,From RDC,N/A - From RDC,Truck,ARV,Adult,SCMS from RDC,"Lamivudine/Nevirapine/Zidovudine 150/200/300mg, tablets, 60 Tabs",Lamivudine/Nevirapine/Zidovudine,Generic,150/300/200mg,Tablet - FDC,"Aurobindo Unit III, India",86067,60,34138,281979.88,8.26,0.14,289.88,4009,4947.38,TRUE,3/21/14,4/18/14,,
100-ZM-T30,FPQ-12497,SO-45920,DN-3615,Zambia,PMO - US,From RDC,N/A - From RDC,Air,ARV,Adult,SCMS from RDC,"Abacavir 300mg, tablets, 60 Tabs",Abacavir,Generic,300mg,Tablet,Mylan (formerly Matrix) Nashik,86068,60,11209,145268.64,12.96,0.22,179.7,1143,1876.35,TRUE,5/19/14,5/19/14,,
151-NG-T30,FPQ-12248,SO-45660,DN-3619,Nigeria,PMO - US,From RDC,N/A - From RDC,Air Charter,ARV,Adult,SCMS from RDC,"Lamivudine/Nevirapine/Zidovudine 150/200/300mg, tablets, 60 Tabs",Lamivudine/Nevirapine/Zidovudine,Generic,150/300/200mg,Tablet - FDC,"Cipla, Goa, India",86069,60,15,123.9,8.26,0.14,0.15,5416,29674.92,TRUE,4/15/14,4/17/14,,
105-GY-T30,FPQ-13567,SO-47730,DN-3626,Guyana,PMO - US,From RDC,N/A - From RDC,Air,ARV,Adult,SCMS from RDC,"Abacavir 300mg, tablets, 60 Tabs",Abacavir,Generic,300mg,Tablet,"Aurobindo Unit III, India",86070,60,70,795.2,11.36,0.19,0.82,,,FALSE,6/30/14,4/14/14,,
105-GY-T30,FPQ-13567,SO-47730,DN-3626,Guyana,PMO - US,From RDC,N/A - From RDC,Air,ARV,Pediatric,SCMS from RDC,"Nevirapine 10mg/ml, oral suspension w/syringe, Bottle, 240 ml",Nevirapine,Generic,10mg/ml,Oral suspension,"Aurobindo Unit III, India",86071,240,152,282.72,1.86,0.01,0.29,,,FALSE,6/30/14,4/14/14,,
111-MZ-T30,FPQ-13124,SO-47041,DN-3628,Mozambique,PMO - US,From RDC,N/A - From RDC,Truck,ARV,Adult,SCMS from RDC,"Efavirenz 600mg, tablets, 30 Tabs",Efavirenz,Generic,600mg,Tablet,"Strides, Bangalore, India.",86072,30,63000,209790,3.33,0.11,215.66,,,FALSE,6/14/14,6/24/14,,
107-RW-T30,FPQ-13728,SO-47970,DN-3637,Rwanda,PMO - US,From RDC,N/A - From RDC,Air,ARV,Pediatric,SCMS from RDC,"Lamivudine/Zidovudine 30/60mg, tablets, 60 Tabs",Lamivudine/Zidovudine,Generic,30/60mg,Tablet - FDC,Mylan (formerly Matrix) Nashik,86073,60,373,746,2,0.03,0.77,14,1284.7,TRUE,6/4/14,6/4/14,,
111-MZ-T30,FPQ-13124,SO-47052,DN-3645,Mozambique,PMO - US,From RDC,N/A - From RDC,Truck,ARV,Adult,SCMS from RDC,"Tenofovir Disoproxil Fumarate 300mg, tablets, 30 Tabs",Tenofovir Disoproxil Fumarate,Generic,300mg,Tablet,Hetero Unit III Hyderabad IN,86074,30,560,2116.8,3.78,0.13,2.18,40,4100,TRUE,6/30/14,5/26/14,,
103-ZW-T30,FPQ-13109,SO-46950,DN-3649,Zimbabwe,PMO - US,From RDC,N/A - From RDC,Truck,ARV,Pediatric,SCMS from RDC,"Efavirenz 200mg, scored tablets, 90 Tabs",Efavirenz,Generic,200mg,Tablet,"Strides, Bangalore, India.",86075,90,819,7616.7,9.3,0.1,7.83,58,1551,TRUE,5/5/14,5/23/14,,
111-MZ-T30,FPQ-13166,SO-47600,DN-3650,Mozambique,PMO - US,From RDC,N/A - From RDC,Truck,ARV,Adult,SCMS from RDC,"Lamivudine 150mg, tablets, 60 Tabs",Lamivudine,Generic,150mg,Tablet,"Micro labs, Verna, Goa, India",86076,60,648,1127.52,1.74,0.03,1.16,39,30.49,TRUE,7/8/14,7/18/14,,
104-CI-T30,FPQ-13142,SO-47130,DN-3655,Côte d'Ivoire,PMO - US,From RDC,N/A - From RDC,Truck,ARV,Pediatric,SCMS from RDC,"Nevirapine 10mg/ml, oral suspension w/syringe, Bottle, 100 ml",Nevirapine,Generic,10mg/ml,Oral suspension,"Aurobindo Unit III, India",86077,100,4000,5200,1.3,0.01,5.35,,,FALSE,4/21/14,5/1/14,,
107-RW-T30,FPQ-12766,SO-46500,DN-3658,Rwanda,PMO - US,From RDC,N/A - From RDC,Truck,ARV,Adult,SCMS from RDC,"Lamivudine/Tenofovir Disoproxil Fumarate 300/300mg, tablets, 30 Tabs",Lamivudine/Tenofovir Disoproxil Fumarate,Generic,300/300mg,Tablet - FDC,"Cipla, Kurkumbh, India",86078,30,97619,452952.16,4.64,0.15,560.3,9905,5445.73,TRUE,5/5/14,6/6/14,,
111-MZ-T30,FPQ-13394,SO-47461,DN-3698,Mozambique,PMO - US,From RDC,N/A - From RDC,Truck,ARV,Adult,SCMS from RDC,"Lamivudine/Nevirapine/Zidovudine 150/200/300mg, tablets, 60 Tabs",Lamivudine/Nevirapine/Zidovudine,Generic,150/300/200mg,Tablet - FDC,"Cipla, Goa, India",86081,60,47108,382045.88,8.11,0.14,392.74,7041,4486.01,TRUE,7/16/14,7/25/14,,
109-TZ-T30,FPQ-13566,SO-47662,DN-3700,Tanzania,PMO - US,From RDC,N/A - From RDC,Truck,ARV,Pediatric,SCMS from RDC,"Lamivudine/Nevirapine/Zidovudine 30/50/60mg, dispersible tablets, 60 Tabs",Lamivudine/Nevirapine/Zidovudine,Generic,30/50/60mg,Chewable/dispersible tablet - FDC,Mylan (formerly Matrix) Nashik,86082,60,14789,55458.75,3.75,0.06,57.01,825,5137.06,TRUE,7/29/14,8/2/14,,
113-ZW-T30,FPQ-12950,SO-46650,DN-3702,Zimbabwe,PMO - US,From RDC,N/A - From RDC,Truck,ARV,Adult,SCMS from RDC,"Efavirenz/Lamivudine/Tenofovir Disoproxil Fumarate 600/300/300mg, tablets, 30 Tabs",Efavirenz/Lamivudine/Tenofovir Disoproxil Fumarate,Generic,600/300/300mg,Tablet - FDC,Hetero Unit III Hyderabad IN,86083,30,66407,715867.44,10.78,0.36,885.53,,,FALSE,5/30/14,5/30/14,,
102-ZW-T30,FPQ-13348,SO-47360,DN-3705,Zimbabwe,PMO - US,From RDC,N/A - From RDC,Truck,ARV,Adult,SCMS from RDC,"Efavirenz/Lamivudine/Tenofovir Disoproxil Fumarate 600/300/300mg, tablets, 30 Tabs",Efavirenz/Lamivudine/Tenofovir Disoproxil Fumarate,Generic,600/300/300mg,Tablet - FDC,Hetero Unit III Hyderabad IN,86084,30,132926,1482124.9,11.15,0.37,1523.62,17791,33707.41,TRUE,7/31/14,5/30/14,,
151-NG-T30,FPQ-13293,SO-47271,DN-3721,Nigeria,PMO - US,From RDC,N/A - From RDC,Air Charter,ARV,Adult,SCMS from RDC,"Lamivudine/Nevirapine/Zidovudine 150/200/300mg, tablets, 60 Tabs",Lamivudine/Nevirapine/Zidovudine,Generic,150/300/200mg,Tablet - FDC,Mylan (formerly Matrix) Nashik,86086,60,274715,2227938.8,8.11,0.14,2290.32,66966,45180.62,TRUE,6/3/14,5/9/14,,
114-UG-T30,FPQ-13108,SO-46875,DN-3732,Uganda,PMO - US,From RDC,N/A - From RDC,Truck,ARV,Adult,SCMS from RDC,"Lamivudine/Nevirapine/Zidovudine 150/200/300mg, tablets, 60 Tabs",Lamivudine/Nevirapine/Zidovudine,Generic,150/300/200mg,Tablet - FDC,Hetero Unit III Hyderabad IN,86089,60,52898,429002.78,8.11,0.14,441.01,,,FALSE,6/30/14,6/30/14,,
114-UG-T30,FPQ-13108,SO-46875,DN-3732,Uganda,PMO - US,From RDC,N/A - From RDC,Truck,ARV,Adult,SCMS from RDC,"Lamivudine/Nevirapine/Zidovudine 150/200/300mg, tablets, 60 Tabs",Lamivudine/Nevirapine/Zidovudine,Generic,150/300/200mg,Tablet - FDC,"Cipla, Goa, India",86090,60,30,243.3,8.11,0.14,0.25,,,FALSE,6/30/14,6/30/14,,
111-MZ-T30,FPQ-13124,SO-47070,DN-3745,Mozambique,PMO - US,From RDC,N/A - From RDC,Truck,ARV,Adult,SCMS from RDC,"Lopinavir/Ritonavir 200/50mg [Aluvia], tablets, 120 Tabs",Lopinavir/Ritonavir,Aluvia,200/50mg,Tablet,ABBVIE Ludwigshafen Germany,86093,120,18960,358344,18.9,0.16,368.38,4227,2259.81,TRUE,7/31/14,7/18/14,,
104-CI-T30,FPQ-13142,SO-47154,DN-3747,Côte d'Ivoire,PMO - US,From RDC,N/A - From RDC,Truck,ARV,Adult,SCMS from RDC,"Lopinavir/Ritonavir 200/50mg, tablets, 120 Tabs",Lopinavir/Ritonavir,Generic,200/50mg,Tablet,Mylan (formerly Matrix) Nashik,86094,120,13429,264685.6,19.71,0.16,272.1,3522,14985.96,TRUE,6/30/14,6/16/14,,
100-ZM-T30,FPQ-13679,SO-48020,DN-3754,Zambia,PMO - US,From RDC,N/A - From RDC,Truck,ARV,Adult,SCMS from RDC,"Lamivudine/Tenofovir Disoproxil Fumarate 300/300mg, tablets, 30 Tabs",Lamivudine/Tenofovir Disoproxil Fumarate,Generic,300/300mg,Tablet - FDC,"Aurobindo Unit VII, IN",86095,30,29440,138368,4.7,0.16,142.24,2438,5236.92,TRUE,6/30/14,7/4/14,,
111-MZ-T30,FPQ-13123,SO-47092,DN-3752,Mozambique,PMO - US,From RDC,N/A - From RDC,Truck,ARV,Pediatric,SCMS from RDC,"Nevirapine 10mg/ml, oral suspension w/syringe, Bottle, 240 ml",Nevirapine,Generic,10mg/ml,Oral suspension,"Aurobindo Unit III, India",86096,240,45696,74484.48,1.63,0.01,76.57,,,FALSE,7/31/14,7/25/14,,
110-ZM-T30,FPQ-12066,SO-45090,DN-3755,Zambia,PMO - US,From RDC,N/A - From RDC,Truck,ARV,Adult,SCMS from RDC,"Nevirapine 200mg, tablets, 60 Tabs",Nevirapine,Generic,200mg,Tablet,Hetero Unit III Hyderabad IN,86097,60,77187,168267.66,2.18,0.04,208.15,4800,10982.2,TRUE,6/30/14,6/17/14,,
100-ZM-T30,FPQ-13679,SO-48012,DN-3887,Zambia,PMO - US,From RDC,N/A - From RDC,Truck,ARV,Adult,SCMS from RDC,"Abacavir 300mg, tablets, 60 Tabs",Abacavir,Generic,300mg,Tablet,"Aurobindo Unit III, India",86102,60,323,3627.29,11.23,0.19,3.73,35,42.35,TRUE,9/18/14,10/2/14,,
103-SS-T30,FPQ-14574,SO-49370,DN-3891,South Sudan,PMO - US,From RDC,N/A - From RDC,Air,ARV,Adult,SCMS from RDC,"Efavirenz/Lamivudine/Tenofovir Disoproxil Fumarate 600/300/300mg, tablets, 30 Tabs",Efavirenz/Lamivudine/Tenofovir Disoproxil Fumarate,Generic,600/300/300mg,Tablet - FDC,Mylan (formerly Matrix) Nashik,86103,30,7764,83695.92,10.78,0.36,86.04,1347,14522.43,TRUE,10/2/14,10/17/14,,
110-ZM-T30,FPQ-13221,SO-47204,DN-3833,Zambia,PMO - US,From RDC,N/A - From RDC,Truck,ARV,Adult,SCMS from RDC,"Lopinavir/Ritonavir 200/50mg [Aluvia], tablets, 120 Tabs",Lopinavir/Ritonavir,Aluvia,200/50mg,Tablet,ABBVIE Ludwigshafen Germany,86104,120,35822,677035.8,18.9,0.16,695.99,,,FALSE,8/29/14,9/4/14,,
104-CI-T30,FPQ-13142,SO-47156,DN-3900,Côte d'Ivoire,PMO - US,From RDC,N/A - From RDC,Truck,ARV,Pediatric,SCMS from RDC,"Zidovudine 10mg/ml, oral solution w/syringe, Bottle, 240 ml",Zidovudine,Generic,10mg/ml,Oral solution,"Cipla, Goa, India",86106,240,106,222.6,2.1,0.01,0.23,,,FALSE,9/30/14,9/8/14,,
111-MZ-T30,FPQ-14226,SO-48883,DN-3875,Mozambique,PMO - US,From RDC,N/A - From RDC,Truck,ARV,Adult,SCMS from RDC,"Efavirenz/Lamivudine/Tenofovir Disoproxil Fumarate 600/300/300mg, tablets, 30 Tabs",Efavirenz/Lamivudine/Tenofovir Disoproxil Fumarate,Generic,600/300/300mg,Tablet - FDC,Mylan (formerly Matrix) Nashik,86107,30,76236,821824.06,10.78,0.36,844.84,,,FALSE,12/31/14,10/30/14,,
101-CD-T30,FPQ-14252,SO-48852,DN-3885,"Congo, DRC",PMO - US,From RDC,N/A - From RDC,Air,ARV,Adult,SCMS from RDC,"Lamivudine/Zidovudine 150/300mg, tablets, 60 Tabs",Lamivudine/Zidovudine,Generic,150/300mg,Tablet - FDC,Hetero Unit III Hyderabad IN,86108,60,3485,22722.2,6.52,0.11,23.36,,,FALSE,9/22/14,9/30/14,,
107-RW-T30,FPQ-13812,SO-48161,DN-3787,Rwanda,PMO - US,From RDC,N/A - From RDC,Truck,ARV,Adult,SCMS from RDC,"Nevirapine 200mg, tablets, 60 Tabs",Nevirapine,Generic,200mg,Tablet,Hetero Unit III Hyderabad IN,86110,60,88809,200708.34,2.26,0.04,206.33,,,FALSE,8/19/14,8/13/14,,
104-CI-T30,FPQ-13142,SO-47120,DN-3789,Côte d'Ivoire,PMO - US,From RDC,N/A - From RDC,Truck,ARV,Pediatric,SCMS from RDC,"Abacavir/Lamivudine 60/30mg, tablets, 60 Tabs",Abacavir/Lamivudine,Generic,60/30mg,Tablet - FDC,Mylan (formerly Matrix) Nashik,86111,60,10000,40900,4.09,0.07,42.05,365,2436.32,TRUE,6/30/14,7/9/14,,
104-CI-T30,FPQ-13295,SO-47350,DN-3800,Côte d'Ivoire,PMO - US,From RDC,N/A - From RDC,Truck,ARV,Adult,SCMS from RDC,"Abacavir/Lamivudine 600/300mg, tablets, 30 Tabs",Abacavir/Lamivudine,Generic,600/300mg,Tablet - FDC,"Cipla, Patalganga, India",86112,30,2600,35152,13.52,0.45,36.14,235,814.06,TRUE,6/30/14,7/9/14,,
107-RW-T30,FPQ-13728,SO-47980,DN-3810,Rwanda,PMO - US,From RDC,N/A - From RDC,Air,ARV,Pediatric,SCMS from RDC,"Lamivudine/Zidovudine 30/60mg, tablets, 60 Tabs",Lamivudine/Zidovudine,Generic,30/60mg,Tablet - FDC,Mylan (formerly Matrix) Nashik,86113,60,362,720.38,1.99,0.03,0.74,16,919.81,TRUE,7/17/14,7/17/14,,
110-ZM-T30,FPQ-13692,SO-48000,DN-3819,Zambia,PMO - US,From RDC,N/A - From RDC,Truck,ARV,Adult,SCMS from RDC,"Efavirenz/Lamivudine/Tenofovir Disoproxil Fumarate 600/300/300mg, tablets, 30 Tabs",Efavirenz/Lamivudine/Tenofovir Disoproxil Fumarate,Generic,600/300/300mg,Tablet - FDC,Mylan (formerly Matrix) Nashik,86114,30,175000,1886500,10.78,0.36,1939.32,,,FALSE,7/31/14,7/23/14,,
110-ZM-T30,FPQ-13692,SO-47991,DN-3822,Zambia,PMO - US,From RDC,N/A - From RDC,Truck,ARV,Adult,SCMS from RDC,"Zidovudine 300mg, tablets, 60 Tabs",Zidovudine,Generic,300mg,Tablet,"Aurobindo Unit III, India",86115,60,7130,38787.2,5.44,0.09,39.87,,,FALSE,7/14/14,9/3/14,,
111-MZ-T30,FPQ-13124,SO-47050,DN-3827,Mozambique,PMO - US,From RDC,N/A - From RDC,Truck,ARV,Adult,SCMS from RDC,"Lamivudine/Nevirapine/Zidovudine 150/200/300mg, tablets, 60 Tabs",Lamivudine/Nevirapine/Zidovudine,Generic,150/300/200mg,Tablet - FDC,"Cipla, Goa, India",86116,60,232476,1885380.4,8.11,0.14,1938.17,,,FALSE,8/29/14,8/25/14,,
111-MZ-T30,FPQ-13124,SO-47050,DN-3827,Mozambique,PMO - US,From RDC,N/A - From RDC,Truck,ARV,Adult,SCMS from RDC,"Lamivudine/Nevirapine/Zidovudine 150/200/300mg, tablets, 60 Tabs",Lamivudine/Nevirapine/Zidovudine,Generic,150/300/200mg,Tablet - FDC,"Strides, Bangalore, India.",86117,60,42000,340620,8.11,0.14,350.16,,,FALSE,8/29/14,8/25/14,,
101-CD-T30,FPQ-14252,SO-48850,DN-3843,"Congo, DRC",PMO - US,From RDC,N/A - From RDC,Air,ARV,Adult,SCMS from RDC,"Efavirenz 600mg, tablets, 30 Tabs",Efavirenz,Generic,600mg,Tablet,"Strides, Bangalore, India.",86118,30,2955,9485.55,3.21,0.11,9.75,,,FALSE,8/13/14,9/24/14,,
101-CD-T30,FPQ-14252,SO-48850,DN-3843,"Congo, DRC",PMO - US,From RDC,N/A - From RDC,Air,ARV,Adult,SCMS from RDC,"Zidovudine 300mg, tablets, 60 Tabs",Zidovudine,Generic,300mg,Tablet,"Aurobindo Unit III, India",86119,60,2829,15389.76,5.44,0.09,15.82,,,FALSE,8/13/14,9/24/14,,
101-CD-T30,FPQ-14252,SO-48850,DN-3843,"Congo, DRC",PMO - US,From RDC,N/A - From RDC,Air,ARV,Adult,SCMS from RDC,"Efavirenz/Lamivudine/Tenofovir Disoproxil Fumarate 600/300/300mg, tablets, 30 Tabs",Efavirenz/Lamivudine/Tenofovir Disoproxil Fumarate,Generic,600/300/300mg,Tablet - FDC,Hetero Unit III Hyderabad IN,86120,30,3300,35574,10.78,0.36,36.57,,,FALSE,8/13/14,9/24/14,,
111-MZ-T30,FPQ-13123,SO-47080,DN-3828,Mozambique,PMO - US,From RDC,N/A - From RDC,Truck,ARV,Adult,SCMS from RDC,"Lamivudine/Zidovudine 150/300mg, tablets, 60 Tabs",Lamivudine/Zidovudine,Generic,150/300mg,Tablet - FDC,"Aurobindo Unit III, India",86121,60,90472,589877.44,6.52,0.11,606.39,,,FALSE,8/29/14,11/5/14,,
102-BI-T30,FPQ-14112,SO-48591,DN-3853,Burundi,PMO - US,From RDC,N/A - From RDC,Air,ARV,Adult,SCMS from RDC,"Nevirapine 200mg, tablets, 60 Tabs",Nevirapine,Generic,200mg,Tablet,Hetero Unit III Hyderabad IN,86129,60,525,1160.25,2.21,0.04,1.19,35,638.65,TRUE,8/31/14,7/25/14,,
111-MZ-T30,FPQ-13575,SO-47703,DN-3865,Mozambique,PMO - US,From RDC,N/A - From RDC,Truck,ARV,Adult,SCMS from RDC,"Efavirenz 600mg, tablets, 30 Tabs",Efavirenz,Generic,600mg,Tablet,"Micro labs, Verna, Goa, India",86130,30,77000,247170,3.21,0.11,254.09,,,FALSE,8/31/14,10/30/14,,
111-MZ-T30,FPQ-14226,SO-48870,DN-3903,Mozambique,PMO - US,From RDC,N/A - From RDC,Truck,ARV,Adult,SCMS from RDC,"Lopinavir/Ritonavir 200/50mg, tablets, 120 Tabs",Lopinavir/Ritonavir,Generic,200/50mg,Tablet,"Aurobindo Unit III, India",86131,120,14480,285400.8,19.71,0.16,293.39,7039,5192.68,TRUE,12/30/14,10/30/14,,
109-TZ-T30,FPQ-14041,SO-49640,DN-3910,Tanzania,PMO - US,From RDC,N/A - From RDC,Truck,ARV,Pediatric,SCMS from RDC,"Lamivudine/Nevirapine/Zidovudine 30/50/60mg, dispersible tablets, 60 Tabs",Lamivudine/Nevirapine/Zidovudine,Generic,30/50/60mg,Chewable/dispersible tablet - FDC,"Strides, Bangalore, India.",86133,60,54976,206160,3.75,0.06,211.93,2356,2151.27,TRUE,11/11/14,10/17/14,,
151-NG-T30,FPQ-13293,SO-47288,DN-3912,Nigeria,PMO - US,From RDC,N/A - From RDC,Air Charter,ARV,Pediatric,SCMS from RDC,"Lamivudine/Stavudine 30/6mg, dispersible tablets, 60 Tabs",Lamivudine/Stavudine,Generic,30/6mg,Chewable/dispersible tablet - FDC,"Cipla, Goa, India",86134,60,10383,19727.7,1.9,0.03,20.28,767,3963,TRUE,9/30/14,9/3/14,,
901-NA-T30,FPQ-14670,SO-49560,DN-3907,Namibia,PMO - US,From RDC,N/A - From RDC,Truck,ARV,Adult,SCMS from RDC,"Lamivudine/Zidovudine 150/300mg, tablets, 60 Tabs",Lamivudine/Zidovudine,Generic,150/300mg,Tablet - FDC,"Aurobindo Unit III, India",86135,60,13337,86957.24,6.52,0.11,89.39,,,FALSE,9/30/14,9/15/14,,
109-TZ-T30,FPQ-13042,SO-46710,DN-3925,Tanzania,PMO - US,From RDC,N/A - From RDC,Truck,ARV,Adult,SCMS from RDC,"Abacavir 300mg, tablets, 60 Tabs",Abacavir,Generic,300mg,Tablet,Mylan (formerly Matrix) Nashik,86136,60,24876,285078.97,11.46,0.19,352.64,2345,2456.74,TRUE,11/3/14,10/17/14,,
114-UG-T30,FPQ-14396,SO-48960,DN-3936,Uganda,PMO - US,From RDC,N/A - From RDC,Air,ARV,Adult,SCMS from RDC,"Zidovudine 300mg, tablets, 60 Tabs",Zidovudine,Generic,300mg,Tablet,"Aurobindo Unit III, India",86137,60,1000,5440,5.44,0.09,5.59,,,FALSE,9/30/14,10/1/14,,
110-ZM-T30,FPQ-14162,SO-48670,DN-3937,Zambia,PMO - US,From RDC,N/A - From RDC,Truck,ARV,Adult,SCMS from RDC,"Nevirapine 200mg, tablets, 60 Tabs",Nevirapine,Generic,200mg,Tablet,Hetero Unit III Hyderabad IN,86138,60,319150,705321.5,2.21,0.04,725.07,19661,21149.81,TRUE,9/30/14,9/19/14,,
104-CI-T30,FPQ-13628,SO-49880,DN-3966,Côte d'Ivoire,PMO - US,From RDC,N/A - From RDC,Truck,ARV,Adult,SCMS from RDC,"Tenofovir Disoproxil Fumarate 300mg, tablets, 30 Tabs",Tenofovir Disoproxil Fumarate,Generic,300mg,Tablet,Mylan (formerly Matrix) Nashik,86139,30,2095,7583.9,3.62,0.12,7.8,,,FALSE,10/31/14,10/17/14,,
104-CI-T30,FPQ-13628,SO-47911,DN-3965,Côte d'Ivoire,PMO - US,From RDC,N/A - From RDC,Truck,ARV,Adult,SCMS from RDC,"Lopinavir/Ritonavir 200/50mg, tablets, 120 Tabs",Lopinavir/Ritonavir,Generic,200/50mg,Tablet,Mylan (formerly Matrix) Nashik,86140,120,21497,422631.03,19.66,0.16,434.46,21,22007.39,TRUE,10/31/14,10/17/14,,
110-ZM-T30,FPQ-13221,SO-47209,DN-3978,Zambia,PMO - US,From RDC,N/A - From RDC,Truck,ARV,Adult,SCMS from RDC,"Lamivudine/Tenofovir Disoproxil Fumarate 300/300mg, tablets, 30 Tabs",Lamivudine/Tenofovir Disoproxil Fumarate,Generic,300/300mg,Tablet - FDC,Hetero Unit III Hyderabad IN,86141,30,20327,93910.74,4.62,0.15,96.54,2130,6700.42,TRUE,10/31/14,11/19/14,,
101-CD-T30,FPQ-14576,SO-49290,DN-3975,"Congo, DRC",PMO - US,From RDC,N/A - From RDC,Air,ARV,Adult,SCMS from RDC,"Tenofovir Disoproxil Fumarate 300mg, tablets, 30 Tabs",Tenofovir Disoproxil Fumarate,Generic,300mg,Tablet,Hetero Unit III Hyderabad IN,86142,30,5850,22113,3.78,0.13,22.73,,,FALSE,1/30/15,2/18/15,,
151-NG-T30,FPQ-14156,SO-48903,DN-3994,Nigeria,PMO - US,From RDC,N/A - From RDC,Air Charter,ARV,Adult,SCMS from RDC,"Efavirenz 600mg, tablets, 30 Tabs",Efavirenz,Generic,600mg,Tablet,"Micro labs, Verna, Goa, India",86143,30,6776,21141.12,3.12,0.1,21.73,514,898,TRUE,10/31/14,10/30/14,,
102-BI-T30,FPQ-14112,SO-48620,DN-4003,Burundi,PMO - US,From RDC,N/A - From RDC,Air,ARV,Adult,SCMS from RDC,"Lamivudine/Nevirapine/Zidovudine 150/200/300mg, tablets, 60 Tabs",Lamivudine/Nevirapine/Zidovudine,Generic,150/300/200mg,Tablet - FDC,Mylan (formerly Matrix) Nashik,86144,60,1536,12456.96,8.11,0.14,12.81,,,FALSE,11/20/14,11/20/14,,
104-CI-T30,FPQ-14370,SO-49051,DN-4017,Côte d'Ivoire,PMO - US,From RDC,N/A - From RDC,Truck,ARV,Adult,SCMS from RDC,"Efavirenz 600mg, tablets, 30 Tabs",Efavirenz,Generic,600mg,Tablet,"Micro labs, Verna, Goa, India",86147,30,25555,82031.55,3.21,0.11,84.33,,,FALSE,11/28/14,12/2/14,,
103-ZW-T30,FPQ-13967,SO-48442,DN-4020,Zimbabwe,PMO - US,From RDC,N/A - From RDC,Air,ARV,Pediatric,SCMS from RDC,"Lamivudine/Nevirapine/Zidovudine 30/50/60mg, dispersible tablets, 60 Tabs",Lamivudine/Nevirapine/Zidovudine,Generic,30/50/60mg,Chewable/dispersible tablet - FDC,"Strides, Bangalore, India.",86148,60,20000,75000,3.75,0.06,77.1,1920,5055.8,TRUE,1/30/15,1/5/15,,
114-UG-T30,FPQ-14396,SO-48993,DN-4041,Uganda,PMO - US,From RDC,N/A - From RDC,Truck,ARV,Adult,SCMS from RDC,"Efavirenz 600mg, tablets, 30 Tabs",Efavirenz,Generic,600mg,Tablet,Hetero Unit III Hyderabad IN,86151,30,7500,24075,3.21,0.11,24.75,,,FALSE,2/16/15,1/24/15,,
114-UG-T30,FPQ-15294,SO-50051,DN-4061,Uganda,PMO - US,From RDC,N/A - From RDC,Truck,ARV,Adult,SCMS from RDC,"Efavirenz/Lamivudine/Tenofovir Disoproxil Fumarate 600/300/300mg, tablets, 30 Tabs",Efavirenz/Lamivudine/Tenofovir Disoproxil Fumarate,Generic,600/300/300mg,Tablet - FDC,Mylan (formerly Matrix) Nashik,86154,30,13000,126880,9.76,0.33,149.34,,,FALSE,6/15/15,1/16/15,,
114-UG-T30,FPQ-15294,SO-50091,DN-4060,Uganda,PMO - US,From RDC,N/A - From RDC,Truck,ARV,Adult,SCMS from RDC,"Efavirenz/Lamivudine/Tenofovir Disoproxil Fumarate 600/300/300mg, tablets, 30 Tabs",Efavirenz/Lamivudine/Tenofovir Disoproxil Fumarate,Generic,600/300/300mg,Tablet - FDC,Mylan (formerly Matrix) Nashik,86155,30,85000,829600,9.76,0.33,976.44,,,TRUE,1/30/15,1/16/15,,
103-ZW-T30,FPQ-14459,SO-49180,DN-4072,Zimbabwe,PMO - US,From RDC,N/A - From RDC,Truck,ARV,Pediatric,SCMS from RDC,"Lamivudine/Zidovudine 30/60mg, dispersible tablets, 60 Tabs",Lamivudine/Zidovudine,Generic,30/60mg,Chewable/dispersible tablet - FDC,"Mylan,  H-12 & H-13, India",86156,60,30457,60609.43,1.99,0.03,62.31,2375,6819.95,TRUE,1/30/15,1/12/15,,
104-CI-T30,FPQ-13628,SO-47900,DN-4039,Côte d'Ivoire,PMO - US,From RDC,N/A - From RDC,Truck,ARV,Pediatric,SCMS from RDC,"Lamivudine/Zidovudine 30/60mg, dispersible tablets, 60 Tabs",Lamivudine/Zidovudine,Generic,30/60mg,Chewable/dispersible tablet - FDC,"Cipla, Goa, India",86158,60,1956,3892.44,1.99,0.03,4,,,FALSE,1/30/15,2/11/15,,
111-MZ-T30,FPQ-13575,SO-47705,DN-4081,Mozambique,PMO - US,From RDC,N/A - From RDC,Truck,ARV,Adult,SCMS from RDC,"Lamivudine/Zidovudine 150/300mg, tablets, 60 Tabs",Lamivudine/Zidovudine,Generic,150/300mg,Tablet - FDC,Hetero Unit III Hyderabad IN,86159,60,43334,291637.8,6.73,0.11,299.8,,,FALSE,2/27/15,3/3/15,,
104-CI-T30,FPQ-13628,SO-47910,DN-4092,Côte d'Ivoire,PMO - US,From RDC,N/A - From RDC,Truck,ARV,Adult,SCMS from RDC,"Lopinavir/Ritonavir 200/50mg, tablets, 120 Tabs",Lopinavir/Ritonavir,Generic,200/50mg,Tablet,"Aurobindo Unit III, India",86161,120,11728,227054.08,19.36,0.16,233.41,2932,8936.06,TRUE,2/25/15,3/12/15,,
114-UG-T30,FPQ-15294,SO-50090,DN-4102,Uganda,PMO - US,From RDC,N/A - From RDC,Truck,ARV,Adult,SCMS from RDC,"Abacavir/Lamivudine 600/300mg, tablets, 30 Tabs",Abacavir/Lamivudine,Generic,600/300mg,Tablet - FDC,Mylan (formerly Matrix) Nashik,86162,30,10300,139256,13.52,0.45,163.9,,,FALSE,2/27/15,2/24/15,,
110-ZM-T30,FPQ-14575,SO-49282,DN-4117,Zambia,PMO - US,From RDC,N/A - From RDC,Truck,ARV,Adult,SCMS from RDC,"Nevirapine 200mg, tablets, 60 Tabs",Nevirapine,Generic,200mg,Tablet,"Aurobindo Unit III, India",86163,60,27104,59086.72,2.18,0.04,60.74,,,FALSE,2/27/15,2/19/15,,
151-NG-T30,FPQ-14766,SO-49682,DN-4122,Nigeria,PMO - US,From RDC,N/A - From RDC,Air Charter,ARV,Adult,SCMS from RDC,"Lamivudine/Nevirapine/Zidovudine 150/200/300mg, tablets, 60 Tabs",Lamivudine/Nevirapine/Zidovudine,Generic,150/300/200mg,Tablet - FDC,"Strides, Bangalore, India.",86164,60,183995,1420441.4,7.72,0.13,1460.21,,,FALSE,2/28/15,2/5/15,,
104-CI-T30,FPQ-14370,SO-49080,DN-4137,Côte d'Ivoire,PMO - US,From RDC,N/A - From RDC,Truck,ARV,Adult,SCMS from RDC,"Lamivudine/Zidovudine 150/300mg, tablets, 60 Tabs",Lamivudine/Zidovudine,Generic,150/300mg,Tablet - FDC,Hetero Unit III Hyderabad IN,86167,60,19000,123880,6.52,0.11,127.35,,,FALSE,2/27/15,3/11/15,,
104-CI-T30,FPQ-13628,SO-47860,DN-4139,Côte d'Ivoire,PMO - US,From RDC,N/A - From RDC,Truck,ARV,Adult,SCMS from RDC,"Lamivudine/Zidovudine 150/300mg, tablets, 60 Tabs",Lamivudine/Zidovudine,Generic,150/300mg,Tablet - FDC,Hetero Unit III Hyderabad IN,86168,60,104000,699920,6.73,0.11,719.52,9208,35832.12,TRUE,2/27/15,2/25/15,,
111-MZ-T30,FPQ-15195,SO-50121,DN-4153,Mozambique,PMO - US,From RDC,N/A - From RDC,Truck,ARV,Adult,SCMS from RDC,"Nevirapine 200mg, tablets, 60 Tabs",Nevirapine,Generic,200mg,Tablet,Hetero Unit III Hyderabad IN,86170,60,1960,4272.8,2.18,0.04,5.03,9674,7921,TRUE,6/30/15,4/10/15,,
110-ZM-T30,FPQ-14575,SO-49280,DN-4154,Zambia,PMO - US,From RDC,N/A - From RDC,Truck,ARV,Adult,SCMS from RDC,"Nevirapine 200mg, tablets, 60 Tabs",Nevirapine,Generic,200mg,Tablet,Hetero Unit III Hyderabad IN,86171,60,198040,431727.2,2.18,0.04,443.82,,,FALSE,2/27/15,3/25/15,,
103-ZW-T30,FPQ-13967,SO-48440,DN-4157,Zimbabwe,PMO - US,From RDC,N/A - From RDC,Truck,ARV,Pediatric,SCMS from RDC,"Lamivudine/Nevirapine/Zidovudine 30/50/60mg, dispersible tablets, 60 Tabs",Lamivudine/Nevirapine/Zidovudine,Generic,30/50/60mg,Chewable/dispersible tablet - FDC,Mylan (formerly Matrix) Nashik,86172,60,4550,16380,3.6,0.06,16.84,,,FALSE,3/7/15,3/17/15,,
102-ZW-T30,FPQ-15621,SO-50580,DN-4158,Zimbabwe,PMO - US,From RDC,N/A - From RDC,Truck,ARV,Adult,SCMS from RDC,"Lamivudine/Zidovudine 150/300mg, tablets, 60 Tabs",Lamivudine/Zidovudine,Generic,150/300mg,Tablet - FDC,"Hetero, Jadcherla, unit 5, IN",86173,60,20000,130400,6.52,0.11,153.48,1790,2042.6,TRUE,3/16/15,3/17/15,,
102-BI-T30,FPQ-15406,SO-50270,DN-4144,Burundi,PMO - US,From RDC,N/A - From RDC,Air,ARV,Adult,SCMS from RDC,"Lamivudine/Nevirapine/Zidovudine 150/200/300mg, tablets, 60 Tabs",Lamivudine/Nevirapine/Zidovudine,Generic,150/300/200mg,Tablet - FDC,Mylan (formerly Matrix) Nashik,86174,60,1728,13340.16,7.72,0.13,15.7,,,FALSE,2/27/15,2/28/15,,
151-NG-T30,FPQ-14156,SO-51030,DN-4170,Nigeria,PMO - US,From RDC,N/A - From RDC,Air Charter,ARV,Adult,SCMS from RDC,"Lamivudine/Zidovudine 150/300mg, tablets, 60 Tabs",Lamivudine/Zidovudine,Generic,150/300mg,Tablet - FDC,"Aurobindo Unit III, India",86179,60,148569,968669.9,6.52,0.11,995.79,,,FALSE,3/2/15,3/10/15,,
900-TG-T30,FPQ-15916,SO-51070,DN-4185,Togo,PMO - US,From RDC,N/A - From RDC,Air,ARV,Adult,SCMS from RDC,"Nevirapine 200mg, tablets, 60 Tabs",Nevirapine,Generic,200mg,Tablet,Hetero Unit III Hyderabad IN,86181,60,240,523.2,2.18,0.04,0.62,,,TRUE,3/31/15,4/24/15,,
110-ZM-T30,FPQ-14784,SO-49621,DN-4192,Zambia,PMO - US,From RDC,N/A - From RDC,Truck,ARV,Adult,SCMS from RDC,"Efavirenz/Lamivudine/Tenofovir Disoproxil Fumarate 600/300/300mg, tablets, 30 Tabs",Efavirenz/Lamivudine/Tenofovir Disoproxil Fumarate,Generic,600/300/300mg,Tablet - FDC,Mylan (formerly Matrix) Nashik,86183,30,600906,5768697.5,9.6,0.32,5930.22,67880,78454.01,TRUE,5/1/15,4/10/15,,
101-CD-T30,FPQ-15787,SO-50910,DN-4195,"Congo, DRC",PMO - US,From RDC,N/A - From RDC,Air,ARV,Pediatric,SCMS from RDC,"Lamivudine 10mg/ml, oral solution, Bottle, 240 ml",Lamivudine,Generic,10mg/ml,Oral solution,Hetero Unit III Hyderabad IN,86185,240,110,212.3,1.93,0.01,0.25,,,FALSE,5/6/15,7/6/15,,
101-CD-T30,FPQ-15787,SO-50900,DN-4196,"Congo, DRC",PMO - US,From RDC,N/A - From RDC,Air,ARV,Pediatric,SCMS from RDC,"Abacavir/Lamivudine 60/30mg, dispersible tablets, 60 Tabs",Abacavir/Lamivudine,Generic,60/30mg,Chewable/dispersible tablet - FDC,"Cipla, Patalganga, India",86186,60,820,4173.8,5.09,0.08,4.91,,,FALSE,6/16/15,5/25/15,,
101-CD-T30,FPQ-15787,SO-50890,DN-4197,"Congo, DRC",PMO - US,From RDC,N/A - From RDC,Air,ARV,Pediatric,SCMS from RDC,"Lamivudine/Nevirapine/Zidovudine 30/50/60mg, dispersible tablets, 60 Tabs",Lamivudine/Nevirapine/Zidovudine,Generic,30/50/60mg,Chewable/dispersible tablet - FDC,Mylan (formerly Matrix) Nashik,86187,60,4355,15678,3.6,0.06,18.45,,,FALSE,7/1/15,7/13/15,,
114-UG-T30,FPQ-15639,SO-50670,DN-4215,Uganda,PMO - US,From RDC,N/A - From RDC,Truck,ARV,Adult,SCMS from RDC,"Lamivudine/Nevirapine/Zidovudine 150/200/300mg, tablets, 60 Tabs",Lamivudine/Nevirapine/Zidovudine,Generic,150/300/200mg,Tablet - FDC,"Hetero, Jadcherla, unit 5, IN",86188,60,44102,340467.44,7.72,0.13,400.73,8221,,TRUE,4/30/15,4/22/15,,
114-UG-T30,FPQ-15294,SO-50050,DN-4218,Uganda,PMO - US,From RDC,N/A - From RDC,Truck,ARV,Adult,SCMS from RDC,"Efavirenz 600mg, tablets, 30 Tabs",Efavirenz,Generic,600mg,Tablet,"Strides, Bangalore, India.",86189,30,2,6.24,3.12,0.1,0.01,,,FALSE,6/15/15,5/14/15,,
151-NG-T30,FPQ-14766,SO-49687,DN-4227,Nigeria,PMO - US,From RDC,N/A - From RDC,Air Charter,ARV,Adult,SCMS from RDC,"Zidovudine 300mg, tablets, 60 Tabs",Zidovudine,Generic,300mg,Tablet,"Aurobindo Unit III, India",86192,60,793,4226.69,5.33,0.09,4.35,,,FALSE,4/30/15,4/15/15,,
107-RW-T30,FPQ-15622,SO-50721,DN-4238,Rwanda,PMO - US,From RDC,N/A - From RDC,Truck,ARV,Pediatric,SCMS from RDC,"Efavirenz 200mg, scored tablets, 90 Tabs",Efavirenz,Generic,200mg,Tablet,"Strides, Bangalore, India.",86193,90,2118,19697.4,9.3,0.1,23.18,,,TRUE,6/30/15,5/5/15,,
151-NG-T30,FPQ-14766,SO-49680,DN-4244,Nigeria,PMO - US,From RDC,N/A - From RDC,Air Charter,ARV,Adult,SCMS from RDC,"Efavirenz/Lamivudine/Tenofovir Disoproxil Fumarate 600/300/300mg, tablets, 30 Tabs",Efavirenz/Lamivudine/Tenofovir Disoproxil Fumarate,Generic,600/300/300mg,Tablet - FDC,Hetero Unit III Hyderabad IN,86195,30,291928,2802508.8,9.6,0.32,2880.98,37701,68046,TRUE,4/30/15,4/15/15,,
110-ZM-T30,FPQ-14784,SO-49601,DN-4250,Zambia,PMO - US,From RDC,N/A - From RDC,Truck,ARV,Pediatric,SCMS from RDC,"Lamivudine/Zidovudine 30/60mg, dispersible tablets, 60 Tabs",Lamivudine/Zidovudine,Generic,30/60mg,Chewable/dispersible tablet - FDC,"Cipla, Goa, India",86196,60,4000,7960,1.99,0.03,8.18,,,FALSE,5/29/15,5/15/15,,
104-CI-T30,FPQ-14370,SO-49040,DN-4253,Côte d'Ivoire,PMO - US,From RDC,N/A - From RDC,Truck,ARV,Adult,SCMS from RDC,"Lopinavir/Ritonavir 200/50mg, tablets, 120 Tabs",Lopinavir/Ritonavir,Generic,200/50mg,Tablet,Mylan (formerly Matrix) Nashik,86197,120,5900,114224,19.36,0.16,117.42,,,FALSE,6/8/15,6/8/15,,
104-CI-T30,FPQ-14370,SO-49040,DN-4253,Côte d'Ivoire,PMO - US,From RDC,N/A - From RDC,Truck,ARV,Adult,SCMS from RDC,"Lamivudine/Zidovudine 150/300mg, tablets, 60 Tabs",Lamivudine/Zidovudine,Generic,150/300mg,Tablet - FDC,"Aurobindo Unit III, India",86198,60,37503,244519.56,6.52,0.11,251.37,,,FALSE,6/8/15,6/8/15,,
110-ZM-T30,FPQ-14784,SO-49622,DN-4257,Zambia,PMO - US,From RDC,N/A - From RDC,Truck,ARV,Adult,SCMS from RDC,"Efavirenz/Lamivudine/Tenofovir Disoproxil Fumarate 600/300/300mg, tablets, 30 Tabs",Efavirenz/Lamivudine/Tenofovir Disoproxil Fumarate,Generic,600/300/300mg,Tablet - FDC,Mylan (formerly Matrix) Nashik,86199,30,555197,5329891,9.6,0.32,5479.13,,,FALSE,5/29/15,5/15/15,,
151-NG-T30,FPQ-14989,SO-49935,DN-4260,Nigeria,PMO - US,From RDC,N/A - From RDC,Air Charter,ARV,Adult,SCMS from RDC,"Lamivudine/Nevirapine/Zidovudine 150/200/300mg, tablets, 60 Tabs",Lamivudine/Nevirapine/Zidovudine,Generic,150/300/200mg,Tablet - FDC,"Aurobindo Unit III, India",86200,60,150000,1158000,7.72,0.13,1190.42,,,FALSE,6/30/15,4/28/15,,
151-NG-T30,FPQ-14989,SO-51421,DN-4273,Nigeria,PMO - US,From RDC,N/A - From RDC,Air Charter,ARV,Adult,SCMS from RDC,"Efavirenz/Lamivudine/Tenofovir Disoproxil Fumarate 600/300/300mg, tablets, 30 Tabs",Efavirenz/Lamivudine/Tenofovir Disoproxil Fumarate,Generic,600/300/300mg,Tablet - FDC,"Aurobindo Unit VII, IN",86203,30,134991,1295913.6,9.6,0.32,1332.2,26861,53937,TRUE,6/30/15,5/15/15,,
151-NG-T30,FPQ-14989,SO-51421,DN-4273,Nigeria,PMO - US,From RDC,N/A - From RDC,Air Charter,ARV,Adult,SCMS from RDC,"Efavirenz/Lamivudine/Tenofovir Disoproxil Fumarate 600/300/300mg, tablets, 30 Tabs",Efavirenz/Lamivudine/Tenofovir Disoproxil Fumarate,Generic,600/300/300mg,Tablet - FDC,Hetero Unit III Hyderabad IN,86204,30,59500,571200,9.6,0.32,587.19,,,FALSE,6/30/15,5/15/15,,
151-NG-T30,FPQ-14989,SO-51423,DN-4275,Nigeria,PMO - US,From RDC,N/A - From RDC,Air Charter,ARV,Adult,SCMS from RDC,"Lamivudine/Nevirapine/Zidovudine 150/200/300mg, tablets, 60 Tabs",Lamivudine/Nevirapine/Zidovudine,Generic,150/300/200mg,Tablet - FDC,"Hetero, Jadcherla, unit 5, IN",86205,60,178329,1376699.9,7.72,0.13,1415.25,,,FALSE,6/30/15,5/15/15,,
151-NG-T30,FPQ-16313,SO-51430,DN-4281,Nigeria,PMO - US,From RDC,N/A - From RDC,Air,ARV,Adult,SCMS from RDC,"Lamivudine/Zidovudine 150/300mg, tablets, 60 Tabs",Lamivudine/Zidovudine,Generic,150/300mg,Tablet - FDC,Mylan (formerly Matrix) Nashik,86206,60,37742,246077.84,6.52,0.11,289.63,3322,21533.88,TRUE,6/2/15,6/22/15,,
101-CD-T30,FPQ-16158,SO-51260,DN-4283,"Congo, DRC",PMO - US,From RDC,N/A - From RDC,Air,ARV,Adult,SCMS from RDC,"Efavirenz 600mg, tablets, 30 Tabs",Efavirenz,Generic,600mg,Tablet,"Strides, Bangalore, India.",86207,30,9800,30576,3.12,0.1,35.99,,,FALSE,7/8/15,8/7/15,,
114-UG-T30,FPQ-15639,SO-50660,DN-4310,Uganda,PMO - US,From RDC,N/A - From RDC,Truck,ARV,Adult,SCMS from RDC,"Lamivudine/Nevirapine/Zidovudine 150/200/300mg, tablets, 60 Tabs",Lamivudine/Nevirapine/Zidovudine,Generic,150/300/200mg,Tablet - FDC,"Hetero, Jadcherla, unit 5, IN",86208,60,30881,250444.9,8.11,0.14,294.77,,,FALSE,7/31/15,7/23/15,,
110-ZM-T30,FPQ-14784,SO-49600,DN-4316,Zambia,PMO - US,From RDC,N/A - From RDC,Truck,ARV,Adult,SCMS from RDC,"Lamivudine/Zidovudine 150/300mg, tablets, 60 Tabs",Lamivudine/Zidovudine,Generic,150/300mg,Tablet - FDC,Hetero Unit III Hyderabad IN,86209,60,55000,358600,6.52,0.11,368.64,,,FALSE,8/31/15,8/25/15,,
110-ZM-T30,FPQ-14784,SO-49600,DN-4316,Zambia,PMO - US,From RDC,N/A - From RDC,Truck,ARV,Pediatric,SCMS from RDC,"Abacavir/Lamivudine 60/30mg, dispersible tablets, 60 Tabs",Abacavir/Lamivudine,Generic,60/30mg,Chewable/dispersible tablet - FDC,"Cipla, Patalganga, India",86210,60,44022,224071.98,5.09,0.08,230.35,,,FALSE,8/31/15,8/25/15,,
107-RW-T30,FPQ-16284,SO-51530,DN-4323,Rwanda,PMO - US,From RDC,N/A - From RDC,Air,ARV,Adult,SCMS from RDC,"Tenofovir Disoproxil Fumarate 300mg, tablets, 30 Tabs",Tenofovir Disoproxil Fumarate,Generic,300mg,Tablet,Mylan (formerly Matrix) Nashik,86211,30,385,1366.75,3.55,0.12,1.61,25,149.65,TRUE,8/18/15,8/25/15,,
104-CI-T30,FPQ-15259,SO-50103,DN-4326,Côte d'Ivoire,PMO - US,From RDC,N/A - From RDC,Truck,ARV,Adult,SCMS from RDC,"Efavirenz 600mg, tablets, 30 Tabs",Efavirenz,Generic,600mg,Tablet,"Strides, Bangalore, India.",86212,30,9800,31262,3.19,0.11,36.8,622,4958,TRUE,8/14/15,8/20/15,,
103-ZW-T30,FPQ-15197,SO-50022,DN-4336,Zimbabwe,PMO - US,From RDC,N/A - From RDC,Truck,ARV,Pediatric,SCMS from RDC,"Lamivudine/Zidovudine 30/60mg, dispersible tablets, 60 Tabs",Lamivudine/Zidovudine,Generic,30/60mg,Chewable/dispersible tablet - FDC,"Cipla, Goa, India",86213,60,17660,35143.4,1.99,0.03,41.36,3595,,TRUE,8/31/15,8/4/15,,
107-RW-T30,FPQ-16571,SO-51740,DN-4345,Rwanda,PMO - US,From RDC,N/A - From RDC,Air,ARV,Pediatric,SCMS from RDC,"Efavirenz 200mg, scored tablets, 90 Tabs",Efavirenz,Generic,200mg,Tablet,"Strides, Bangalore, India.",86216,90,2434,22636.2,9.3,0.1,26.64,,,FALSE,9/8/15,8/26/15,,
154-NG-T30,FPQ-3815,SO-32270,DN-1311,Nigeria,PMO - US,From RDC,N/A - From RDC,Air Charter,ARV,Adult,SCMS from RDC,"Efavirenz 600mg, tablets, 30 Tabs",Efavirenz,Generic,600mg,Tablet,"Aurobindo Unit III, India",86235,30,301,2061.85,6.85,0.23,4.04,,,FALSE,7/30/09,8/4/09,,
154-NG-T30,FPQ-3815,SO-32271,DN-1312,Nigeria,PMO - US,From RDC,N/A - From RDC,Air,ARV,Pediatric,SCMS from RDC,"Lamivudine/Nevirapine/Stavudine 30/50/6mg, dispersible tablets, 60 Tabs",Lamivudine/Nevirapine/Stavudine,Generic,30/50/6mg,Chewable/dispersible tablet - FDC,"Cipla, Goa, India",86236,60,46,114.54,2.49,0.04,0.22,2,714.34,TRUE,7/30/09,7/9/09,,
154-NG-T30,FPQ-3815,SO-32272,DN-1360,Nigeria,PMO - US,From RDC,N/A - From RDC,Air Charter,ARV,Adult,SCMS from RDC,"Stavudine 30mg, capsules, 60 Caps",Stavudine,Generic,30mg,Capsule,"Aurobindo Unit III, India",86237,60,45,65.7,1.46,0.02,0.13,,,FALSE,8/31/09,8/4/09,,
154-NG-T30,FPQ-3815,SO-32260,DN-1452,Nigeria,PMO - US,From RDC,N/A - From RDC,Air Charter,ARV,Adult,SCMS from RDC,"Efavirenz 600mg, tablets, 30 Tabs",Efavirenz,Generic,600mg,Tablet,"Aurobindo Unit III, India",86238,30,380,2363.6,6.22,0.21,4.63,,,FALSE,10/30/09,10/20/09,,
154-NG-T30,FPQ-3815,SO-32260,DN-1452,Nigeria,PMO - US,From RDC,N/A - From RDC,Air Charter,ARV,Adult,SCMS from RDC,"Stavudine 30mg, capsules, 60 Caps",Stavudine,Generic,30mg,Capsule,"Aurobindo Unit III, India",86239,60,63,91.98,1.46,0.02,0.18,,,FALSE,10/30/09,10/20/09,,
112-NG-T30,FPQ-4040,SO-32981,DN-1453,Nigeria,PMO - US,From RDC,N/A - From RDC,Air Charter,ARV,Pediatric,SCMS from RDC,"Nevirapine 10mg/ml, oral suspension, Bottle, 240 ml",Nevirapine,Generic,10mg/ml,Oral suspension,"Aurobindo Unit III, India",86240,240,1200,2304,1.92,0.01,4.52,445,9341.49,TRUE,10/31/09,10/20/09,,
112-NG-T30,FPQ-4040,SO-32980,DN-1456,Nigeria,PMO - US,From RDC,N/A - From RDC,Air Charter,ARV,Adult,SCMS from RDC,"Efavirenz 600mg, tablets, 30 Tabs",Efavirenz,Generic,600mg,Tablet,"Aurobindo Unit III, India",86241,30,2200,13684,6.22,0.21,26.82,,,FALSE,10/15/09,10/20/09,,
123-NG-T30,FPQ-4395,SO-32971,DN-1493,Nigeria,PMO - US,From RDC,N/A - From RDC,Air Charter,ARV,Adult,SCMS from RDC,"Nevirapine 200mg, tablets, 60 Tabs",Nevirapine,Generic,200mg,Tablet,"Aurobindo Unit III, India",86242,60,20025,58072.5,2.9,0.05,113.82,,,FALSE,12/18/09,11/20/09,,
104-CI-T30,FPQ-3964,SO-34500,DN-1523,Côte d'Ivoire,PMO - US,From RDC,N/A - From RDC,Air,ARV,Adult,SCMS from RDC,"Efavirenz 600mg, tablets, 30 Tabs",Efavirenz,Generic,600mg,Tablet,"Aurobindo Unit III, India",86243,30,30464,176081.92,5.78,0.19,345.12,,,FALSE,12/1/09,12/2/09,,
104-CI-T30,FPQ-4187,SO-33470,DN-1525,Côte d'Ivoire,PMO - US,From RDC,N/A - From RDC,Air,ARV,Pediatric,SCMS from RDC,"Lamivudine 10mg/ml, oral solution, Bottle, 240 ml",Lamivudine,Generic,10mg/ml,Oral solution,"Aurobindo Unit III, India",86244,240,2000,3800,1.9,0.01,7.45,688,1211.48,TRUE,12/1/09,12/2/09,,
114-UG-T30,FPQ-4454,SO-34300,DN-1551,Uganda,PMO - US,From RDC,N/A - From RDC,Air,ARV,Adult,SCMS from RDC,"Lamivudine/Tenofovir Disoproxil Fumarate 300/300mg, tablets, 30 Tabs",Lamivudine/Tenofovir Disoproxil Fumarate,Generic,300/300mg,Tablet - FDC,Mylan (formerly Matrix) Nashik,86245,30,2150,21500,10,0.33,42.14,179,2196.29,TRUE,1/17/10,11/25/09,,
114-UG-T30,FPQ-4275,SO-33870,DN-1552,Uganda,PMO - US,From RDC,N/A - From RDC,Air,ARV,Adult,SCMS from RDC,"Lamivudine/Zidovudine 150/300mg, tablets, 60 Tabs",Lamivudine/Zidovudine,Generic,150/300mg,Tablet - FDC,Mylan (formerly Matrix) Nashik,86246,60,16575,145197,8.76,0.15,284.59,6843,7231,TRUE,1/14/10,12/31/09,,
113-ZW-T30,FPQ-4472,SO-27200,DN-1554,Zimbabwe,PMO - US,From RDC,N/A - From RDC,Truck,ARV,Adult,SCMS from RDC,"Lamivudine/Stavudine 150/30mg, tablets, 60 Tabs",Lamivudine/Stavudine,Generic,150/30mg,Tablet - FDC,"Cipla, Goa, India",86247,60,4000,16000,4,0.07,31.36,,,FALSE,12/18/09,12/7/09,,
111-MZ-T30,FPQ-4471,SO-33600,DN-1587,Mozambique,PMO - US,From RDC,N/A - From RDC,Air,ARV,Adult,SCMS from RDC,"Lamivudine/Zidovudine 150/300mg, tablets, 60 Tabs",Lamivudine/Zidovudine,Generic,150/300mg,Tablet - FDC,"Aurobindo Unit III, India",86248,60,30564,267740.62,8.76,0.15,524.77,2773,6355.08,TRUE,2/26/10,1/16/10,,
123-NG-T30,FPQ-4014,SO-32973,DN-1593,Nigeria,PMO - US,From RDC,N/A - From RDC,Air Charter,ARV,Adult,SCMS from RDC,"Lamivudine/Zidovudine 150/300mg, tablets, 60 Tabs",Lamivudine/Zidovudine,Generic,150/300mg,Tablet - FDC,"Aurobindo Unit III, India",86249,60,11949,104673.24,8.76,0.15,205.16,1084,11637.65,TRUE,1/31/10,12/18/09,,
114-UG-T30,FPQ-4497,SO-34830,DN-1597,Uganda,PMO - US,From RDC,N/A - From RDC,Air,ARV,Adult,SCMS from RDC,"Efavirenz 600mg, tablets, 30 Tabs",Efavirenz,Generic,600mg,Tablet,"Aurobindo Unit III, India",86250,30,2500,14450,5.78,0.19,31.15,216,2064.42,TRUE,2/10/10,1/7/10,,
114-UG-T30,FPQ-4497,SO-34840,DN-1598,Uganda,PMO - US,From RDC,N/A - From RDC,Air,ARV,Adult,SCMS from RDC,"Lamivudine/Tenofovir Disoproxil Fumarate 300/300mg, tablets, 30 Tabs",Lamivudine/Tenofovir Disoproxil Fumarate,Generic,300/300mg,Tablet - FDC,Mylan (formerly Matrix) Nashik,86251,30,1100,11000,10,0.33,23.72,,,FALSE,2/17/10,12/23/09,,
114-UG-T30,FPQ-4497,SO-34840,DN-1598,Uganda,PMO - US,From RDC,N/A - From RDC,Air,ARV,Adult,SCMS from RDC,"Zidovudine 300mg, tablets, 60 Tabs",Zidovudine,Generic,300mg,Tablet,"Aurobindo Unit III, India",86252,60,140,1054.2,7.53,0.13,2.27,,,FALSE,2/17/10,12/23/09,,
110-ZM-T30,FPQ-4272,SO-33680,DN-1603,Zambia,PMO - US,From RDC,N/A - From RDC,Air,ARV,Adult,SCMS from RDC,"Lamivudine/Stavudine 150/30mg, tablets, 60 Tabs",Lamivudine/Stavudine,Generic,150/30mg,Tablet - FDC,"Strides, Bangalore, India.",86253,60,80000,304000,3.8,0.06,595.84,4162,9939.38,TRUE,1/17/10,1/11/10,,
117-ET-T30,FPQ-4668,SO-35240,DN-1604,Ethiopia,PMO - US,From RDC,N/A - From RDC,Air,ARV,Adult,SCMS from RDC,"Lamivudine 150mg, tablets, 60 Tabs",Lamivudine,Generic,150mg,Tablet,Mylan (formerly Matrix) Nashik,86254,60,8000,19520,2.44,0.04,42.09,425,2978.5,TRUE,1/4/10,12/18/09,,
106-HT-T30,FPQ-4469,SO-34230,DN-1617,Haiti,PMO - US,From RDC,N/A - From RDC,Air,ARV,Pediatric,SCMS from RDC,"Efavirenz 50mg, capsule, 30 Caps",Efavirenz,Generic,50mg,Capsule,"Aurobindo Unit III, India",86256,30,1528,3422.72,2.24,0.07,7.38,,,FALSE,3/5/10,2/24/10,,
104-CI-T30,FPQ-3964,SO-34521,DN-1620,Côte d'Ivoire,PMO - US,From RDC,N/A - From RDC,Air,ARV,Adult,SCMS from RDC,"Lamivudine/Nevirapine/Zidovudine 150/200/300mg, tablets, 60 Tabs",Lamivudine/Nevirapine/Zidovudine,Generic,150/300/200mg,Tablet - FDC,"Aurobindo Unit III, India",86257,60,35000,392700,11.22,0.19,769.69,,,FALSE,2/8/10,1/23/10,,
102-SD-T30,FPQ-3812,SO-34550,DN-1624,Sudan,PMO - US,From RDC,N/A - From RDC,Air,HRDT,HIV test,SCMS from RDC,"HIV 1/2, Bioline 3.0 Kit, Lancets, Capillary pipets, Alcohol swabs included, 25 Tests","HIV 1/2, Bioline 3.0 Kit, Lancets, Capillary pipets, Alcohol swabs included",Bioline,N/A,Test kit,"Standard Diagnostics, Korea",86258,25,100,2000,20,0.8,3.92,,,FALSE,11/30/09,11/22/09,,
114-UG-T30,FPQ-4496,SO-35010,DN-1632,Uganda,PMO - US,From RDC,N/A - From RDC,Truck,ARV,Adult,SCMS from RDC,"Nevirapine 200mg, tablets, 60 Tabs",Nevirapine,Generic,200mg,Tablet,"Aurobindo Unit III, India",86259,60,1600,4640,2.9,0.05,10,157,1601.5,TRUE,3/22/10,1/29/10,,
114-UG-T30,FPQ-4497,SO-34820,DN-1633,Uganda,PMO - US,From RDC,N/A - From RDC,Truck,ARV,Adult,SCMS from RDC,"Lamivudine/Nevirapine/Zidovudine 150/200/300mg, tablets, 60 Tabs",Lamivudine/Nevirapine/Zidovudine,Generic,150/300/200mg,Tablet - FDC,Mylan (formerly Matrix) Nashik,86260,60,6600,74052,11.22,0.19,159.66,843,6470.51,TRUE,3/3/10,1/29/10,,
114-UG-T30,FPQ-4275,SO-33960,DN-1634,Uganda,PMO - US,From RDC,N/A - From RDC,Truck,ARV,Adult,SCMS from RDC,"Efavirenz 600mg, tablets, 30 Tabs",Efavirenz,Generic,600mg,Tablet,"Aurobindo Unit III, India",86261,30,32660,188774.8,5.78,0.19,370,2804,5050.8,TRUE,2/25/10,1/29/10,,
106-HT-T30,FPQ-4384,SO-34710,DN-1635,Haiti,PMO - US,From RDC,N/A - From RDC,Air,ARV,Pediatric,SCMS from RDC,"Didanosine 200mg, chewable/dispersible tablets, 60 Tabs",Didanosine,Generic,200mg,Chewable/dispersible tablet,"Aurobindo Unit III, India",86262,60,192,2976,15.5,0.26,6.42,40,12016.69,TRUE,3/5/10,3/3/10,,
114-UG-T30,FPQ-4275,SO-35610,DN-1638,Uganda,PMO - US,From RDC,N/A - From RDC,Truck,ARV,Adult,SCMS from RDC,"Lamivudine/Nevirapine/Zidovudine 150/200/300mg, tablets, 60 Tabs",Lamivudine/Nevirapine/Zidovudine,Generic,150/300/200mg,Tablet - FDC,"Aurobindo Unit III, India",86263,60,29,325.38,11.22,0.19,0.64,,,FALSE,2/25/10,2/18/10,,
104-CI-T30,FPQ-4659,SO-35810,DN-1641,Côte d'Ivoire,PMO - US,From RDC,N/A - From RDC,Air,ARV,Adult,SCMS from RDC,"Nevirapine 200mg, tablets, 60 Tabs",Nevirapine,Generic,200mg,Tablet,"Aurobindo Unit III, India",86265,60,4149,11326.77,2.73,0.05,24.42,394,1083.3,TRUE,5/10/10,2/15/10,,
114-UG-T30,FPQ-4325,SO-35650,DN-1645,Uganda,PMO - US,From RDC,N/A - From RDC,Air,ARV,Adult,SCMS from RDC,"Zidovudine 300mg, tablets, 60 Tabs",Zidovudine,Generic,300mg,Tablet,"Aurobindo Unit III, India",86266,60,744,5602.32,7.53,0.13,10.98,41,1152.14,TRUE,3/19/10,2/26/10,,
114-UG-T30,FPQ-4497,SO-35850,DN-1649,Uganda,PMO - US,From RDC,N/A - From RDC,Air,ARV,Adult,SCMS from RDC,"Zidovudine 300mg, tablets, 60 Tabs",Zidovudine,Generic,300mg,Tablet,"Aurobindo Unit III, India",86267,60,6,45.18,7.53,0.13,0.1,,,TRUE,5/20/10,12/23/09,,
110-ZM-T30,FPQ-4273,SO-35830,DN-1650,Zambia,PMO - US,From RDC,N/A - From RDC,Truck,ARV,Adult,SCMS from RDC,"Zidovudine 300mg, tablets, 60 Tabs",Zidovudine,Generic,300mg,Tablet,Hetero Unit III Hyderabad IN,86268,60,60683,456943,7.53,0.13,895.61,3325,3379.64,TRUE,3/15/10,3/5/10,,
104-CI-T30,FPQ-4659,SO-35581,DN-1655,Côte d'Ivoire,PMO - US,From RDC,N/A - From RDC,Air,ARV,Adult,SCMS from RDC,"Stavudine 15mg, capsules, 60 Caps",Stavudine,Generic,15mg,Capsule,"Aurobindo Unit III, India",86269,60,864,1296,1.5,0.02,2.79,56,3688.33,TRUE,6/28/10,3/1/10,,
113-ZW-T30,FPQ-4694,SO-35390,DN-1659,Zimbabwe,PMO - US,From RDC,N/A - From RDC,Truck,ARV,Adult,SCMS from RDC,"Lamivudine/Stavudine 150/30mg, tablets, 60 Tabs",Lamivudine/Stavudine,Generic,150/30mg,Tablet - FDC,"Cipla, Goa, India",86270,60,1900,6460,3.4,0.06,13.93,,,FALSE,3/31/10,3/12/10,,
113-ZW-T30,FPQ-4688,SO-35410,DN-1660,Zimbabwe,PMO - US,From RDC,N/A - From RDC,Air,ARV,Adult,SCMS from RDC,"Lamivudine/Stavudine 150/30mg, tablets, 60 Tabs",Lamivudine/Stavudine,Generic,150/30mg,Tablet - FDC,"Cipla, Goa, India",86271,60,1900,6460,3.4,0.06,13.93,,,FALSE,3/31/10,3/12/10,,
106-HT-T30,FPQ-4384,SO-35670,DN-1664,Haiti,PMO - US,From RDC,N/A - From RDC,Air,ARV,Adult,SCMS from RDC,"Stavudine 30mg, capsules, 60 Caps",Stavudine,Generic,30mg,Capsule,"Strides, Bangalore, India.",86272,60,3690,5387.4,1.46,0.02,11.62,177,6036.96,TRUE,3/10/10,3/3/10,,
106-HT-T30,FPQ-4469,SO-35530,DN-1666,Haiti,PMO - US,From RDC,N/A - From RDC,Air,ARV,Adult,SCMS from RDC,"Lamivudine/Zidovudine 150/300mg, tablets, 60 Tabs",Lamivudine/Zidovudine,Generic,150/300mg,Tablet - FDC,Mylan (formerly Matrix) Nashik,86273,60,19056,166930.56,8.76,0.15,359.9,1517,6036.96,TRUE,3/12/10,3/3/10,,
106-HT-T30,FPQ-4384,SO-35920,DN-1667,Haiti,PMO - US,From RDC,N/A - From RDC,Air,ARV,Adult,SCMS from RDC,"Lamivudine 150mg, tablets, 60 Tabs",Lamivudine,Generic,150mg,Tablet,"Aurobindo Unit III, India",86274,60,7920,19324.8,2.44,0.04,41.66,,,FALSE,3/10/10,3/3/10,,
111-MZ-T30,FPQ-4711,SO-35720,DN-1679,Mozambique,PMO - US,From RDC,N/A - From RDC,Truck,ARV,Adult,SCMS from RDC,"Lamivudine/Stavudine 150/30mg, tablets, 60 Tabs",Lamivudine/Stavudine,Generic,150/30mg,Tablet - FDC,"Strides, Bangalore, India.",86275,60,24880,84592,3.4,0.06,182.38,1401,4764.16,TRUE,4/28/10,4/28/10,,
111-MZ-T30,FPQ-4711,SO-35720,DN-1679,Mozambique,PMO - US,From RDC,N/A - From RDC,Truck,ARV,Adult,SCMS from RDC,"Lamivudine/Stavudine 150/30mg, tablets, 60 Tabs",Lamivudine/Stavudine,Generic,150/30mg,Tablet - FDC,"Cipla, Goa, India",86276,60,1340,4556,3.4,0.06,9.82,,,FALSE,4/28/10,4/28/10,,
151-NG-T30,FPQ-4537,SO-35031,DN-1683,Nigeria,PMO - US,From RDC,N/A - From RDC,Air Charter,ARV,Adult,SCMS from RDC,"Lamivudine 150mg, tablets, 60 Tabs",Lamivudine,Generic,150mg,Tablet,"Aurobindo Unit III, India",86277,60,64,156.16,2.44,0.04,0.34,4,124350.82,TRUE,4/19/10,3/31/10,,
114-UG-T30,FPQ-5014,SO-35860,DN-1697,Uganda,PMO - US,From RDC,N/A - From RDC,Air,ARV,Adult,SCMS from RDC,"Lamivudine/Tenofovir Disoproxil Fumarate 300/300mg, tablets, 30 Tabs",Lamivudine/Tenofovir Disoproxil Fumarate,Generic,300/300mg,Tablet - FDC,Mylan (formerly Matrix) Nashik,86278,30,2000,20000,10,0.33,43.12,168,1905.63,TRUE,4/1/10,3/25/10,,
151-NG-T30,FPQ-4537,SO-34896,DN-1706,Nigeria,PMO - US,From RDC,N/A - From RDC,Air Charter,ARV,Adult,SCMS from RDC,"Nevirapine 200mg, tablets, 60 Tabs",Nevirapine,Generic,200mg,Tablet,"Aurobindo Unit III, India",86279,60,3948,10778.04,2.73,0.05,23.24,380,,TRUE,4/19/10,3/31/10,,
151-NG-T30,FPQ-4537,SO-35064,DN-1722,Nigeria,PMO - US,From RDC,N/A - From RDC,Air Charter,ARV,Adult,SCMS from RDC,"Lamivudine/Nevirapine/Zidovudine 150/200/300mg, tablets, 60 Tabs",Lamivudine/Nevirapine/Zidovudine,Generic,150/300/200mg,Tablet - FDC,"Aurobindo Unit III, India",86280,60,7583,85081.26,11.22,0.19,183.44,890,,TRUE,4/19/10,3/31/10,,
151-NG-T30,FPQ-4537,SO-35131,DN-1736,Nigeria,PMO - US,From RDC,N/A - From RDC,Air Charter,ARV,Adult,SCMS from RDC,"Stavudine 20mg, capsules, 60 Caps",Stavudine,Generic,20mg,Capsule,"Aurobindo Unit III, India",86281,60,61,87.23,1.43,0.02,0.19,4,,TRUE,5/31/10,3/31/10,,
151-NG-T30,FPQ-4537,SO-35042,DN-1702,Nigeria,PMO - US,From RDC,N/A - From RDC,Air Charter,ARV,Adult,SCMS from RDC,"Lamivudine/Nevirapine/Stavudine 150/200/30mg, tablets, 60 Tabs",Lamivudine/Nevirapine/Stavudine,Generic,150/200/30mg,Tablet - FDC,"Strides, Bangalore, India.",86282,60,11332,69238.52,6.11,0.1,149.28,855,,TRUE,4/19/10,3/31/10,,
151-NG-T30,FPQ-4537,SO-35052,DN-1717,Nigeria,PMO - US,From RDC,N/A - From RDC,Air Charter,ARV,Adult,SCMS from RDC,"Lamivudine/Zidovudine 150/300mg, tablets, 60 Tabs",Lamivudine/Zidovudine,Generic,150/300mg,Tablet - FDC,Mylan (formerly Matrix) Nashik,86283,60,10773,94371.48,8.76,0.15,203.46,859,,TRUE,4/19/10,3/31/10,,
151-NG-T30,FPQ-4537,SO-35120,DN-1741,Nigeria,PMO - US,From RDC,N/A - From RDC,Air Charter,ARV,Adult,SCMS from RDC,"Lamivudine/Stavudine 150/30mg, tablets, 60 Tabs",Lamivudine/Stavudine,Generic,150/30mg,Tablet - FDC,"Strides, Bangalore, India.",86284,60,28,95.2,3.4,0.06,0.21,2,,TRUE,3/31/10,3/31/10,,
151-NG-T30,FPQ-4537,SO-35091,DN-1694,Nigeria,PMO - US,From RDC,N/A - From RDC,Air Charter,ARV,Adult,SCMS from RDC,"Zidovudine 300mg, tablets, 60 Tabs",Zidovudine,Generic,300mg,Tablet,Mylan (formerly Matrix) Nashik,86285,60,5000,37500,7.5,0.12,80.85,264,,TRUE,4/19/10,3/31/10,,
151-NG-T30,FPQ-4537,SO-35093,DN-1744,Nigeria,PMO - US,From RDC,N/A - From RDC,Air Charter,ARV,Adult,SCMS from RDC,"Zidovudine 300mg, tablets, 60 Tabs",Zidovudine,Generic,300mg,Tablet,Mylan (formerly Matrix) Nashik,86286,60,1000,7500,7.5,0.12,16.17,,,TRUE,4/19/10,3/31/10,,
151-NG-T30,FPQ-4537,SO-34900,DN-1708,Nigeria,PMO - US,From RDC,N/A - From RDC,Air Charter,ARV,Pediatric,SCMS from RDC,"Efavirenz 200mg, capsule, 90 Caps",Efavirenz,Generic,200mg,Capsule,"Aurobindo Unit III, India",86287,90,1000,10070,10.07,0.11,21.71,119,,TRUE,3/31/10,3/31/10,,
114-UG-T30,FPQ-4275,SO-35690,DN-1754,Uganda,PMO - US,From RDC,N/A - From RDC,Truck,ARV,Adult,SCMS from RDC,"Lamivudine/Nevirapine/Zidovudine 150/200/300mg, tablets, 60 Tabs",Lamivudine/Nevirapine/Zidovudine,Generic,150/300/200mg,Tablet - FDC,"Aurobindo Unit III, India",86288,60,3354,37631.88,11.22,0.19,73.76,393,1694,TRUE,4/1/10,3/25/10,,
104-CI-T30,FPQ-4378,SO-34373,DN-1764,Côte d'Ivoire,PMO - US,From RDC,N/A - From RDC,Air,ARV,Adult,SCMS from RDC,"Zidovudine 300mg, tablets, 60 Tabs",Zidovudine,Generic,300mg,Tablet,"Aurobindo Unit III, India",86289,60,915,6889.95,7.53,0.13,13.5,51,1702.92,TRUE,4/6/10,4/1/10,,
109-TZ-T30,FPQ-5237,SO-36220,DN-1768,Tanzania,PMO - US,From RDC,N/A - From RDC,Air,ARV,Adult,SCMS from RDC,"Nevirapine 200mg, tablets, 60 Tabs",Nevirapine,Generic,200mg,Tablet,"Aurobindo Unit III, India",86290,60,3319,9060.87,2.73,0.05,19.54,699,3952.34,TRUE,7/21/10,4/21/10,,
109-TZ-T30,FPQ-5237,SO-36220,DN-1768,Tanzania,PMO - US,From RDC,N/A - From RDC,Air,ARV,Adult,SCMS from RDC,"Nevirapine 200mg, tablets, 60 Tabs",Nevirapine,Generic,200mg,Tablet,"Cipla, Goa, India",86291,60,3529,9634.17,2.73,0.05,20.77,,,FALSE,7/21/10,4/21/10,,
110-ZM-T30,FPQ-4273,SO-33720,DN-1775,Zambia,PMO - US,From RDC,N/A - From RDC,Truck,ARV,Adult,SCMS from RDC,"Efavirenz 600mg, tablets, 30 Tabs",Efavirenz,Generic,600mg,Tablet,Mylan (formerly Matrix) Nashik,86293,30,115000,546250,4.75,0.16,1070.65,,,FALSE,4/30/10,4/16/10,,
151-NG-T30,FPQ-4537,SO-34913,DN-1780,Nigeria,PMO - US,From RDC,N/A - From RDC,Air Charter,ARV,Adult,SCMS from RDC,"Efavirenz 600mg, tablets, 30 Tabs",Efavirenz,Generic,600mg,Tablet,"Aurobindo Unit III, India",86294,30,12240,58140,4.75,0.16,125.35,1082,9736.1,TRUE,5/31/10,5/18/10,,
151-NG-T30,FPQ-4537,SO-34917,DN-1782,Nigeria,PMO - US,From RDC,N/A - From RDC,Air Charter,ARV,Adult,SCMS from RDC,"Efavirenz 600mg, tablets, 30 Tabs",Efavirenz,Generic,600mg,Tablet,"Aurobindo Unit III, India",86295,30,336,1596,4.75,0.16,3.44,30,9736.1,TRUE,5/31/10,5/18/10,,
111-MZ-T30,FPQ-4711,SO-35750,DN-1795,Mozambique,PMO - US,From RDC,N/A - From RDC,Truck,ARV,Adult,SCMS from RDC,"Lamivudine/Stavudine 150/30mg, tablets, 60 Tabs",Lamivudine/Stavudine,Generic,150/30mg,Tablet - FDC,"Cipla, Goa, India",86296,60,8670,29478,3.4,0.06,63.55,,,FALSE,6/21/10,6/14/10,,
111-MZ-T30,FPQ-4711,SO-35750,DN-1795,Mozambique,PMO - US,From RDC,N/A - From RDC,Truck,ARV,Adult,SCMS from RDC,"Zidovudine 300mg, tablets, 60 Tabs",Zidovudine,Generic,300mg,Tablet,Hetero Unit III Hyderabad IN,86297,60,5040,36338.4,7.21,0.12,78.35,,,FALSE,6/21/10,6/14/10,,
151-NG-T30,FPQ-4537,SO-35021,DN-1802,Nigeria,PMO - US,From RDC,N/A - From RDC,Air Charter,ARV,Adult,SCMS from RDC,"Efavirenz/Emtricitabine/Tenofovir Disoproxil Fumarate 600/200/300mg, tablets, 30 Tabs",Efavirenz/Emtricitabine/Tenofovir Disoproxil Fumarate,Generic,600/200/300mg,Tablet - FDC,Mylan (formerly Matrix) Nashik,86298,30,52000,1035840,19.92,0.66,2233.27,5701,9736.1,TRUE,5/31/10,5/18/10,,
151-NG-T30,FPQ-4537,SO-35022,DN-1803,Nigeria,PMO - US,From RDC,N/A - From RDC,Air Charter,ARV,Adult,SCMS from RDC,"Efavirenz/Emtricitabine/Tenofovir Disoproxil Fumarate 600/200/300mg, tablets, 30 Tabs",Efavirenz/Emtricitabine/Tenofovir Disoproxil Fumarate,Generic,600/200/300mg,Tablet - FDC,Mylan (formerly Matrix) Nashik,86299,30,11040,219916.8,19.92,0.66,474.14,1210,9736.1,TRUE,5/31/10,5/18/10,,
151-NG-T30,FPQ-4537,SO-35023,DN-1806,Nigeria,PMO - US,From RDC,N/A - From RDC,Air Charter,ARV,Adult,SCMS from RDC,"Efavirenz/Emtricitabine/Tenofovir Disoproxil Fumarate 600/200/300mg, tablets, 30 Tabs",Efavirenz/Emtricitabine/Tenofovir Disoproxil Fumarate,Generic,600/200/300mg,Tablet - FDC,Mylan (formerly Matrix) Nashik,86300,30,3000,59760,19.92,0.66,128.84,329,9736.1,TRUE,5/31/10,5/18/10,,
151-NG-T30,FPQ-4537,SO-36009,DN-1808,Nigeria,PMO - US,From RDC,N/A - From RDC,Air Charter,ARV,Adult,SCMS from RDC,"Emtricitabine/Tenofovir Disoproxil Fumarate 200/300mg, tablets, 30 Tabs",Emtricitabine/Tenofovir Disoproxil Fumarate,Generic,200/300mg,Tablet - FDC,Mylan (formerly Matrix) Nashik,86301,30,109140,1282395,11.75,0.39,2764.84,8735,9736.1,TRUE,5/31/10,5/18/10,,
106-HT-T30,FPQ-4384,SO-36190,DN-1812,Haiti,PMO - US,From RDC,N/A - From RDC,Air,ARV,Adult,SCMS from RDC,"Nevirapine 200mg, tablets, 60 Tabs",Nevirapine,Generic,200mg,Tablet,"Strides, Bangalore, India.",86302,60,26400,70224,2.66,0.04,151.4,1456,25493.03,TRUE,5/17/10,5/19/10,,
151-NG-T30,FPQ-4537,SO-36000,DN-1815,Nigeria,PMO - US,From RDC,N/A - From RDC,Air Charter,ARV,Adult,SCMS from RDC,"Nevirapine 200mg, tablets, 60 Tabs",Nevirapine,Generic,200mg,Tablet,"Strides, Bangalore, India.",86303,60,10000,26600,2.66,0.04,57.35,549,9736.1,TRUE,5/31/10,5/18/10,,
104-CI-T30,FPQ-4659,SO-35560,DN-1799,Côte d'Ivoire,PMO - US,From RDC,N/A - From RDC,Air,ARV,Adult,SCMS from RDC,"Lamivudine/Zidovudine 150/300mg, tablets, 60 Tabs",Lamivudine/Zidovudine,Generic,150/300mg,Tablet - FDC,Mylan (formerly Matrix) Nashik,86304,60,45024,384955.2,8.55,0.14,829.96,,,FALSE,5/10/10,5/7/10,,
113-ZW-T30,FPQ-4472,SO-35910,DN-1831,Zimbabwe,PMO - US,From RDC,N/A - From RDC,Air,ARV,Adult,SCMS from RDC,"Lamivudine/Nevirapine/Stavudine 150/200/30mg, tablets, 60 Tabs",Lamivudine/Nevirapine/Stavudine,Generic,150/200/30mg,Tablet - FDC,"Strides, Bangalore, India.",86305,60,28610,167368.5,5.85,0.1,328.04,,,FALSE,5/28/10,5/31/10,,
111-MZ-T30,FPQ-4711,SO-35730,DN-1832,Mozambique,PMO - US,From RDC,N/A - From RDC,Truck,ARV,Adult,SCMS from RDC,"Lamivudine/Nevirapine/Zidovudine 150/200/300mg, tablets, 60 Tabs",Lamivudine/Nevirapine/Zidovudine,Generic,150/300/200mg,Tablet - FDC,Mylan (formerly Matrix) Nashik,86306,60,13446,150864.12,11.22,0.19,325.26,,,FALSE,6/30/10,6/14/10,,
104-CI-T30,FPQ-5619,SO-36821,DN-1850,Côte d'Ivoire,PMO - US,From RDC,N/A - From RDC,Air,ARV,Adult,SCMS from RDC,"Tenofovir Disoproxil Fumarate 300mg, tablets, 30 Tabs",Tenofovir Disoproxil Fumarate,Generic,300mg,Tablet,Mylan (formerly Matrix) Nashik,86307,30,488,3728.32,7.64,0.25,8.04,28,2677.09,TRUE,6/3/10,6/7/10,,
117-ET-T30,FPQ-5581,SO-36690,DN-1857,Ethiopia,PMO - US,From RDC,N/A - From RDC,Air,ARV,Adult,SCMS from RDC,"Lamivudine 150mg, tablets, 60 Tabs",Lamivudine,Generic,150mg,Tablet,Mylan (formerly Matrix) Nashik,86308,60,1481,3613.64,2.44,0.04,7.79,,,FALSE,6/21/10,6/1/10,,
110-ZM-T30,FPQ-4356,SO-34130,DN-1865,Zambia,PMO - US,From RDC,N/A - From RDC,Truck,ARV,Adult,SCMS from RDC,"Lamivudine/Zidovudine 150/300mg, tablets, 60 Tabs",Lamivudine/Zidovudine,Generic,150/300mg,Tablet - FDC,Hetero Unit III Hyderabad IN,86309,60,100000,876000,8.76,0.15,1716.96,8544,11054.56,TRUE,6/30/10,6/29/10,,
104-CI-T30,FPQ-5623,SO-36861,DN-1872,Côte d'Ivoire,PMO - US,From RDC,N/A - From RDC,Air,ARV,Adult,SCMS from RDC,"Lamivudine/Stavudine 150/30mg, tablets, 60 Tabs",Lamivudine/Stavudine,Generic,150/30mg,Tablet - FDC,"Cipla, Goa, India",86310,60,8021,26308.88,3.28,0.05,56.72,611,17117.51,TRUE,7/5/10,6/30/10,,
104-CI-T30,FPQ-4659,SO-35570,DN-1876,Côte d'Ivoire,PMO - US,From RDC,N/A - From RDC,Air,ARV,Adult,SCMS from RDC,"Abacavir/Lamivudine 600/300mg, scored tablets, 30 Tabs",Abacavir/Lamivudine,Generic,600/300mg,Tablet - FDC,Mylan (formerly Matrix) Nashik,86311,30,1200,27600,23,0.77,59.51,108,5121.68,TRUE,7/9/10,7/5/10,,
151-NG-T30,FPQ-5023,SO-36430,DN-1881,Nigeria,PMO - US,From RDC,N/A - From RDC,Air,ARV,Adult,SCMS from RDC,"Lamivudine/Nevirapine/Zidovudine 150/200/300mg, tablets, 60 Tabs",Lamivudine/Nevirapine/Zidovudine,Generic,150/300/200mg,Tablet - FDC,"Aurobindo Unit III, India",86312,60,51132,573701.06,11.22,0.19,1236.9,6002,,TRUE,7/15/10,6/28/10,,
151-NG-T30,FPQ-5023,SO-36440,DN-1898,Nigeria,PMO - US,From RDC,N/A - From RDC,Air,ARV,Adult,SCMS from RDC,"Efavirenz 600mg, tablets, 30 Tabs",Efavirenz,Generic,600mg,Tablet,"Aurobindo Unit III, India",86313,30,5705,26243,4.6,0.15,56.58,,,FALSE,7/15/10,6/28/10,,
151-NG-T30,FPQ-5023,SO-36442,DN-1900,Nigeria,PMO - US,From RDC,N/A - From RDC,Air,ARV,Adult,SCMS from RDC,"Efavirenz 600mg, tablets, 30 Tabs",Efavirenz,Generic,600mg,Tablet,"Aurobindo Unit III, India",86314,30,10000,46000,4.6,0.15,99.18,857,,TRUE,7/15/10,6/28/10,,
151-NG-T30,FPQ-5023,SO-36493,DN-1912,Nigeria,PMO - US,From RDC,N/A - From RDC,Air,ARV,Adult,SCMS from RDC,"Lamivudine 150mg, tablets, 60 Tabs",Lamivudine,Generic,150mg,Tablet,"Aurobindo Unit III, India",86315,60,64,156.16,2.44,0.04,0.34,3,,TRUE,7/15/10,6/28/10,,
151-NG-T30,FPQ-5023,SO-36501,DN-1914,Nigeria,PMO - US,From RDC,N/A - From RDC,Air,ARV,Adult,SCMS from RDC,"Zidovudine 300mg, tablets, 60 Tabs",Zidovudine,Generic,300mg,Tablet,"Aurobindo Unit III, India",86316,60,3000,22500,7.5,0.12,48.51,165,,TRUE,7/15/10,6/28/10,,
113-ZW-T30,FPQ-4694,SO-35351,DN-1948,Zimbabwe,PMO - US,From RDC,N/A - From RDC,Air,ARV,Adult,SCMS from RDC,"Lamivudine/Stavudine 150/30mg, tablets, 60 Tabs",Lamivudine/Stavudine,Generic,150/30mg,Tablet - FDC,"Cipla, Goa, India",86317,60,99,324.72,3.28,0.05,0.7,,,FALSE,7/30/10,7/22/10,,
151-NG-T30,FPQ-5023,SO-36434,DN-1885,Nigeria,PMO - US,From RDC,N/A - From RDC,Air,ARV,Adult,SCMS from RDC,"Lamivudine/Nevirapine/Zidovudine 150/200/300mg, tablets, 60 Tabs",Lamivudine/Nevirapine/Zidovudine,Generic,150/300/200mg,Tablet - FDC,"Aurobindo Unit III, India",86318,60,5000,56100,11.22,0.19,120.95,608,6147.18,TRUE,8/31/10,8/17/10,,
117-ET-T30,FPQ-5967,SO-37100,DN-1951,Ethiopia,PMO - US,From RDC,N/A - From RDC,Air,ARV,Adult,SCMS from RDC,"Lamivudine/Nevirapine/Stavudine 150/200/30mg, tablets, 60 Tabs",Lamivudine/Nevirapine/Stavudine,Generic,150/200/30mg,Tablet - FDC,"Strides, Bangalore, India.",86319,60,11485,65809.05,5.73,0.1,141.88,,,FALSE,9/21/10,7/19/10,,
151-NG-T30,FPQ-5023,SO-36438,DN-1957,Nigeria,PMO - US,From RDC,N/A - From RDC,Air Charter,ARV,Adult,SCMS from RDC,"Lamivudine/Nevirapine/Zidovudine 150/200/300mg, tablets, 60 Tabs",Lamivudine/Nevirapine/Zidovudine,Generic,150/300/200mg,Tablet - FDC,"Aurobindo Unit III, India",86320,60,40750,457215,11.22,0.19,985.76,5366,6147.18,TRUE,8/16/10,8/17/10,,
106-HT-T30,FPQ-5523,SO-36760,DN-1964,Haiti,PMO - US,From RDC,N/A - From RDC,Air,ARV,Pediatric,SCMS from RDC,"Zidovudine 10mg/ml, oral solution, Bottle, 240 ml",Zidovudine,Generic,10mg/ml,Oral solution,"Aurobindo Unit III, India",86321,240,4672,9437.44,2.02,0.01,20.35,,,FALSE,8/10/10,8/23/10,,
151-NG-T30,FPQ-5688,SO-36910,DN-1969,Nigeria,PMO - US,From RDC,N/A - From RDC,Air Charter,ARV,Adult,SCMS from RDC,"Emtricitabine/Tenofovir Disoproxil Fumarate 200/300mg, tablets, 30 Tabs",Emtricitabine/Tenofovir Disoproxil Fumarate,Generic,200/300mg,Tablet - FDC,Mylan (formerly Matrix) Nashik,86322,30,65502,769648.5,11.75,0.39,1659.36,5896,6147.18,TRUE,8/31/10,8/17/10,,
151-NG-T30,FPQ-5688,SO-36912,DN-1970,Nigeria,PMO - US,From RDC,N/A - From RDC,Air Charter,ARV,Adult,SCMS from RDC,"Emtricitabine/Tenofovir Disoproxil Fumarate 200/300mg, tablets, 30 Tabs",Emtricitabine/Tenofovir Disoproxil Fumarate,Generic,200/300mg,Tablet - FDC,Mylan (formerly Matrix) Nashik,86323,30,10000,117500,11.75,0.39,253.33,900,6147.18,TRUE,8/31/10,8/17/10,,
151-NG-T30,FPQ-5688,SO-36914,DN-1972,Nigeria,PMO - US,From RDC,N/A - From RDC,Air Charter,ARV,Adult,SCMS from RDC,"Emtricitabine/Tenofovir Disoproxil Fumarate 200/300mg, tablets, 30 Tabs",Emtricitabine/Tenofovir Disoproxil Fumarate,Generic,200/300mg,Tablet - FDC,Mylan (formerly Matrix) Nashik,86324,30,2500,29375,11.75,0.39,63.33,225,6147.18,TRUE,8/31/10,8/17/10,,
151-NG-T30,FPQ-5688,SO-36935,DN-1979,Nigeria,PMO - US,From RDC,N/A - From RDC,Air Charter,ARV,Adult,SCMS from RDC,"Lamivudine/Nevirapine/Zidovudine 150/200/300mg, tablets, 60 Tabs",Lamivudine/Nevirapine/Zidovudine,Generic,150/300/200mg,Tablet - FDC,"Aurobindo Unit III, India",86325,60,1700,19074,11.22,0.19,41.12,224,6147.18,TRUE,8/31/10,8/17/10,,
104-CI-T30,FPQ-5201,SO-36311,DN-1982,Côte d'Ivoire,PMO - US,From RDC,N/A - From RDC,Air,ARV,Adult,SCMS from RDC,"Emtricitabine/Tenofovir Disoproxil Fumarate 200/300mg [Truvada], tablets, 30 Tabs",Emtricitabine/Tenofovir Disoproxil Fumarate,Truvada,300/200mg,Tablet - FDC,"Aspen-OSD, Port Elizabeth, SA",86326,30,4080,107100,26.25,0.88,230.91,,,FALSE,8/23/10,8/23/10,,
104-CI-T30,FPQ-5925,SO-37141,DN-1983,Côte d'Ivoire,PMO - US,From RDC,N/A - From RDC,Air,ARV,Adult,SCMS from RDC,"Stavudine 15mg, capsules, 60 Caps",Stavudine,Generic,15mg,Capsule,"Aurobindo Unit III, India",86327,60,864,1296,1.5,0.02,2.79,,,FALSE,8/31/10,8/23/10,,
104-CI-T30,FPQ-5623,SO-36890,DN-1984,Côte d'Ivoire,PMO - US,From RDC,N/A - From RDC,Air,ARV,Adult,SCMS from RDC,"Lamivudine 150mg, tablets, 60 Tabs",Lamivudine,Generic,150mg,Tablet,"Aurobindo Unit III, India",86328,60,12386,28859.38,2.33,0.04,62.22,,,FALSE,8/31/10,8/23/10,,
151-NG-T30,FPQ-5023,SO-36464,DN-1994,Nigeria,PMO - US,From RDC,N/A - From RDC,Air Charter,ARV,Adult,SCMS from RDC,"Nevirapine 200mg, tablets, 60 Tabs",Nevirapine,Generic,200mg,Tablet,"Strides, Bangalore, India.",86329,60,1400,3822,2.73,0.05,8.24,,,FALSE,8/12/10,8/17/10,,
102-UG-T30,FPQ-6202,SO-37250,DN-1997,Uganda,PMO - US,From RDC,N/A - From RDC,Air,ARV,Adult,SCMS from RDC,"Lamivudine/Nevirapine/Zidovudine 150/200/300mg, tablets, 60 Tabs",Lamivudine/Nevirapine/Zidovudine,Generic,150/300/200mg,Tablet - FDC,"Aurobindo Unit III, India",86330,60,75000,841500,11.22,0.19,1814.27,,,FALSE,10/29/10,9/27/10,,
117-ET-T30,FPQ-5967,SO-37101,DN-1999,Ethiopia,PMO - US,From RDC,N/A - From RDC,Air,ARV,Adult,SCMS from RDC,"Lamivudine/Nevirapine/Stavudine 150/200/30mg, tablets, 60 Tabs",Lamivudine/Nevirapine/Stavudine,Generic,150/200/30mg,Tablet - FDC,"Strides, Bangalore, India.",86331,60,9200,52716,5.73,0.1,113.66,668,2633.57,TRUE,9/21/10,8/24/10,,
110-ZM-T30,FPQ-5702,SO-36844,DN-2003,Zambia,PMO - US,From RDC,N/A - From RDC,Air,ARV,Adult,SCMS from RDC,"Abacavir 300mg, tablets, 60 Tabs",Abacavir,Generic,300mg,Tablet,Mylan (formerly Matrix) Nashik,86332,60,13455,230618.7,17.14,0.29,497.21,,,FALSE,9/22/10,9/1/10,,
104-CI-T30,FPQ-5201,SO-36320,DN-2005,Côte d'Ivoire,PMO - US,From RDC,N/A - From RDC,Air,ARV,Pediatric,SCMS from RDC,"Didanosine 200mg, chewable/dispersible tablets, 60 Tabs",Didanosine,Generic,200mg,Chewable/dispersible tablet,"Aurobindo Unit III, India",86333,60,3968,61504,15.5,0.26,132.6,842,8815.65,TRUE,9/10/10,9/6/10,,
109-TZ-T30,FPQ-6226,SO-37300,DN-2008,Tanzania,PMO - US,From RDC,N/A - From RDC,Air,ARV,Adult,SCMS from RDC,"Efavirenz 600mg, tablets, 30 Tabs",Efavirenz,Generic,600mg,Tablet,Mylan (formerly Matrix) Nashik,86334,30,44669,198777.05,4.45,0.15,428.56,,,FALSE,9/30/10,9/10/10,,
104-CI-T30,FPQ-5623,SO-36880,DN-2011,Côte d'Ivoire,PMO - US,From RDC,N/A - From RDC,Air,ARV,Adult,SCMS from RDC,"Efavirenz 600mg, tablets, 30 Tabs",Efavirenz,Generic,600mg,Tablet,Mylan (formerly Matrix) Nashik,86335,30,26076,116038.2,4.45,0.15,250.18,,,FALSE,9/30/10,9/25/10,,
111-MZ-T30,FPQ-5127,SO-36020,DN-2014,Mozambique,PMO - US,From RDC,N/A - From RDC,Truck,ARV,Adult,SCMS from RDC,"Lamivudine/Nevirapine/Zidovudine 150/200/300mg, tablets, 60 Tabs",Lamivudine/Nevirapine/Zidovudine,Generic,150/300/200mg,Tablet - FDC,"Aurobindo Unit III, India",86336,60,71449,801657.75,11.22,0.19,1728.37,,,FALSE,10/15/10,10/29/10,,
106-HT-T30,FPQ-5523,SO-36741,DN-2015,Haiti,PMO - US,From RDC,N/A - From RDC,Air,ARV,Pediatric,SCMS from RDC,"Efavirenz 50mg, capsule, 30 Caps",Efavirenz,Generic,50mg,Capsule,"Aurobindo Unit III, India",86337,30,70,156.8,2.24,0.07,0.34,,,FALSE,9/30/10,10/7/10,,
105-GY-T30,FPQ-6307,SO-37400,DN-2017,Guyana,PMO - US,From RDC,N/A - From RDC,Air,ARV,Pediatric,SCMS from RDC,"Zidovudine 100mg, capsules, 100 Caps",Zidovudine,Generic,100mg,Capsule,"Aurobindo Unit III, India",86338,100,457,2211.88,4.84,0.05,4.77,,,FALSE,11/23/10,9/19/10,,
105-GY-T30,FPQ-6307,SO-37400,DN-2017,Guyana,PMO - US,From RDC,N/A - From RDC,Air,ARV,Pediatric,SCMS from RDC,"Zidovudine 10mg/ml, oral solution, Bottle, 240 ml",Zidovudine,Generic,10mg/ml,Oral solution,"Aurobindo Unit III, India",86339,240,567,1145.34,2.02,0.01,2.47,,,FALSE,11/23/10,9/19/10,,
110-ZM-T30,FPQ-5702,SO-36841,DN-2018,Zambia,PMO - US,From RDC,N/A - From RDC,Truck,ARV,Adult,SCMS from RDC,"Efavirenz 600mg, tablets, 30 Tabs",Efavirenz,Generic,600mg,Tablet,"Aurobindo Unit III, India",86340,30,8200,36490,4.45,0.15,78.67,,,FALSE,11/4/10,10/12/10,,
151-NG-T30,FPQ-5688,SO-37500,DN-2025,Nigeria,PMO - US,From RDC,N/A - From RDC,Air,ARV,Adult,SCMS from RDC,"Efavirenz 600mg, tablets, 30 Tabs",Efavirenz,Generic,600mg,Tablet,"Aurobindo Unit III, India",86341,30,48860,212052.4,4.34,0.14,457.18,,,FALSE,10/22/10,11/10/10,,
151-NG-T30,FPQ-5688,SO-37500,DN-2025,Nigeria,PMO - US,From RDC,N/A - From RDC,Air,ARV,Adult,SCMS from RDC,"Lamivudine 150mg, tablets, 60 Tabs",Lamivudine,Generic,150mg,Tablet,Hetero Unit III Hyderabad IN,86342,60,4100,9553,2.33,0.04,20.6,,,FALSE,10/22/10,11/10/10,,
110-ZM-T30,FPQ-5702,SO-36840,DN-2030,Zambia,PMO - US,From RDC,N/A - From RDC,Truck,ARV,Adult,SCMS from RDC,"Lamivudine/Stavudine 150/30mg, tablets, 60 Tabs",Lamivudine/Stavudine,Generic,150/30mg,Tablet - FDC,"Cipla, Goa, India",86343,60,40900,134152,3.28,0.05,289.23,3127,8109.92,TRUE,11/4/10,10/22/10,,
102-UG-T30,FPQ-6403,SO-37480,DN-2031,Uganda,PMO - US,From RDC,N/A - From RDC,Air,ARV,Adult,SCMS from RDC,"Lamivudine/Stavudine 150/30mg, tablets, 60 Tabs",Lamivudine/Stavudine,Generic,150/30mg,Tablet - FDC,"Cipla, Goa, India",86344,60,204,669.12,3.28,0.05,1.44,,,FALSE,10/20/10,10/26/10,,
151-NG-T30,FPQ-5688,SO-37500,DN-2025,Nigeria,PMO - US,From RDC,N/A - From RDC,Air,ARV,Adult,SCMS from RDC,"Tenofovir Disoproxil Fumarate 300mg, tablets, 30 Tabs",Tenofovir Disoproxil Fumarate,Generic,300mg,Tablet,Mylan (formerly Matrix) Nashik,86345,30,2500,18250,7.3,0.24,39.35,,,FALSE,10/22/10,11/10/10,,
104-CI-T30,FPQ-5925,SO-37150,DN-2035,Côte d'Ivoire,PMO - US,From RDC,N/A - From RDC,Truck,ARV,Adult,SCMS from RDC,"Tenofovir Disoproxil Fumarate 300mg, tablets, 30 Tabs",Tenofovir Disoproxil Fumarate,Generic,300mg,Tablet,Mylan (formerly Matrix) Nashik,86346,30,2480,18104,7.3,0.24,39.03,,,FALSE,11/30/10,11/26/10,,
104-CI-T30,FPQ-5925,SO-37150,DN-2035,Côte d'Ivoire,PMO - US,From RDC,N/A - From RDC,Truck,ARV,Pediatric,SCMS from RDC,"Didanosine 200mg, chewable/dispersible tablets, 60 Tabs",Didanosine,Generic,200mg,Chewable/dispersible tablet,"Aurobindo Unit III, India",86347,60,1192,18476,15.5,0.26,39.83,,,FALSE,11/30/10,11/26/10,,
151-NG-T30,FPQ-5023,SO-36463,DN-2045,Nigeria,PMO - US,From RDC,N/A - From RDC,Air Charter,ARV,Adult,SCMS from RDC,"Nevirapine 200mg, tablets, 60 Tabs",Nevirapine,Generic,200mg,Tablet,"Aurobindo Unit III, India",86348,60,34650,89397,2.58,0.04,192.74,3934,20264.93,TRUE,11/16/10,11/10/10,,
151-NG-T30,FPQ-5688,SO-37920,DN-2047,Nigeria,PMO - US,From RDC,N/A - From RDC,Air Charter,ARV,Adult,SCMS from RDC,"Nevirapine 200mg, tablets, 60 Tabs",Nevirapine,Generic,200mg,Tablet,"Aurobindo Unit III, India",86349,60,11022,28436.76,2.58,0.04,61.31,,,FALSE,11/18/10,11/9/10,,
111-MZ-T30,FPQ-5126,SO-37520,DN-2052,Mozambique,PMO - US,From RDC,N/A - From RDC,Truck,ARV,Adult,SCMS from RDC,"Lamivudine/Nevirapine/Zidovudine 150/200/300mg, tablets, 60 Tabs",Lamivudine/Nevirapine/Zidovudine,Generic,150/300/200mg,Tablet - FDC,"Aurobindo Unit III, India",86350,60,120099,1347510.8,11.22,0.19,2905.23,16015,12239.88,TRUE,12/14/10,1/7/11,,
110-ZM-T30,FPQ-5702,SO-36851,DN-2053,Zambia,PMO - US,From RDC,N/A - From RDC,Truck,ARV,Adult,SCMS from RDC,"Efavirenz 600mg, tablets, 30 Tabs",Efavirenz,Generic,600mg,Tablet,Mylan (formerly Matrix) Nashik,86351,30,170000,768400,4.52,0.15,1656.67,,,FALSE,11/26/10,12/3/10,,
110-ZM-T30,FPQ-5702,SO-36851,DN-2053,Zambia,PMO - US,From RDC,N/A - From RDC,Truck,ARV,Adult,SCMS from RDC,"Emtricitabine/Tenofovir Disoproxil Fumarate 200/300mg, tablets, 30 Tabs",Emtricitabine/Tenofovir Disoproxil Fumarate,Generic,200/300mg,Tablet - FDC,Mylan (formerly Matrix) Nashik,86352,30,59446,698490.5,11.75,0.39,1505.95,,,FALSE,11/26/10,12/3/10,,
102-UG-T30,FPQ-6403,SO-37470,DN-2056,Uganda,PMO - US,From RDC,N/A - From RDC,Air,ARV,Adult,SCMS from RDC,"Nevirapine 200mg, tablets, 60 Tabs",Nevirapine,Generic,200mg,Tablet,Hetero Unit III Hyderabad IN,86353,60,10685,28422.1,2.66,0.04,61.28,,,FALSE,12/2/10,11/29/10,,
104-CI-T30,FPQ-5925,SO-37650,DN-2061,Côte d'Ivoire,PMO - US,From RDC,N/A - From RDC,Truck,ARV,Adult,SCMS from RDC,"Nevirapine 200mg, tablets, 60 Tabs",Nevirapine,Generic,200mg,Tablet,"Strides, Bangalore, India.",86354,60,100425,267130.5,2.66,0.04,575.93,6880,7826.75,TRUE,11/30/10,12/22/10,,
200-DO-T30,FPQ-6616,SO-38020,DN-2065,Dominican Republic,PMO - US,From RDC,N/A - From RDC,Air,ARV,Adult,SCMS from RDC,"Lamivudine/Zidovudine 150/300mg, tablets, 60 Tabs",Lamivudine/Zidovudine,Generic,150/300mg,Tablet - FDC,"Aurobindo Unit III, India",86355,60,16000,136800,8.55,0.14,225.72,,,FALSE,1/31/11,12/8/10,,
200-DO-T30,FPQ-6616,SO-38020,DN-2065,Dominican Republic,PMO - US,From RDC,N/A - From RDC,Air,ARV,Adult,SCMS from RDC,"Lamivudine 150mg, tablets, 60 Tabs",Lamivudine,Generic,150mg,Tablet,"Strides, Bangalore, India.",86356,60,439,1022.87,2.33,0.04,1.69,,,FALSE,1/31/11,12/8/10,,
114-UG-T30,FPQ-6438,SO-37670,DN-2068,Uganda,PMO - US,From RDC,N/A - From RDC,Truck,ARV,Adult,SCMS from RDC,"Lamivudine/Zidovudine 150/300mg, tablets, 60 Tabs",Lamivudine/Zidovudine,Generic,150/300mg,Tablet - FDC,Hetero Unit III Hyderabad IN,86357,60,3570,30523.5,8.55,0.14,65.81,294,2894,TRUE,12/15/10,12/1/10,,
104-CI-T30,FPQ-6144,SO-38130,DN-2076,Côte d'Ivoire,PMO - US,From RDC,N/A - From RDC,Air,ARV,Adult,SCMS from RDC,"Zidovudine 300mg, tablets, 60 Tabs",Zidovudine,Generic,300mg,Tablet,"Aurobindo Unit III, India",86358,60,6438,46417.98,7.21,0.12,100.08,,,FALSE,12/15/10,12/15/10,,
110-ZM-T30,FPQ-6221,SO-37331,DN-2087,Zambia,PMO - US,From RDC,N/A - From RDC,Truck,ARV,Adult,SCMS from RDC,"Nevirapine 200mg, tablets, 60 Tabs",Nevirapine,Generic,200mg,Tablet,Hetero Unit III Hyderabad IN,86359,60,100000,266000,2.66,0.04,573.5,6206,13411.32,TRUE,1/31/11,1/24/11,,
202-GT-T30,FPQ-6943,SO-38260,DN-2089,Guatemala,PMO - US,From RDC,N/A - From RDC,Air,ARV,Adult,SCMS from RDC,"Nevirapine 200mg, tablets, 60 Tabs",Nevirapine,Generic,200mg,Tablet,"Aurobindo Unit III, India",86360,60,879,2267.82,2.58,0.04,3.74,,,FALSE,1/31/11,1/24/11,,
151-NG-T30,FPQ-6243,SO-38320,DN-2090,Nigeria,PMO - US,From RDC,N/A - From RDC,Air Charter,ARV,Adult,SCMS from RDC,"Efavirenz 600mg, tablets, 30 Tabs",Efavirenz,Generic,600mg,Tablet,"Aurobindo Unit III, India",86361,30,51140,221947.6,4.34,0.14,478.52,,,FALSE,2/22/11,2/16/11,,
151-NG-T30,FPQ-6243,SO-38320,DN-2090,Nigeria,PMO - US,From RDC,N/A - From RDC,Air Charter,ARV,Adult,SCMS from RDC,"Lamivudine/Nevirapine/Stavudine 150/200/30mg, tablets, 60 Tabs",Lamivudine/Nevirapine/Stavudine,Generic,150/200/30mg,Tablet - FDC,"Strides, Bangalore, India.",86362,60,1000,5560,5.56,0.09,11.99,,,FALSE,2/22/11,2/16/11,,
151-NG-T30,FPQ-6243,SO-38390,DN-2101,Nigeria,PMO - US,From RDC,N/A - From RDC,Air Charter,ARV,Adult,SCMS from RDC,"Efavirenz 600mg, tablets, 30 Tabs",Efavirenz,Generic,600mg,Tablet,Mylan (formerly Matrix) Nashik,86363,30,20418,88614.12,4.34,0.14,191.05,,,FALSE,2/17/11,2/16/11,,
151-NG-T30,FPQ-6800,SO-38340,DN-2093,Nigeria,PMO - US,From RDC,N/A - From RDC,Air Charter,ARV,Adult,SCMS from RDC,"Lamivudine/Nevirapine/Zidovudine 150/200/300mg, tablets, 60 Tabs",Lamivudine/Nevirapine/Zidovudine,Generic,150/300/200mg,Tablet - FDC,"Aurobindo Unit III, India",86364,60,77333,867676.25,11.22,0.19,1431.67,11276,43548,TRUE,2/21/11,2/16/11,,
114-UG-T30,FPQ-6614,SO-37990,DN-2077,Uganda,PMO - US,From RDC,N/A - From RDC,Air,ARV,Adult,SCMS from RDC,"Efavirenz 600mg, tablets, 30 Tabs",Efavirenz,Generic,600mg,Tablet,"Emcure Plot No.P-2, I.T-B.T. Park, Phase II, MIDC, Hinjwadi, Pune, India",86365,30,2550,11526,4.52,0.15,19.02,,,FALSE,2/8/11,12/23/10,,
110-ZM-T30,FPQ-6222,SO-38590,DN-2115,Zambia,PMO - US,From RDC,N/A - From RDC,Air,ARV,Adult,SCMS from RDC,"Abacavir 300mg, tablets, 60 Tabs",Abacavir,Generic,300mg,Tablet,Mylan (formerly Matrix) Nashik,86366,60,16200,251100,15.5,0.26,541.37,1583,8098.12,TRUE,2/28/11,3/16/11,,
104-CI-T30,FPQ-5925,SO-38090,DN-2105,Côte d'Ivoire,PMO - US,From RDC,N/A - From RDC,Air,ARV,Pediatric,SCMS from RDC,"Nevirapine 10mg/ml, oral suspension w/syringe, Bottle, 240 ml",Nevirapine,Generic,10mg/ml,Oral suspension,"Aurobindo Unit III, India",86367,240,2084,4063.8,1.95,0.01,8.76,794,8758.36,TRUE,2/16/11,2/22/11,,
104-CI-T30,FPQ-6495,SO-37720,DN-2122,Côte d'Ivoire,PMO - US,From RDC,N/A - From RDC,Air,ARV,Pediatric,SCMS from RDC,"Nevirapine 10mg/ml, oral suspension w/syringe, Bottle, 240 ml",Nevirapine,Generic,10mg/ml,Oral suspension,"Aurobindo Unit III, India",86368,240,2006,3911.7,1.95,0.01,8.43,,,FALSE,3/31/11,3/15/11,,
104-CI-T30,FPQ-6495,SO-37720,DN-2122,Côte d'Ivoire,PMO - US,From RDC,N/A - From RDC,Air,ARV,Adult,SCMS from RDC,"Nevirapine 200mg, tablets, 60 Tabs",Nevirapine,Generic,200mg,Tablet,"Aurobindo Unit III, India",86369,60,50000,125500,2.51,0.04,270.58,,,FALSE,3/31/11,3/15/11,,
104-CI-T30,FPQ-6891,SO-38530,DN-2140,Côte d'Ivoire,PMO - US,From RDC,N/A - From RDC,Air,ARV,Adult,SCMS from RDC,"Stavudine 15mg, capsules, 60 Caps",Stavudine,Generic,15mg,Capsule,"Aurobindo Unit III, India",86371,60,1059,1588.5,1.5,0.02,2.62,,,FALSE,3/31/11,3/29/11,,
110-ZM-T30,FPQ-6677,SO-38050,DN-2143,Zambia,PMO - US,From RDC,N/A - From RDC,Truck,ARV,Adult,SCMS from RDC,"Abacavir 300mg, tablets, 60 Tabs",Abacavir,Generic,300mg,Tablet,Mylan (formerly Matrix) Nashik,86372,60,20000,317800,15.89,0.26,524.37,,,FALSE,4/15/11,4/5/11,,
114-UG-T30,FPQ-6614,SO-37970,DN-2145,Uganda,PMO - US,From RDC,N/A - From RDC,Air,ARV,Adult,SCMS from RDC,"Nevirapine 200mg, tablets, 60 Tabs",Nevirapine,Generic,200mg,Tablet,"Strides, Bangalore, India.",86373,60,972,2507.76,2.58,0.04,4.14,58,5596.5,TRUE,4/5/11,4/1/11,,
104-CI-T30,FPQ-6891,SO-38540,DN-2153,Côte d'Ivoire,PMO - US,From RDC,N/A - From RDC,Air,ARV,Adult,SCMS from RDC,"Emtricitabine/Tenofovir Disoproxil Fumarate 200/300mg, tablets, 30 Tabs",Emtricitabine/Tenofovir Disoproxil Fumarate,Generic,200/300mg,Tablet - FDC,Mylan (formerly Matrix) Nashik,86374,30,14440,157684.8,10.92,0.36,260.18,,,FALSE,4/20/11,6/10/11,,
109-TZ-T30,FPQ-7347,SO-39010,DN-2151,Tanzania,PMO - US,From RDC,N/A - From RDC,Air,ARV,Adult,SCMS from RDC,"Efavirenz 600mg, tablets, 30 Tabs",Efavirenz,Generic,600mg,Tablet,Hetero Unit III Hyderabad IN,86375,30,27769,117185.18,4.22,0.14,193.36,,,FALSE,4/7/11,3/31/11,,
151-NG-T30,FPQ-6800,SO-39180,DN-2168,Nigeria,PMO - US,From RDC,N/A - From RDC,Air Charter,ARV,Adult,SCMS from RDC,"Efavirenz/Emtricitabine/Tenofovir Disoproxil Fumarate 600/200/300mg, tablets, 30 Tabs",Efavirenz/Emtricitabine/Tenofovir Disoproxil Fumarate,Generic,600/200/300mg,Tablet - FDC,Mylan (formerly Matrix) Nashik,86376,30,30000,597600,19.92,0.66,986.04,3272,12601.07,TRUE,6/21/11,5/11/11,,
151-NG-T30,FPQ-6800,SO-39190,DN-2169,Nigeria,PMO - US,From RDC,N/A - From RDC,Air Charter,ARV,Adult,SCMS from RDC,"Lamivudine 150mg, tablets, 60 Tabs",Lamivudine,Generic,150mg,Tablet,"Aurobindo Unit III, India",86377,60,21200,49396,2.33,0.04,81.5,1012,12601.07,TRUE,6/21/11,5/10/11,,
200-ZW-T30,FPQ-6483,SO-39290,DN-2180,Zimbabwe,PMO - US,From RDC,N/A - From RDC,Truck,ARV,Pediatric,SCMS from RDC,"Lamivudine/Zidovudine 30/60mg, tablets, 60 Tabs",Lamivudine/Zidovudine,Generic,30/60mg,Tablet - FDC,"Aurobindo Unit III, India",86378,60,1884,6123,3.25,0.05,13.2,,,FALSE,4/20/11,5/20/11,,
111-MZ-T30,FPQ-7053,SO-39300,DN-2185,Mozambique,PMO - US,From RDC,N/A - From RDC,Truck,ARV,Adult,SCMS from RDC,"Efavirenz 600mg, tablets, 30 Tabs",Efavirenz,Generic,600mg,Tablet,"Aurobindo Unit III, India",86379,30,23450,101304,4.32,0.14,167.15,2068,3936.86,TRUE,5/31/11,5/25/11,,
110-ZM-T30,FPQ-6482,SO-38970,DN-2154,Zambia,PMO - US,From RDC,N/A - From RDC,Truck,ARV,Adult,SCMS from RDC,"Nevirapine 200mg, tablets, 60 Tabs",Nevirapine,Generic,200mg,Tablet,Hetero Unit III Hyderabad IN,86380,60,10927,27426.77,2.51,0.04,59.13,,,FALSE,4/11/11,5/20/11,,
114-UG-T30,FPQ-7162,SO-38810,DN-2191,Uganda,PMO - US,From RDC,N/A - From RDC,Truck,ARV,Adult,SCMS from RDC,"Nevirapine 200mg, tablets, 60 Tabs",Nevirapine,Generic,200mg,Tablet,"Strides, Bangalore, India.",86381,60,10500,26355,2.51,0.04,43.49,,,FALSE,5/11/11,5/24/11,,
114-UG-T30,FPQ-7162,SO-39330,DN-2192,Uganda,PMO - US,From RDC,N/A - From RDC,Truck,ARV,Adult,SCMS from RDC,"Lamivudine/Zidovudine 150/300mg, tablets, 60 Tabs",Lamivudine/Zidovudine,Generic,150/300mg,Tablet - FDC,"Aurobindo Unit III, India",86382,60,14893,123016.18,8.26,0.14,202.98,,,FALSE,5/11/11,5/24/11,,
200-ZW-T30,FPQ-6483,SO-37880,DN-2203,Zimbabwe,PMO - US,From RDC,N/A - From RDC,Truck,ARV,Pediatric,SCMS from RDC,"Lamivudine/Nevirapine/Zidovudine 30/50/60mg, dispersible tablets, 60 Tabs",Lamivudine/Nevirapine/Zidovudine,Generic,30/50/60mg,Chewable/dispersible tablet - FDC,Mylan (formerly Matrix) Nashik,86384,60,20000,85000,4.25,0.07,183.26,,,FALSE,5/31/11,6/13/11,,
151-NG-T30,FPQ-7217,SO-39610,DN-2225,Nigeria,PMO - US,From RDC,N/A - From RDC,Air Charter,ARV,Adult,SCMS from RDC,"Lamivudine/Nevirapine/Zidovudine 150/200/300mg, tablets, 60 Tabs",Lamivudine/Nevirapine/Zidovudine,Generic,150/300/200mg,Tablet - FDC,Mylan (formerly Matrix) Nashik,86385,60,87357,980145.56,11.22,0.19,1617.24,,,FALSE,6/15/11,7/6/11,,
110-ZM-T30,FPQ-7232,SO-39020,DN-2226,Zambia,PMO - US,From RDC,N/A - From RDC,Air,ARV,Pediatric,SCMS from RDC,"Nevirapine 10mg/ml, oral suspension, Bottle, 240 ml",Nevirapine,Generic,10mg/ml,Oral suspension,"Aurobindo Unit III, India",86386,240,10000,18000,1.8,0.01,29.7,3637,9499.46,TRUE,5/11/11,6/13/11,,
151-NG-T30,FPQ-6800,SO-39690,DN-2228,Nigeria,PMO - US,From RDC,N/A - From RDC,Air Charter,ARV,Adult,SCMS from RDC,"Nevirapine 200mg, tablets, 60 Tabs",Nevirapine,Generic,200mg,Tablet,"Strides, Bangalore, India.",86387,60,17376,43613.76,2.51,0.04,71.96,1237,13398.06,TRUE,6/21/11,7/5/11,,
151-NG-T30,FPQ-7217,SO-39700,DN-2229,Nigeria,PMO - US,From RDC,N/A - From RDC,Air Charter,ARV,Adult,SCMS from RDC,"Nevirapine 200mg, tablets, 60 Tabs",Nevirapine,Generic,200mg,Tablet,"Strides, Bangalore, India.",86388,60,64995,163137.45,2.51,0.04,269.18,4618,13398.06,TRUE,6/15/11,7/6/11,,
105-GY-T30,FPQ-7621,SO-39720,DN-2231,Guyana,PMO - US,From RDC,N/A - From RDC,Air,ARV,Adult,SCMS from RDC,"Zidovudine 300mg, tablets, 60 Tabs",Zidovudine,Generic,300mg,Tablet,"Aurobindo Unit III, India",86389,60,917,6437.34,7.02,0.12,10.62,,,FALSE,10/27/11,6/15/11,,
100-BJ-T30,FPQ-7658,SO-39790,DN-2237,Benin,PMO - US,From RDC,N/A - From RDC,Air,ARV,Adult,SCMS from RDC,"Nevirapine 200mg, tablets, 60 Tabs",Nevirapine,Generic,200mg,Tablet,"Strides, Bangalore, India.",86390,60,14081,35343.31,2.51,0.04,58.32,,,FALSE,6/13/11,6/9/11,,
110-ZM-T30,FPQ-6482,SO-37800,DN-2238,Zambia,PMO - US,From RDC,N/A - From RDC,Truck,ARV,Adult,SCMS from RDC,"Nevirapine 200mg, tablets, 60 Tabs",Nevirapine,Generic,200mg,Tablet,Hetero Unit III Hyderabad IN,86391,60,31043,77917.93,2.51,0.04,167.99,1785,7962.25,TRUE,4/30/11,6/20/11,,
104-CI-T30,FPQ-6891,SO-39870,DN-2247,Côte d'Ivoire,PMO - US,From RDC,N/A - From RDC,Air,ARV,Pediatric,SCMS from RDC,"Zidovudine 10mg/ml, oral solution w/syringe, Bottle, 240 ml",Zidovudine,Generic,10mg/ml,Oral solution,"Aurobindo Unit III, India",86392,240,4965,10426.5,2.1,0.01,17.2,1784,2503.33,TRUE,6/30/11,6/26/11,,
106-HT-T30,FPQ-6801,SO-39910,DN-2263,Haiti,PMO - US,From RDC,N/A - From RDC,Air,ARV,Pediatric,SCMS from RDC,"Efavirenz 200mg, capsule, 90 Caps",Efavirenz,Generic,200mg,Capsule,"Aurobindo Unit III, India",86393,90,630,6104.7,9.69,0.11,10.07,,,FALSE,7/19/11,6/28/11,,
111-MZ-T30,FPQ-7053,SO-39830,DN-2264,Mozambique,PMO - US,From RDC,N/A - From RDC,Truck,ARV,Pediatric,SCMS from RDC,"Zidovudine 10mg/ml, oral solution w/syringe, Bottle, 240 ml",Zidovudine,Generic,10mg/ml,Oral solution,"Aurobindo Unit III, India",86394,240,6250,12625,2.02,0.01,20.83,2409,3525.03,TRUE,8/31/11,9/1/11,,
151-NG-T30,FPQ-7217,SO-40170,DN-2286,Nigeria,PMO - US,From RDC,N/A - From RDC,Air Charter,ARV,Adult,SCMS from RDC,"Lamivudine/Tenofovir Disoproxil Fumarate 300/300mg, tablets, 30 Tabs",Lamivudine/Tenofovir Disoproxil Fumarate,Generic,300/300mg,Tablet - FDC,Mylan (formerly Matrix) Nashik,86395,30,29349,258858.19,8.82,0.29,427.12,2808,13398.06,TRUE,7/22/11,7/6/11,,
114-UG-T30,FPQ-7162,SO-38801,DN-2297,Uganda,PMO - US,From RDC,N/A - From RDC,Truck,ARV,Adult,SCMS from RDC,"Nevirapine 200mg, tablets, 60 Tabs",Nevirapine,Generic,200mg,Tablet,"Strides, Bangalore, India.",86396,60,11549,28987.99,2.51,0.04,47.83,,,FALSE,8/5/11,8/5/11,,
111-MZ-T30,FPQ-7053,SO-38633,DN-2302,Mozambique,PMO - US,From RDC,N/A - From RDC,Truck,ARV,Adult,SCMS from RDC,"Lamivudine/Zidovudine 150/300mg, tablets, 60 Tabs",Lamivudine/Zidovudine,Generic,150/300mg,Tablet - FDC,"Aurobindo Unit VII, IN",86397,60,26308,224933.4,8.55,0.14,371.14,,,FALSE,8/31/11,9/15/11,,
104-CI-T30,FPQ-7659,SO-40121,DN-2304,Côte d'Ivoire,PMO - US,From RDC,N/A - From RDC,Air,ARV,Adult,SCMS from RDC,"Emtricitabine/Tenofovir Disoproxil Fumarate 200/300mg, tablets, 30 Tabs",Emtricitabine/Tenofovir Disoproxil Fumarate,Generic,200/300mg,Tablet - FDC,"Aurobindo Unit III, India",86398,30,17251,181825.55,10.54,0.35,300.01,,,FALSE,9/27/11,9/12/11,,
151-NG-T30,FPQ-7217,SO-39161,DN-2305,Nigeria,PMO - US,From RDC,N/A - From RDC,Air,ARV,Adult,SCMS from RDC,"Lamivudine/Nevirapine/Stavudine 150/200/30mg, tablets, 60 Tabs",Lamivudine/Nevirapine/Stavudine,Generic,150/200/30mg,Tablet - FDC,"Cipla, Goa, India",86399,60,2000,11120,5.56,0.09,18.35,209,2136.53,TRUE,8/31/11,8/3/11,,
114-UG-T30,FPQ-8048,SO-40220,DN-2313,Uganda,PMO - US,From RDC,N/A - From RDC,Truck,ARV,Adult,SCMS from RDC,"Zidovudine 300mg, tablets, 60 Tabs",Zidovudine,Generic,300mg,Tablet,Hetero Unit III Hyderabad IN,86400,60,1684,11821.68,7.02,0.12,19.51,,,FALSE,9/22/11,8/26/11,,
104-CI-T30,FPQ-7659,SO-40130,DN-2319,Côte d'Ivoire,PMO - US,From RDC,N/A - From RDC,Air,ARV,Adult,SCMS from RDC,"Lamivudine 150mg, tablets, 60 Tabs",Lamivudine,Generic,150mg,Tablet,Hetero Unit III Hyderabad IN,86401,60,17820,41520.6,2.33,0.04,68.51,955,12606.03,TRUE,9/27/11,9/10/11,,
900-GH-T30,FPQ-7866,SO-40000,DN-2320,Ghana,PMO - US,From RDC,N/A - From RDC,Air,ARV,Adult,SCMS from RDC,"Nevirapine 200mg, tablets, 60 Tabs",Nevirapine,Generic,200mg,Tablet,Hetero Unit III Hyderabad IN,86402,60,45084,113160.84,2.51,0.04,186.72,,,FALSE,11/14/11,11/14/11,,
110-ZM-T30,FPQ-7085,SO-38741,DN-2322,Zambia,PMO - US,From RDC,N/A - From RDC,Truck,ARV,Adult,SCMS from RDC,"Nevirapine 200mg, tablets, 60 Tabs",Nevirapine,Generic,200mg,Tablet,Mylan (formerly Matrix) Nashik,86403,60,25000,62750,2.51,0.04,103.54,,,FALSE,9/29/11,8/29/11,,
113-ZW-T30,FPQ-7052,SO-38511,DN-2324,Zimbabwe,PMO - US,From RDC,N/A - From RDC,Truck,ARV,Adult,SCMS from RDC,"Efavirenz 600mg, tablets, 30 Tabs",Efavirenz,Generic,600mg,Tablet,Hetero Unit III Hyderabad IN,86404,30,6392,26974.24,4.22,0.14,44.51,,,FALSE,9/30/11,9/19/11,,
114-UG-T30,FPQ-7162,SO-38800,DN-2329,Uganda,PMO - US,From RDC,N/A - From RDC,Truck,ARV,Adult,SCMS from RDC,"Lamivudine/Tenofovir Disoproxil Fumarate 300/300mg, tablets, 30 Tabs",Lamivudine/Tenofovir Disoproxil Fumarate,Generic,300/300mg,Tablet - FDC,Mylan (formerly Matrix) Nashik,86405,30,30000,246900,8.23,0.27,407.38,,,FALSE,8/5/11,8/24/11,,
111-MZ-T30,FPQ-7053,SO-38691,DN-2330,Mozambique,PMO - US,From RDC,N/A - From RDC,Truck,ARV,Pediatric,SCMS from RDC,"Zidovudine 10mg/ml, oral solution w/syringe, Bottle, 240 ml",Zidovudine,Generic,10mg/ml,Oral solution,"Aurobindo Unit III, India",86406,240,1822,3680.44,2.02,0.01,6.07,707,826.26,TRUE,11/30/11,11/30/11,,
114-UG-T30,FPQ-7267,SO-39070,DN-2333,Uganda,PMO - US,From RDC,N/A - From RDC,Truck,ARV,Adult,SCMS from RDC,"Efavirenz/Emtricitabine/Tenofovir Disoproxil Fumarate 600/200/300mg, tablets, 30 Tabs",Efavirenz/Emtricitabine/Tenofovir Disoproxil Fumarate,Generic,600/200/300mg,Tablet - FDC,Mylan (formerly Matrix) Nashik,86408,30,3360,66931.2,19.92,0.66,110.44,617,2886.92,TRUE,9/20/11,9/6/11,,
104-CI-T30,FPQ-7659,SO-40122,DN-2339,Côte d'Ivoire,PMO - US,From RDC,N/A - From RDC,Air,ARV,Adult,SCMS from RDC,"Lamivudine/Zidovudine 150/300mg, tablets, 60 Tabs",Lamivudine/Zidovudine,Generic,150/300mg,Tablet - FDC,Mylan (formerly Matrix) Nashik,86409,60,75420,622969.2,8.26,0.14,1027.9,,,FALSE,10/12/11,10/12/11,,
113-ZW-T30,FPQ-7052,SO-38512,DN-2343,Zimbabwe,PMO - US,From RDC,N/A - From RDC,Truck,ARV,Adult,SCMS from RDC,"Lamivudine/Tenofovir Disoproxil Fumarate 300/300mg, tablets, 30 Tabs",Lamivudine/Tenofovir Disoproxil Fumarate,Generic,300/300mg,Tablet - FDC,Mylan (formerly Matrix) Nashik,86410,30,10114,83238.22,8.23,0.27,137.34,,,FALSE,9/30/11,10/7/11,,
114-UG-T30,FPQ-7162,SO-38803,DN-2344,Uganda,PMO - US,From RDC,N/A - From RDC,Truck,ARV,Adult,SCMS from RDC,"Efavirenz 600mg, tablets, 30 Tabs",Efavirenz,Generic,600mg,Tablet,"Strides, Bangalore, India.",86411,30,2688,11343.36,4.22,0.14,18.72,,,FALSE,9/30/11,9/26/11,,
105-GY-T30,FPQ-8024,SO-40450,DN-2361,Guyana,PMO - US,From RDC,N/A - From RDC,Air,ARV,Pediatric,SCMS from RDC,"Efavirenz 50mg, capsule, 30 Caps",Efavirenz,Generic,50mg,Capsule,"Aurobindo Unit III, India",86412,30,61,136.64,2.24,0.07,0.23,,,FALSE,12/15/11,9/28/11,,
105-GY-T30,FPQ-8024,SO-40450,DN-2361,Guyana,PMO - US,From RDC,N/A - From RDC,Air,ARV,Pediatric,SCMS from RDC,"Zidovudine 100mg, capsules, 100 Caps",Zidovudine,Generic,100mg,Capsule,"Aurobindo Unit III, India",86413,100,423,2013.48,4.76,0.05,3.32,,,FALSE,12/15/11,9/28/11,,
151-NG-T30,FPQ-7217,SO-38920,DN-2376,Nigeria,PMO - US,From RDC,N/A - From RDC,Air Charter,ARV,Adult,SCMS from RDC,"Efavirenz/Emtricitabine/Tenofovir Disoproxil Fumarate 600/200/300mg, tablets, 30 Tabs",Efavirenz/Emtricitabine/Tenofovir Disoproxil Fumarate,Generic,600/200/300mg,Tablet - FDC,Mylan (formerly Matrix) Nashik,86414,30,2389,47588.88,19.92,0.66,78.52,277,18495.9,TRUE,6/15/11,9/28/11,,
151-NG-T30,FPQ-7812,SO-40720,DN-2378,Nigeria,PMO - US,From RDC,N/A - From RDC,Air Charter,ARV,Adult,SCMS from RDC,"Efavirenz/Emtricitabine/Tenofovir Disoproxil Fumarate 600/200/300mg, tablets, 30 Tabs",Efavirenz/Emtricitabine/Tenofovir Disoproxil Fumarate,Generic,600/200/300mg,Tablet - FDC,Mylan (formerly Matrix) Nashik,86415,30,90932,1811365.5,19.92,0.66,2988.75,10428,18495.9,TRUE,11/3/11,9/28/11,,
110-ZM-T30,FPQ-8383,SO-40741,DN-2400,Zambia,PMO - US,From RDC,N/A - From RDC,Truck,ARV,Adult,SCMS from RDC,"Emtricitabine/Tenofovir Disoproxil Fumarate 200/300mg, tablets, 30 Tabs",Emtricitabine/Tenofovir Disoproxil Fumarate,Generic,200/300mg,Tablet - FDC,Mylan (formerly Matrix) Nashik,86417,30,10015,89834.55,8.97,0.3,148.23,819,2882.6,TRUE,1/19/12,11/4/11,,
900-GH-T30,FPQ-7866,SO-40020,DN-2404,Ghana,PMO - US,From RDC,N/A - From RDC,Air,ARV,Adult,SCMS from RDC,"Tenofovir Disoproxil Fumarate 300mg, tablets, 30 Tabs",Tenofovir Disoproxil Fumarate,Generic,300mg,Tablet,Mylan (formerly Matrix) Nashik,86418,30,38760,248839.2,6.42,0.21,410.58,2169,985,TRUE,10/31/11,2/28/12,,
109-TZ-T30,FPQ-8303,SO-40522,DN-2413,Tanzania,PMO - US,From RDC,N/A - From RDC,Truck,ARV,Pediatric,SCMS from RDC,"Nevirapine 10mg/ml, oral suspension w/syringe, Bottle, 240 ml",Nevirapine,Generic,10mg/ml,Oral suspension,"Aurobindo Unit III, India",86419,240,2374,4629.3,1.95,0.01,7.64,888,4417.96,TRUE,12/29/11,11/15/11,,
111-MZ-T30,FPQ-7053,SO-38640,DN-2415,Mozambique,PMO - US,From RDC,N/A - From RDC,Truck,ARV,Pediatric,SCMS from RDC,"Nevirapine 10mg/ml, oral suspension w/syringe, Bottle, 240 ml",Nevirapine,Generic,10mg/ml,Oral suspension,"Aurobindo Unit III, India",86420,240,10070,19636.5,1.95,0.01,32.4,3787,2451.86,TRUE,12/15/11,12/14/11,,
110-ZM-T30,FPQ-8113,SO-40290,DN-2424,Zambia,PMO - US,From RDC,N/A - From RDC,Truck,ARV,Adult,SCMS from RDC,"Lamivudine/Zidovudine 150/300mg, tablets, 60 Tabs",Lamivudine/Zidovudine,Generic,150/300mg,Tablet - FDC,"Aurobindo Unit VII, IN",86421,60,85000,702100,8.26,0.14,1158.46,8296,9978.08,TRUE,12/27/11,11/28/11,,
110-ZM-T30,FPQ-8383,SO-40742,DN-2433,Zambia,PMO - US,From RDC,N/A - From RDC,Truck,ARV,Adult,SCMS from RDC,"Emtricitabine/Tenofovir Disoproxil Fumarate 200/300mg, tablets, 30 Tabs",Emtricitabine/Tenofovir Disoproxil Fumarate,Generic,200/300mg,Tablet - FDC,Mylan (formerly Matrix) Nashik,86422,30,50000,448500,8.97,0.3,740.02,4155,6968.97,TRUE,1/19/12,11/28/11,,
114-UG-T30,FPQ-8520,SO-40911,DN-2435,Uganda,PMO - US,From RDC,N/A - From RDC,Truck,ARV,Adult,SCMS from RDC,"Lamivudine/Nevirapine/Zidovudine 150/200/300mg, tablets, 60 Tabs",Lamivudine/Nevirapine/Zidovudine,Generic,150/300/200mg,Tablet - FDC,Mylan (formerly Matrix) Nashik,86423,60,35000,385000,11,0.18,635.25,,,FALSE,1/9/12,12/1/11,,
114-UG-T30,FPQ-8520,SO-40911,DN-2435,Uganda,PMO - US,From RDC,N/A - From RDC,Truck,ARV,Adult,SCMS from RDC,"Nevirapine 200mg, tablets, 60 Tabs",Nevirapine,Generic,200mg,Tablet,"Strides, Bangalore, India.",86424,60,4466,11522.28,2.58,0.04,19.01,,,FALSE,1/9/12,12/1/11,,
107-RW-T30,FPQ-8716,SO-41050,DN-2438,Rwanda,PMO - US,From RDC,N/A - From RDC,Air,ARV,Pediatric,SCMS from RDC,"Abacavir 20mg/ml, oral solution w/syringe, Bottle, 240 ml",Abacavir,Generic,20mg/ml,Oral solution,"Aurobindo Unit III, India",86425,240,580,7250,12.5,0.05,10.16,214,2057.2,TRUE,12/5/11,11/20/11,,
104-CI-T30,FPQ-8363,SO-40821,DN-2448,Côte d'Ivoire,PMO - US,From RDC,N/A - From RDC,Truck,ARV,Adult,SCMS from RDC,"Efavirenz 600mg, tablets, 30 Tabs",Efavirenz,Generic,600mg,Tablet,"Strides, Bangalore, India.",86426,30,20076,84720.72,4.22,0.14,139.79,1223,3526.27,TRUE,3/2/12,12/5/11,,
104-CI-T30,FPQ-7659,SO-40120,DN-2449,Côte d'Ivoire,PMO - US,From RDC,N/A - From RDC,Air,ARV,Adult,SCMS from RDC,"Efavirenz 600mg, tablets, 30 Tabs",Efavirenz,Generic,600mg,Tablet,"Strides, Bangalore, India.",86427,30,7132,30097.04,4.22,0.14,49.66,434,3526.27,TRUE,12/30/11,12/5/11,,
151-NG-T30,FPQ-7812,SO-40727,DN-2450,Nigeria,PMO - US,From RDC,N/A - From RDC,Air Charter,ARV,Adult,SCMS from RDC,"Tenofovir Disoproxil Fumarate 300mg, tablets, 30 Tabs",Tenofovir Disoproxil Fumarate,Generic,300mg,Tablet,Mylan (formerly Matrix) Nashik,86428,30,361,2317.62,6.42,0.21,3.82,40,15322.73,TRUE,12/20/11,12/18/11,,
151-NG-T30,FPQ-8364,SO-40654,DN-2462,Nigeria,PMO - US,From RDC,N/A - From RDC,Air Charter,ARV,Adult,SCMS from RDC,"Nevirapine 200mg, tablets, 60 Tabs",Nevirapine,Generic,200mg,Tablet,"Strides, Bangalore, India.",86429,60,85722,221162.77,2.58,0.04,364.92,,,FALSE,3/2/12,12/18/11,,
151-NG-T30,FPQ-8364,SO-40661,DN-2465,Nigeria,PMO - US,From RDC,N/A - From RDC,Air Charter,ARV,Adult,SCMS from RDC,"Lamivudine/Nevirapine/Zidovudine 150/200/300mg, tablets, 60 Tabs",Lamivudine/Nevirapine/Zidovudine,Generic,150/300/200mg,Tablet - FDC,"Cipla, Goa, India",86430,60,99974,1121708.2,11.22,0.19,1850.82,,,FALSE,3/16/12,12/18/11,,
106-HT-T30,FPQ-7653,SO-39744,DN-2470,Haiti,PMO - US,From RDC,N/A - From RDC,Air,ARV,Adult,SCMS from RDC,"Efavirenz 600mg, tablets, 30 Tabs",Efavirenz,Generic,600mg,Tablet,"Strides, Bangalore, India.",86431,30,33600,141792,4.22,0.14,233.96,2047,20746.03,TRUE,1/31/12,1/17/12,,
105-GY-T30,FPQ-8621,SO-41020,DN-2482,Guyana,PMO - US,From RDC,N/A - From RDC,Air,ARV,Pediatric,SCMS from RDC,"Zidovudine 10mg/ml, oral solution w/syringe, Bottle, 240 ml",Zidovudine,Generic,10mg/ml,Oral solution,"Aurobindo Unit III, India",86432,240,369,774.9,2.1,0.01,1.09,103,2270.54,TRUE,1/27/12,1/18/12,,
114-UG-T30,FPQ-8522,SO-40930,DN-2489,Uganda,PMO - US,From RDC,N/A - From RDC,Truck,ARV,Adult,SCMS from RDC,"Lamivudine/Zidovudine 150/300mg, tablets, 60 Tabs",Lamivudine/Zidovudine,Generic,150/300mg,Tablet - FDC,"Aurobindo Unit III, India",86433,60,18528,153041.28,8.26,0.14,252.52,1713,15672.8,TRUE,2/16/12,2/3/12,,
101-CD-T30,FPQ-8840,SO-41130,DN-2492,"Congo, DRC",PMO - US,From RDC,N/A - From RDC,Air,ARV,Adult,SCMS from RDC,"Lamivudine/Zidovudine 150/300mg, tablets, 60 Tabs",Lamivudine/Zidovudine,Generic,150/300mg,Tablet - FDC,"Aurobindo Unit III, India",86435,60,20,165.2,8.26,0.14,0.23,,,FALSE,3/16/12,2/14/12,,
101-CD-T30,FPQ-8840,SO-41130,DN-2492,"Congo, DRC",PMO - US,From RDC,N/A - From RDC,Air,ARV,Adult,SCMS from RDC,"Lamivudine/Nevirapine/Zidovudine 150/200/300mg, tablets, 60 Tabs",Lamivudine/Nevirapine/Zidovudine,Generic,150/300/200mg,Tablet - FDC,Mylan (formerly Matrix) Nashik,86436,60,89,979,11,0.18,1.37,,,FALSE,3/16/12,2/14/12,,
101-CD-T30,FPQ-8840,SO-41130,DN-2492,"Congo, DRC",PMO - US,From RDC,N/A - From RDC,Air,ARV,Adult,SCMS from RDC,"Lopinavir/Ritonavir 200/50mg, tablets, 120 Tabs",Lopinavir/Ritonavir,Generic,200/50mg,Tablet,"Aurobindo Unit III, India",86437,120,11,371.14,33.74,0.28,0.52,,,FALSE,3/16/12,2/14/12,,
101-CD-T30,FPQ-8840,SO-41131,DN-2493,"Congo, DRC",PMO - US,From RDC,N/A - From RDC,Air,ARV,Adult,SCMS from RDC,"Efavirenz 600mg, tablets, 30 Tabs",Efavirenz,Generic,600mg,Tablet,"Strides, Bangalore, India.",86438,30,42,173.04,4.12,0.14,0.24,,,FALSE,3/16/12,2/14/12,,
101-CD-T30,FPQ-8840,SO-41133,DN-2495,"Congo, DRC",PMO - US,From RDC,N/A - From RDC,Air,ARV,Adult,SCMS from RDC,"Lopinavir/Ritonavir 200/50mg, tablets, 120 Tabs",Lopinavir/Ritonavir,Generic,200/50mg,Tablet,"Aurobindo Unit III, India",86439,120,23,776.02,33.74,0.28,1.09,,,FALSE,3/16/12,2/14/12,,
101-CD-T30,FPQ-8840,SO-41133,DN-2495,"Congo, DRC",PMO - US,From RDC,N/A - From RDC,Air,ARV,Adult,SCMS from RDC,"Nevirapine 200mg, tablets, 60 Tabs",Nevirapine,Generic,200mg,Tablet,"Strides, Bangalore, India.",86440,60,18,46.44,2.58,0.04,0.07,,,FALSE,3/16/12,2/14/12,,
101-CD-T30,FPQ-8840,SO-41135,DN-2497,"Congo, DRC",PMO - US,From RDC,N/A - From RDC,Air,ARV,Adult,SCMS from RDC,"Nevirapine 200mg, tablets, 60 Tabs",Nevirapine,Generic,200mg,Tablet,"Strides, Bangalore, India.",86441,60,21,54.18,2.58,0.04,0.08,,,FALSE,3/16/12,2/14/12,,
101-CD-T30,FPQ-8840,SO-41137,DN-2499,"Congo, DRC",PMO - US,From RDC,N/A - From RDC,Air,ARV,Adult,SCMS from RDC,"Efavirenz 600mg, tablets, 30 Tabs",Efavirenz,Generic,600mg,Tablet,"Strides, Bangalore, India.",86442,30,560,2307.2,4.12,0.14,3.23,,,FALSE,3/16/12,2/14/12,,
101-CD-T30,FPQ-8840,SO-41138,DN-2500,"Congo, DRC",PMO - US,From RDC,N/A - From RDC,Air,ARV,Adult,SCMS from RDC,"Abacavir 300mg, tablets, 60 Tabs",Abacavir,Generic,300mg,Tablet,Mylan (formerly Matrix) Nashik,86443,60,147,2150.61,14.63,0.24,3.02,,,FALSE,2/10/12,2/14/12,,
105-GY-T30,FPQ-8620,SO-41000,DN-2503,Guyana,PMO - US,From RDC,N/A - From RDC,Air,ARV,Adult,SCMS from RDC,"Stavudine 15mg, capsules, 60 Caps",Stavudine,Generic,15mg,Capsule,"Aurobindo Unit III, India",86444,60,12,15.84,1.32,0.02,0.02,,,FALSE,3/30/12,2/4/12,,
101-CD-T30,FPQ-8840,SO-41140,DN-2504,"Congo, DRC",PMO - US,From RDC,N/A - From RDC,Air,ARV,Adult,SCMS from RDC,"Zidovudine 300mg, tablets, 60 Tabs",Zidovudine,Generic,300mg,Tablet,Hetero Unit III Hyderabad IN,86445,60,166,1165.32,7.02,0.12,1.63,,,FALSE,3/16/12,4/3/12,,
101-CD-T30,FPQ-8840,SO-41141,DN-2505,"Congo, DRC",PMO - US,From RDC,N/A - From RDC,Air,ARV,Adult,SCMS from RDC,"Zidovudine 300mg, tablets, 60 Tabs",Zidovudine,Generic,300mg,Tablet,Hetero Unit III Hyderabad IN,86446,60,720,5054.4,7.02,0.12,7.09,,,FALSE,3/16/12,3/14/12,,
101-CD-T30,FPQ-8840,SO-41144,DN-2508,"Congo, DRC",PMO - US,From RDC,N/A - From RDC,Air,ARV,Pediatric,SCMS from RDC,"Nevirapine 10mg/ml, oral suspension w/syringe, Bottle, 240 ml",Nevirapine,Generic,10mg/ml,Oral suspension,"Aurobindo Unit III, India",86447,240,291,567.45,1.95,0.01,0.8,,,FALSE,3/16/12,3/14/12,,
101-CD-T30,FPQ-8840,SO-41144,DN-2508,"Congo, DRC",PMO - US,From RDC,N/A - From RDC,Air,ARV,Adult,SCMS from RDC,"Lamivudine/Tenofovir Disoproxil Fumarate 300/300mg, tablets, 30 Tabs",Lamivudine/Tenofovir Disoproxil Fumarate,Generic,300/300mg,Tablet - FDC,Mylan (formerly Matrix) Nashik,86448,30,36,218.88,6.08,0.2,0.31,,,FALSE,3/16/12,3/14/12,,
110-ZM-T30,FPQ-7767,SO-40270,DN-2513,Zambia,PMO - US,From RDC,N/A - From RDC,Truck,ARV,Adult,SCMS from RDC,"Zidovudine 300mg, tablets, 60 Tabs",Zidovudine,Generic,300mg,Tablet,Hetero Unit III Hyderabad IN,86449,60,20513,144001.27,7.02,0.12,237.6,,,FALSE,2/28/12,2/17/12,,
110-ZM-T30,FPQ-7667,SO-40240,DN-2515,Zambia,PMO - US,From RDC,N/A - From RDC,Truck,ARV,Pediatric,SCMS from RDC,"Nevirapine 10mg/ml, oral suspension w/syringe, Bottle, 240 ml",Nevirapine,Generic,10mg/ml,Oral suspension,"Aurobindo Unit III, India",86450,240,40126,78245.7,1.95,0.01,129.11,12360,11292.05,TRUE,2/29/12,2/17/12,,
106-HT-T30,FPQ-9056,SO-41320,DN-2521,Haiti,PMO - US,From RDC,N/A - From RDC,Air,ARV,Adult,SCMS from RDC,"Lamivudine/Stavudine 150/30mg, tablets, 60 Tabs",Lamivudine/Stavudine,Generic,150/30mg,Tablet - FDC,"Strides, Bangalore, India.",86451,60,432,1274.4,2.95,0.05,1.79,,,FALSE,3/30/12,2/13/12,,
106-HT-T30,FPQ-7653,SO-39740,DN-2534,Haiti,PMO - US,From RDC,N/A - From RDC,Air,ARV,Adult,SCMS from RDC,"Stavudine 20mg, capsules, 60 Caps",Stavudine,Generic,20mg,Capsule,"Aurobindo Unit III, India",86452,60,270,372.6,1.38,0.02,0.61,16,1109,TRUE,3/15/12,3/12/12,,
109-TZ-T30,FPQ-8297,SO-40612,DN-2543,Tanzania,PMO - US,From RDC,N/A - From RDC,Truck,ARV,Adult,SCMS from RDC,"Lamivudine/Zidovudine 150/300mg, tablets, 60 Tabs",Lamivudine/Zidovudine,Generic,150/300mg,Tablet - FDC,"Aurobindo Unit III, India",86453,60,233630,1929783.8,8.26,0.14,3184.14,21394,13590.64,TRUE,3/30/12,2/14/12,,
114-UG-T30,FPQ-8522,SO-40940,DN-2547,Uganda,PMO - US,From RDC,N/A - From RDC,Truck,ARV,Adult,SCMS from RDC,"Nevirapine 200mg, tablets, 60 Tabs",Nevirapine,Generic,200mg,Tablet,"Strides, Bangalore, India.",86454,60,19705,50838.9,2.58,0.04,83.88,1095,4405.24,TRUE,3/19/12,2/15/12,,
151-NG-T30,FPQ-8952,SO-41450,DN-2565,Nigeria,PMO - US,From RDC,N/A - From RDC,Air Charter,ARV,Adult,SCMS from RDC,"Lamivudine/Tenofovir Disoproxil Fumarate 300/300mg, tablets, 30 Tabs",Lamivudine/Tenofovir Disoproxil Fumarate,Generic,300/300mg,Tablet - FDC,Mylan (formerly Matrix) Nashik,86455,30,27574,167649.92,6.08,0.2,235.05,2376,25231.96,TRUE,6/20/12,2/16/12,,
151-NG-T30,FPQ-8952,SO-41266,DN-2568,Nigeria,PMO - US,From RDC,N/A - From RDC,Air Charter,ARV,Adult,SCMS from RDC,"Nevirapine 200mg, tablets, 60 Tabs",Nevirapine,Generic,200mg,Tablet,"Aurobindo Unit III, India",86456,60,98645,254504.1,2.58,0.04,356.81,,,FALSE,6/20/12,2/16/12,,
109-TZ-T30,FPQ-9275,SO-41460,DN-2583,Tanzania,PMO - US,From RDC,N/A - From RDC,Air,HRDT,HIV test,SCMS from RDC,"HIV 1/2, Uni-Gold HIV Kit, 20 Tests","HIV 1/2, Uni-Gold HIV Kit",Uni-Gold,N/A,Test kit,"Trinity Biotech, Plc",86457,20,5000,160000,32,1.6,224.32,1578,8925,TRUE,3/30/12,3/7/12,,
111-MZ-T30,FPQ-8157,SO-40381,DN-2590,Mozambique,PMO - US,From RDC,N/A - From RDC,Truck,ARV,Adult,SCMS from RDC,"Lamivudine/Nevirapine/Stavudine 150/200/30mg, tablets, 60 Tabs",Lamivudine/Nevirapine/Stavudine,Generic,150/200/30mg,Tablet - FDC,"Strides, Bangalore, India.",86458,60,25394,136619.72,5.38,0.09,225.42,,,FALSE,5/7/12,5/24/12,,
102-BI-T30,FPQ-9229,SO-41530,DN-2594,Burundi,PMO - US,From RDC,N/A - From RDC,Air,ARV,Adult,SCMS from RDC,"Lamivudine/Zidovudine 150/300mg, tablets, 60 Tabs",Lamivudine/Zidovudine,Generic,150/300mg,Tablet - FDC,Hetero Unit III Hyderabad IN,86459,60,25240,201920,8,0.13,283.09,,,FALSE,4/26/12,5/4/12,,
102-BI-T30,FPQ-9229,SO-41530,DN-2594,Burundi,PMO - US,From RDC,N/A - From RDC,Air,ARV,Adult,SCMS from RDC,"Abacavir 300mg, tablets, 60 Tabs",Abacavir,Generic,300mg,Tablet,Mylan (formerly Matrix) Nashik,86460,60,350,5120.5,14.63,0.24,7.18,,,FALSE,4/26/12,5/4/12,,
114-UG-T30,FPQ-9321,SO-41521,DN-2596,Uganda,PMO - US,From RDC,N/A - From RDC,Truck,ARV,Adult,SCMS from RDC,"Efavirenz 600mg, tablets, 30 Tabs",Efavirenz,Generic,600mg,Tablet,"Strides, Bangalore, India.",86461,30,1150,4738,4.12,0.14,6.64,70,1494.6,TRUE,4/24/12,4/3/12,,
114-UG-T30,FPQ-9354,SO-41630,DN-2603,Uganda,PMO - US,From RDC,N/A - From RDC,Air,ARV,Adult,SCMS from RDC,"Lamivudine 150mg, tablets, 60 Tabs",Lamivudine,Generic,150mg,Tablet,Macleods Daman Plant INDIA,86463,60,1614,3760.62,2.33,0.04,5.27,,,FALSE,5/3/12,3/27/12,,
113-ZW-T30,FPQ-8464,SO-40850,DN-2605,Zimbabwe,PMO - US,From RDC,N/A - From RDC,Truck,ARV,Adult,SCMS from RDC,"Efavirenz 600mg, tablets, 30 Tabs",Efavirenz,Generic,600mg,Tablet,"Strides, Bangalore, India.",86464,30,17422,71778.64,4.12,0.14,118.43,,,FALSE,4/13/12,4/10/12,,
113-ZW-T30,FPQ-8464,SO-40850,DN-2605,Zimbabwe,PMO - US,From RDC,N/A - From RDC,Truck,ARV,Adult,SCMS from RDC,"Lamivudine/Nevirapine/Zidovudine 150/200/300mg, tablets, 60 Tabs",Lamivudine/Nevirapine/Zidovudine,Generic,150/300/200mg,Tablet - FDC,"Aurobindo Unit III, India",86465,60,11574,127314,11,0.18,210.07,,,FALSE,4/13/12,4/10/12,,
113-ZW-T30,FPQ-8464,SO-40850,DN-2605,Zimbabwe,PMO - US,From RDC,N/A - From RDC,Truck,ARV,Adult,SCMS from RDC,"Lamivudine/Nevirapine/Stavudine 150/200/30mg, tablets, 60 Tabs",Lamivudine/Nevirapine/Stavudine,Generic,150/200/30mg,Tablet - FDC,"Strides, Bangalore, India.",86466,60,71030,382141.4,5.38,0.09,630.53,,,FALSE,4/13/12,4/10/12,,
110-ZM-T30,FPQ-8476,SO-40953,DN-2608,Zambia,PMO - US,From RDC,N/A - From RDC,Truck,ARV,Adult,SCMS from RDC,"Emtricitabine/Tenofovir Disoproxil Fumarate 200/300mg, tablets, 30 Tabs",Emtricitabine/Tenofovir Disoproxil Fumarate,Generic,200/300mg,Tablet - FDC,Mylan (formerly Matrix) Nashik,86467,30,79075,709302.75,8.97,0.3,1170.35,,,FALSE,5/15/12,4/16/12,,
111-MZ-T30,FPQ-8157,SO-40390,DN-2616,Mozambique,PMO - US,From RDC,N/A - From RDC,Truck,ARV,Adult,SCMS from RDC,"Lamivudine/Nevirapine/Zidovudine 150/200/300mg, tablets, 60 Tabs",Lamivudine/Nevirapine/Zidovudine,Generic,150/300/200mg,Tablet - FDC,"Aurobindo Unit III, India",86468,60,2551,28622.22,11.22,0.19,47.23,,,FALSE,5/7/12,5/10/12,,
107-RW-T30,FPQ-9637,SO-41810,DN-2628,Rwanda,PMO - US,From RDC,N/A - From RDC,Air,ARV,Adult,SCMS from RDC,"Efavirenz 600mg, tablets, 30 Tabs",Efavirenz,Generic,600mg,Tablet,"Strides, Bangalore, India.",86469,30,26962,111083.44,4.12,0.14,155.74,1638,18446.92,TRUE,4/26/12,4/8/12,,
102-LY-T30,FPQ-9665,SO-41910,DN-2642,Libya,PMO - US,From RDC,N/A - From RDC,Air,ARV,Adult,SCMS from RDC,"Efavirenz 600mg, tablets, 30 Tabs",Efavirenz,Generic,600mg,Tablet,"Strides, Bangalore, India.",86470,30,6667,26067.97,3.91,0.13,36.55,406,3062.18,TRUE,5/23/12,5/8/12,,
151-NG-T30,FPQ-8952,SO-41921,DN-2646,Nigeria,PMO - US,From RDC,N/A - From RDC,Air Charter,ARV,Adult,SCMS from RDC,"Lamivudine/Tenofovir Disoproxil Fumarate 300/300mg, tablets, 30 Tabs",Lamivudine/Tenofovir Disoproxil Fumarate,Generic,300/300mg,Tablet - FDC,"Aurobindo Unit VII, IN",86471,30,94153,521607.62,5.54,0.18,731.29,10684,27441.22,TRUE,6/20/12,4/30/12,,
113-ZW-T30,FPQ-8464,SO-40870,DN-2656,Zimbabwe,PMO - US,From RDC,N/A - From RDC,Truck,ARV,Adult,SCMS from RDC,"Lamivudine/Nevirapine/Stavudine 150/200/30mg, tablets, 60 Tabs",Lamivudine/Nevirapine/Stavudine,Generic,150/200/30mg,Tablet - FDC,"Strides, Bangalore, India.",86472,60,71030,333841,4.7,0.08,550.84,,,FALSE,6/12/12,5/25/12,,
113-ZW-T30,FPQ-8464,SO-40870,DN-2656,Zimbabwe,PMO - US,From RDC,N/A - From RDC,Truck,ARV,Adult,SCMS from RDC,"Lamivudine/Nevirapine/Zidovudine 150/200/300mg, tablets, 60 Tabs",Lamivudine/Nevirapine/Zidovudine,Generic,150/300/200mg,Tablet - FDC,Mylan (formerly Matrix) Nashik,86473,60,11574,119096.46,10.29,0.17,196.51,,,FALSE,6/12/12,5/25/12,,
110-ZM-T30,FPQ-9472,SO-41710,DN-2661,Zambia,PMO - US,From RDC,N/A - From RDC,Truck,ARV,Adult,SCMS from RDC,"Efavirenz 600mg, tablets, 30 Tabs",Efavirenz,Generic,600mg,Tablet,"Strides, Bangalore, India.",86474,30,28452,111247.32,3.91,0.13,155.97,,,FALSE,7/26/12,6/18/12,,
104-CI-T30,FPQ-8790,SO-41200,DN-2652,Côte d'Ivoire,PMO - US,From RDC,N/A - From RDC,Air,ARV,Adult,SCMS from RDC,"Abacavir 300mg, tablets, 60 Tabs",Abacavir,Generic,300mg,Tablet,Mylan (formerly Matrix) Nashik,86475,60,620,8153,13.15,0.22,11.43,,,FALSE,5/30/12,5/30/12,,
110-ZM-T30,FPQ-9472,SO-41701,DN-2665,Zambia,PMO - US,From RDC,N/A - From RDC,Truck,ARV,Adult,SCMS from RDC,"Emtricitabine/Tenofovir Disoproxil Fumarate 200/300mg, tablets, 30 Tabs",Emtricitabine/Tenofovir Disoproxil Fumarate,Generic,200/300mg,Tablet - FDC,Mylan (formerly Matrix) Nashik,86476,30,9400,75576,8.04,0.27,105.96,796,4496.13,TRUE,8/23/12,6/18/12,,
107-RW-T30,FPQ-9888,SO-42131,DN-2672,Rwanda,PMO - US,From RDC,N/A - From RDC,Air,ARV,Adult,SCMS from RDC,"Abacavir 300mg, tablets, 60 Tabs",Abacavir,Generic,300mg,Tablet,Mylan (formerly Matrix) Nashik,86477,60,5232,68800.8,13.15,0.22,96.46,526,9994.57,TRUE,8/24/12,6/4/12,,
114-UG-T30,FPQ-9875,SO-42080,DN-2677,Uganda,PMO - US,From RDC,N/A - From RDC,Truck,ARV,Adult,SCMS from RDC,"Lamivudine/Zidovudine 150/300mg, tablets, 60 Tabs",Lamivudine/Zidovudine,Generic,150/300mg,Tablet - FDC,Mylan (formerly Matrix) Nashik,86478,60,18518,144070.05,7.78,0.13,201.99,,,FALSE,8/17/12,6/8/12,,
113-ZW-T30,FPQ-8464,SO-40881,DN-2683,Zimbabwe,PMO - US,From RDC,N/A - From RDC,Truck,ARV,Adult,SCMS from RDC,"Lamivudine/Nevirapine/Stavudine 150/200/30mg, tablets, 60 Tabs",Lamivudine/Nevirapine/Stavudine,Generic,150/200/30mg,Tablet - FDC,"Strides, Bangalore, India.",86479,60,66980,314806,4.7,0.08,519.43,1838,5530.11,TRUE,8/14/12,6/27/12,,
151-NG-T30,FPQ-9432,SO-42333,DN-2688,Nigeria,PMO - US,From RDC,N/A - From RDC,Air Charter,ARV,Adult,SCMS from RDC,"Lopinavir/Ritonavir 200/50mg, tablets, 120 Tabs",Lopinavir/Ritonavir,Generic,200/50mg,Tablet,"Aurobindo Unit III, India",86480,120,24470,726269.6,29.68,0.25,1018.23,6808,21347.12,TRUE,8/2/12,7/9/12,,
104-CI-T30,FPQ-8787,SO-41170,DN-2689,Côte d'Ivoire,PMO - US,From RDC,N/A - From RDC,Air,ARV,Adult,SCMS from RDC,"Lamivudine/Nevirapine/Zidovudine 150/200/300mg, tablets, 60 Tabs",Lamivudine/Nevirapine/Zidovudine,Generic,150/300/200mg,Tablet - FDC,Mylan (formerly Matrix) Nashik,86481,60,100000,1029000,10.29,0.17,1442.66,13055,23994.1,TRUE,6/21/12,6/15/12,,
113-ZW-T30,FPQ-8464,SO-40883,DN-2693,Zimbabwe,PMO - US,From RDC,N/A - From RDC,Truck,ARV,Adult,SCMS from RDC,"Nevirapine 200mg, tablets, 60 Tabs",Nevirapine,Generic,200mg,Tablet,"Aurobindo Unit III, India",86482,60,20000,48800,2.44,0.04,80.52,,,FALSE,8/14/12,6/27/12,,
113-ZW-T30,FPQ-8464,SO-40883,DN-2693,Zimbabwe,PMO - US,From RDC,N/A - From RDC,Truck,ARV,Adult,SCMS from RDC,"Nevirapine 200mg, tablets, 60 Tabs",Nevirapine,Generic,200mg,Tablet,Hetero Unit III Hyderabad IN,86483,60,49037,119650.28,2.44,0.04,197.42,,,FALSE,8/14/12,6/27/12,,
111-MZ-T30,FPQ-9506,SO-41790,DN-2705,Mozambique,PMO - US,From RDC,N/A - From RDC,Truck,ARV,Pediatric,SCMS from RDC,"Nevirapine 10mg/ml, oral suspension w/syringe, Bottle, 240 ml",Nevirapine,Generic,10mg/ml,Oral suspension,"Aurobindo Unit III, India",86484,240,24496,47767.2,1.95,0.01,66.97,9080,6483.81,TRUE,8/21/12,8/22/12,,
113-ZW-T30,FPQ-8464,SO-40891,DN-2694,Zimbabwe,PMO - US,From RDC,N/A - From RDC,Truck,ARV,Adult,SCMS from RDC,"Lamivudine/Nevirapine/Stavudine 150/200/30mg, tablets, 60 Tabs",Lamivudine/Nevirapine/Stavudine,Generic,150/200/30mg,Tablet - FDC,"Strides, Bangalore, India.",86485,60,71030,333841,4.7,0.08,550.84,,,FALSE,10/16/12,6/27/12,,
151-NG-T30,FPQ-9432,SO-42335,DN-2709,Nigeria,PMO - US,From RDC,N/A - From RDC,Air Charter,ARV,Adult,SCMS from RDC,"Lamivudine/Nevirapine/Zidovudine 150/200/300mg, tablets, 60 Tabs",Lamivudine/Nevirapine/Zidovudine,Generic,150/300/200mg,Tablet - FDC,"Aurobindo Unit III, India",86486,60,40000,440000,11,0.18,616.88,,,FALSE,8/2/12,6/3/12,,
151-NG-T30,FPQ-9432,SO-42336,DN-2710,Nigeria,PMO - US,From RDC,N/A - From RDC,Air Charter,ARV,Adult,SCMS from RDC,"Lamivudine/Tenofovir Disoproxil Fumarate 300/300mg, tablets, 30 Tabs",Lamivudine/Tenofovir Disoproxil Fumarate,Generic,300/300mg,Tablet - FDC,"Aurobindo Unit VII, IN",86487,30,75000,415500,5.54,0.18,582.53,,,FALSE,8/2/12,6/3/12,,
109-TZ-T30,FPQ-8303,SO-40470,DN-2714,Tanzania,PMO - US,From RDC,N/A - From RDC,Truck,ARV,Pediatric,SCMS from RDC,"Nevirapine 10mg/ml, oral suspension w/syringe, Bottle, 240 ml",Nevirapine,Generic,10mg/ml,Oral suspension,"Aurobindo Unit III, India",86488,240,26439,51556.05,1.95,0.01,85.07,9907,3853.89,TRUE,8/7/12,7/25/12,,
111-MZ-T30,FPQ-9506,SO-41770,DN-2738,Mozambique,PMO - US,From RDC,N/A - From RDC,Truck,ARV,Pediatric,SCMS from RDC,"Nevirapine 10mg/ml, oral suspension w/syringe, Bottle, 240 ml",Nevirapine,Generic,10mg/ml,Oral suspension,"Aurobindo Unit III, India",86489,240,54128,105549.6,1.95,0.01,147.98,,,FALSE,9/4/12,8/22/12,,
110-ZM-T30,FPQ-9472,SO-41702,DN-2749,Zambia,PMO - US,From RDC,N/A - From RDC,Truck,ARV,Adult,SCMS from RDC,"Emtricitabine/Tenofovir Disoproxil Fumarate 200/300mg, tablets, 30 Tabs",Emtricitabine/Tenofovir Disoproxil Fumarate,Generic,200/300mg,Tablet - FDC,"Aurobindo Unit III, India",86490,30,125000,888750,7.11,0.24,1246.03,,,FALSE,8/23/12,7/30/12,,
110-ZM-T30,FPQ-9472,SO-41702,DN-2749,Zambia,PMO - US,From RDC,N/A - From RDC,Truck,ARV,Adult,SCMS from RDC,"Emtricitabine/Tenofovir Disoproxil Fumarate 200/300mg, tablets, 30 Tabs",Emtricitabine/Tenofovir Disoproxil Fumarate,Generic,200/300mg,Tablet - FDC,Mylan (formerly Matrix) Nashik,86491,30,425,3021.75,7.11,0.24,4.24,,,FALSE,8/23/12,7/30/12,,
110-ZM-T30,FPQ-9472,SO-41712,DN-2750,Zambia,PMO - US,From RDC,N/A - From RDC,Truck,ARV,Adult,SCMS from RDC,"Efavirenz 600mg, tablets, 30 Tabs",Efavirenz,Generic,600mg,Tablet,"Aurobindo Unit III, India",86492,30,70156,267294.38,3.81,0.13,374.75,6022,18219.83,TRUE,7/26/12,7/30/12,,
104-CI-T30,FPQ-8787,SO-41172,DN-2753,Côte d'Ivoire,PMO - US,From RDC,N/A - From RDC,Air,ARV,Adult,SCMS from RDC,"Lamivudine/Nevirapine/Zidovudine 150/200/300mg, tablets, 60 Tabs",Lamivudine/Nevirapine/Zidovudine,Generic,150/300/200mg,Tablet - FDC,"Strides, Bangalore, India.",86493,60,50000,490500,9.81,0.16,687.68,5625,11702.27,TRUE,7/31/12,7/31/12,,
109-TZ-T30,FPQ-9271,SO-41580,DN-2761,Tanzania,PMO - US,From RDC,N/A - From RDC,Truck,ARV,Adult,SCMS from RDC,"Efavirenz/Emtricitabine/Tenofovir Disoproxil Fumarate 600/200/300mg, tablets, 30 Tabs",Efavirenz/Emtricitabine/Tenofovir Disoproxil Fumarate,Generic,600/200/300mg,Tablet - FDC,Mylan (formerly Matrix) Nashik,86494,30,153642,2310775.8,15.04,0.5,3239.71,,,FALSE,8/31/12,8/22/12,,
151-NG-T30,FPQ-8952,SO-42800,DN-2765,Nigeria,PMO - US,From RDC,N/A - From RDC,Air Charter,ARV,Adult,SCMS from RDC,"Efavirenz/Lamivudine/Tenofovir Disoproxil Fumarate 600/300/300mg, tablets, 30 Tabs",Efavirenz/Lamivudine/Tenofovir Disoproxil Fumarate,Generic,600/300/300mg,Tablet - FDC,Mylan (formerly Matrix) Nashik,86496,30,7000,92890,13.27,0.44,130.23,858,16532.5,TRUE,7/30/12,7/24/12,,
151-NG-T30,FPQ-9432,SO-42802,DN-2767,Nigeria,PMO - US,From RDC,N/A - From RDC,Air Charter,ARV,Adult,SCMS from RDC,"Lamivudine/Nevirapine/Zidovudine 150/200/300mg, tablets, 60 Tabs",Lamivudine/Nevirapine/Zidovudine,Generic,150/300/200mg,Tablet - FDC,Mylan (formerly Matrix) Nashik,86497,60,120036,1177553.1,9.81,0.16,1650.93,,,FALSE,8/2/12,7/24/12,,
151-NG-T30,FPQ-8952,SO-42804,DN-2771,Nigeria,PMO - US,From RDC,N/A - From RDC,Air Charter,ARV,Adult,SCMS from RDC,"Efavirenz/Emtricitabine/Tenofovir Disoproxil Fumarate 600/200/300mg, tablets, 30 Tabs",Efavirenz/Emtricitabine/Tenofovir Disoproxil Fumarate,Generic,600/200/300mg,Tablet - FDC,Mylan (formerly Matrix) Nashik,86498,30,69356,1043114.25,15.04,0.5,1462.45,8038,16532.5,TRUE,7/30/12,7/24/12,,
104-CI-T30,FPQ-9749,SO-42360,DN-2778,Côte d'Ivoire,PMO - US,From RDC,N/A - From RDC,Truck,ARV,Adult,SCMS from RDC,"Lamivudine 150mg, tablets, 60 Tabs",Lamivudine,Generic,150mg,Tablet,Hetero Unit III Hyderabad IN,86499,60,10080,22377.6,2.22,0.04,31.37,,,FALSE,8/15/12,8/15/12,,
107-RW-T30,FPQ-9888,SO-42132,DN-2779,Rwanda,PMO - US,From RDC,N/A - From RDC,Air,ARV,Adult,SCMS from RDC,"Abacavir 300mg, tablets, 60 Tabs",Abacavir,Generic,300mg,Tablet,Mylan (formerly Matrix) Nashik,86500,60,12548,165006.2,13.15,0.22,231.34,1297,21520.66,TRUE,8/24/12,7/31/12,,
114-UG-T30,FPQ-9876,SO-42311,DN-2780,Uganda,PMO - US,From RDC,N/A - From RDC,Air,ARV,Adult,SCMS from RDC,"Lopinavir/Ritonavir 200/50mg, tablets, 120 Tabs",Lopinavir/Ritonavir,Generic,200/50mg,Tablet,Mylan (formerly Matrix) Nashik,86501,120,2427,72033.36,29.68,0.25,100.99,647,7263.17,TRUE,9/11/12,8/8/12,,
104-CI-T30,FPQ-9063,SO-41341,DN-2787,Côte d'Ivoire,PMO - US,From RDC,N/A - From RDC,Truck,ARV,Adult,SCMS from RDC,"Efavirenz 600mg, tablets, 30 Tabs",Efavirenz,Generic,600mg,Tablet,"Strides, Bangalore, India.",86502,30,7684,29276.04,3.81,0.13,41.05,,,FALSE,8/31/12,8/12/12,,
107-RW-T30,FPQ-9888,SO-42111,DN-2788,Rwanda,PMO - US,From RDC,N/A - From RDC,Air,ARV,Adult,SCMS from RDC,"Abacavir 300mg, tablets, 60 Tabs",Abacavir,Generic,300mg,Tablet,"Aurobindo Unit III, India",86503,60,629,8271.35,13.15,0.22,11.6,67,1618.12,TRUE,8/31/12,8/16/12,,
117-ET-T30,FPQ-10308,SO-42910,DN-2790,Ethiopia,PMO - US,From RDC,N/A - From RDC,Air,ARV,Pediatric,SCMS from RDC,"Nevirapine 10mg/ml, oral suspension w/syringe, Bottle, 240 ml",Nevirapine,Generic,10mg/ml,Oral suspension,"Aurobindo Unit III, India",86504,240,30000,58500,1.95,0.01,82.02,11101,33216.14,TRUE,8/30/12,8/30/12,,
151-NG-T30,FPQ-9432,SO-42931,DN-2792,Nigeria,PMO - US,From RDC,N/A - From RDC,Air Charter,ARV,Adult,SCMS from RDC,"Efavirenz/Lamivudine/Tenofovir Disoproxil Fumarate 600/300/300mg, tablets, 30 Tabs",Efavirenz/Lamivudine/Tenofovir Disoproxil Fumarate,Generic,600/300/300mg,Tablet - FDC,Mylan (formerly Matrix) Nashik,86505,30,23000,305210,13.27,0.44,427.9,2437,18461.23,TRUE,8/20/12,8/14/12,,
151-NG-T30,FPQ-9432,SO-42934,DN-2799,Nigeria,PMO - US,From RDC,N/A - From RDC,Air,ARV,Adult,SCMS from RDC,"Lamivudine/Nevirapine/Zidovudine 150/200/300mg, tablets, 60 Tabs",Lamivudine/Nevirapine/Zidovudine,Generic,150/300/200mg,Tablet - FDC,Mylan (formerly Matrix) Nashik,86506,60,132919,1303935.4,9.81,0.16,1828.12,18953,18461.22,TRUE,8/31/12,8/14/12,,
105-GY-T30,FPQ-10252,SO-42780,DN-2811,Guyana,PMO - US,From RDC,N/A - From RDC,Air,ARV,Pediatric,SCMS from RDC,"Abacavir 20mg/ml, oral solution w/syringe, Bottle, 240 ml",Abacavir,Generic,20mg/ml,Oral solution,"Aurobindo Unit III, India",86507,240,129,1612.5,12.5,0.05,2.26,,,FALSE,10/2/12,8/29/12,,
102-CD-T30,FPQ-9906,SO-42340,DN-2812,"Congo, DRC",PMO - US,From RDC,N/A - From RDC,Air,ARV,Adult,SCMS from RDC,"Lamivudine 150mg, tablets, 60 Tabs",Lamivudine,Generic,150mg,Tablet,Hetero Unit III Hyderabad IN,86508,60,458,1016.76,2.22,0.04,1.43,,,FALSE,2/14/13,2/14/13,,
102-CD-T30,FPQ-9906,SO-42340,DN-2812,"Congo, DRC",PMO - US,From RDC,N/A - From RDC,Air,ARV,Adult,SCMS from RDC,"Lamivudine/Nevirapine/Zidovudine 150/200/300mg, tablets, 60 Tabs",Lamivudine/Nevirapine/Zidovudine,Generic,150/300/200mg,Tablet - FDC,Hetero Unit III Hyderabad IN,86509,60,4027,39504.87,9.81,0.16,55.39,,,FALSE,2/14/13,2/14/13,,
151-NG-T30,FPQ-9432,SO-42936,DN-2818,Nigeria,PMO - US,From RDC,N/A - From RDC,Air,ARV,Adult,SCMS from RDC,"Nevirapine 200mg, tablets, 60 Tabs",Nevirapine,Generic,200mg,Tablet,Hetero Unit III Hyderabad IN,86510,60,86761,209961.62,2.42,0.04,294.37,,,FALSE,8/31/12,8/13/12,,
900-UG-T30,FPQ-10048,SO-42610,DN-2829,Uganda,PMO - US,From RDC,N/A - From RDC,Air,ARV,Adult,SCMS from RDC,"Lamivudine/Tenofovir Disoproxil Fumarate 300/300mg, tablets, 30 Tabs",Lamivudine/Tenofovir Disoproxil Fumarate,Generic,300/300mg,Tablet - FDC,Mylan (formerly Matrix) Nashik,86511,30,24799,137386.45,5.54,0.18,192.62,,,FALSE,10/29/12,10/29/12,,
114-UG-T30,FPQ-9875,SO-42082,DN-2831,Uganda,PMO - US,From RDC,N/A - From RDC,Truck,ARV,Adult,SCMS from RDC,"Lamivudine/Tenofovir Disoproxil Fumarate 300/300mg, tablets, 30 Tabs",Lamivudine/Tenofovir Disoproxil Fumarate,Generic,300/300mg,Tablet - FDC,Hetero Unit III Hyderabad IN,86512,30,19078,105692.12,5.54,0.18,148.18,2030,11846.85,TRUE,10/31/12,10/31/12,,
109-TZ-T30,FPQ-9271,SO-41582,DN-2844,Tanzania,PMO - US,From RDC,N/A - From RDC,Truck,ARV,Adult,SCMS from RDC,"Lopinavir/Ritonavir 200/50mg, tablets, 120 Tabs",Lopinavir/Ritonavir,Generic,200/50mg,Tablet,Mylan (formerly Matrix) Nashik,86513,120,16114,472301.34,29.31,0.24,662.17,4256,6052.1,TRUE,11/15/12,11/15/12,,
900-SS-T30,FPQ-10517,SO-43070,DN-2858,South Sudan,PMO - US,From RDC,N/A - From RDC,Air,ARV,Adult,SCMS from RDC,"Nevirapine 200mg, tablets, 60 Tabs",Nevirapine,Generic,200mg,Tablet,Mylan (formerly Matrix) Nashik,86514,60,225,544.5,2.42,0.04,0.76,,,FALSE,11/15/12,10/23/12,,
111-MZ-T30,FPQ-10210,SO-42841,DN-2863,Mozambique,PMO - US,From RDC,N/A - From RDC,Truck,ARV,Adult,SCMS from RDC,"Lamivudine/Nevirapine/Zidovudine 150/200/300mg, tablets, 60 Tabs",Lamivudine/Nevirapine/Zidovudine,Generic,150/300/200mg,Tablet - FDC,Hetero Unit III Hyderabad IN,86515,60,49999,490490.2,9.81,0.16,687.67,,,FALSE,10/30/12,10/10/12,,
110-ZM-T30,FPQ-9773,SO-41992,DN-2865,Zambia,PMO - US,From RDC,N/A - From RDC,Truck,ARV,Adult,SCMS from RDC,"Efavirenz/Emtricitabine/Tenofovir Disoproxil Fumarate 600/200/300mg, tablets, 30 Tabs",Efavirenz/Emtricitabine/Tenofovir Disoproxil Fumarate,Generic,600/200/300mg,Tablet - FDC,Mylan (formerly Matrix) Nashik,86516,30,60000,862800,14.38,0.48,1209.65,,,FALSE,10/10/12,10/5/12,,
102-ZW-T30,FPQ-9927,SO-42301,DN-2866,Zimbabwe,PMO - US,From RDC,N/A - From RDC,Truck,ARV,Adult,SCMS from RDC,"Lamivudine/Nevirapine/Zidovudine 150/200/300mg, tablets, 60 Tabs",Lamivudine/Nevirapine/Zidovudine,Generic,150/300/200mg,Tablet - FDC,Hetero Unit III Hyderabad IN,86517,60,100000,981000,9.81,0.16,1375.36,14115,8751.99,TRUE,10/31/12,10/5/12,,
900-SS-T30,FPQ-10517,SO-43080,DN-2872,South Sudan,PMO - US,From RDC,N/A - From RDC,Air,ARV,Adult,SCMS from RDC,"Lamivudine/Zidovudine 150/300mg, tablets, 60 Tabs",Lamivudine/Zidovudine,Generic,150/300mg,Tablet - FDC,Mylan (formerly Matrix) Nashik,86518,60,300,2316,7.72,0.13,3.25,25,742.98,TRUE,11/30/12,11/30/12,,
104-CI-T30,FPQ-9749,SO-42400,DN-2880,Côte d'Ivoire,PMO - US,From RDC,N/A - From RDC,Truck,ARV,Adult,SCMS from RDC,"Efavirenz 600mg, tablets, 30 Tabs",Efavirenz,Generic,600mg,Tablet,Hetero Unit III Hyderabad IN,86519,30,83,302.12,3.64,0.12,0.42,,,FALSE,10/30/12,10/24/12,,
102-ZW-T30,FPQ-9927,SO-42302,DN-2881,Zimbabwe,PMO - US,From RDC,N/A - From RDC,Truck,ARV,Adult,SCMS from RDC,"Lamivudine/Zidovudine 150/300mg, tablets, 60 Tabs",Lamivudine/Zidovudine,Generic,150/300mg,Tablet - FDC,Mylan (formerly Matrix) Nashik,86520,60,1006,7766.32,7.72,0.13,10.89,,,FALSE,10/31/12,10/18/12,,
102-ZW-T30,FPQ-9927,SO-42302,DN-2881,Zimbabwe,PMO - US,From RDC,N/A - From RDC,Truck,ARV,Adult,SCMS from RDC,"Lamivudine/Tenofovir Disoproxil Fumarate 300/300mg, tablets, 30 Tabs",Lamivudine/Tenofovir Disoproxil Fumarate,Generic,300/300mg,Tablet - FDC,Hetero Unit III Hyderabad IN,86521,30,16799,90042.64,5.36,0.18,126.24,,,FALSE,10/31/12,10/18/12,,
109-TZ-T30,FPQ-9774,SO-42650,DN-2883,Tanzania,PMO - US,From RDC,N/A - From RDC,Truck,ARV,Adult,SCMS from RDC,"Emtricitabine/Tenofovir Disoproxil Fumarate 200/300mg, tablets, 30 Tabs",Emtricitabine/Tenofovir Disoproxil Fumarate,Generic,200/300mg,Tablet - FDC,Mylan (formerly Matrix) Nashik,86522,30,43040,283633.6,6.59,0.22,397.65,,,FALSE,11/30/12,10/31/12,,
110-ZM-T30,FPQ-9773,SO-41993,DN-2884,Zambia,PMO - US,From RDC,N/A - From RDC,Truck,ARV,Adult,SCMS from RDC,"Nevirapine 200mg, tablets, 60 Tabs",Nevirapine,Generic,200mg,Tablet,Hetero Unit III Hyderabad IN,86523,60,45531,111095.64,2.44,0.04,155.76,,,FALSE,10/31/12,10/19/12,,
109-TZ-T30,FPQ-9303,SO-41550,DN-2888,Tanzania,PMO - US,From RDC,N/A - From RDC,Truck,ARV,Pediatric,SCMS from RDC,"Lamivudine/Nevirapine/Stavudine 60/100/12mg, dispersible tablets, 60 Tabs",Lamivudine/Nevirapine/Stavudine,Generic,60/100/12mg,Chewable/dispersible tablet - FDC,"Cipla, Goa, India",86524,60,14798,63631.4,4.3,0.07,89.21,,,FALSE,11/30/12,11/6/12,,
114-UG-T30,FPQ-10556,SO-43180,DN-2890,Uganda,PMO - US,From RDC,N/A - From RDC,Air,ARV,Adult,SCMS from RDC,"Efavirenz 600mg, tablets, 30 Tabs",Efavirenz,Generic,600mg,Tablet,"Aurobindo Unit III, India",86525,30,2700,10287,3.81,0.13,14.42,234,2154.1,TRUE,11/8/12,10/29/12,,
104-CI-T30,FPQ-10633,SO-43350,DN-2896,Côte d'Ivoire,PMO - US,From RDC,N/A - From RDC,Truck,ARV,Pediatric,SCMS from RDC,"Zidovudine 10mg/ml, oral solution w/syringe, Bottle, 240 ml",Zidovudine,Generic,10mg/ml,Oral solution,"Aurobindo Unit III, India",86526,240,3000,6300,2.1,0.01,8.83,1152,5971.13,TRUE,1/31/13,10/24/12,,
110-ZM-T30,FPQ-9773,SO-41990,DN-2919,Zambia,PMO - US,From RDC,N/A - From RDC,Truck,ARV,Adult,SCMS from RDC,"Emtricitabine/Tenofovir Disoproxil Fumarate 200/300mg, tablets, 30 Tabs",Emtricitabine/Tenofovir Disoproxil Fumarate,Generic,200/300mg,Tablet - FDC,Mylan (formerly Matrix) Nashik,86527,30,132175,871033.25,6.59,0.22,1221.19,,,FALSE,12/17/12,12/17/12,,
110-ZM-T30,FPQ-9773,SO-41990,DN-2919,Zambia,PMO - US,From RDC,N/A - From RDC,Truck,ARV,Adult,SCMS from RDC,"Efavirenz/Emtricitabine/Tenofovir Disoproxil Fumarate 600/200/300mg, tablets, 30 Tabs",Efavirenz/Emtricitabine/Tenofovir Disoproxil Fumarate,Generic,600/200/300mg,Tablet - FDC,Mylan (formerly Matrix) Nashik,86528,30,107000,1538660,14.38,0.48,2157.2,,,FALSE,12/17/12,12/17/12,,
114-UG-T30,FPQ-10556,SO-43200,DN-2922,Uganda,PMO - US,From RDC,N/A - From RDC,Truck,ARV,Adult,SCMS from RDC,"Zidovudine 300mg, tablets, 60 Tabs",Zidovudine,Generic,300mg,Tablet,Hetero Unit III Hyderabad IN,86529,60,25,169,6.76,0.11,0.24,1,5220.79,TRUE,12/6/12,11/20/12,,
114-UG-T30,FPQ-10786,SO-43530,DN-2925,Uganda,PMO - US,From RDC,N/A - From RDC,Air,ARV,Adult,SCMS from RDC,"Lopinavir/Ritonavir 200/50mg, tablets, 120 Tabs",Lopinavir/Ritonavir,Generic,200/50mg,Tablet,"Aurobindo Unit III, India",86530,120,8335,222544.5,26.7,0.22,275.29,2034,10977.65,TRUE,12/7/12,11/28/12,,
111-MZ-T30,FPQ-10210,SO-42830,DN-2939,Mozambique,PMO - US,From RDC,N/A - From RDC,Truck,ARV,Adult,SCMS from RDC,"Efavirenz 600mg, tablets, 30 Tabs",Efavirenz,Generic,600mg,Tablet,Mylan (formerly Matrix) Nashik,86531,30,1928,7345.68,3.81,0.13,10.3,,,FALSE,1/11/13,1/11/13,,
151-NG-T30,FPQ-9968,SO-42680,DN-2947,Nigeria,PMO - US,From RDC,N/A - From RDC,Air,ARV,Adult,SCMS from RDC,"Lamivudine/Nevirapine/Zidovudine 150/200/300mg, tablets, 60 Tabs",Lamivudine/Nevirapine/Zidovudine,Generic,150/300/200mg,Tablet - FDC,Mylan (formerly Matrix) Nashik,86532,60,138508,1332447,9.62,0.16,1868.09,,,FALSE,12/4/12,12/4/12,,
104-CI-T30,FPQ-9749,SO-42373,DN-2954,Côte d'Ivoire,PMO - US,From RDC,N/A - From RDC,Truck,ARV,Adult,SCMS from RDC,"Efavirenz/Lamivudine/Tenofovir Disoproxil Fumarate 600/300/300mg, tablets, 30 Tabs",Efavirenz/Lamivudine/Tenofovir Disoproxil Fumarate,Generic,600/300/300mg,Tablet - FDC,Mylan (formerly Matrix) Nashik,86533,30,25644,340295.88,13.27,0.44,477.09,,,FALSE,12/31/12,12/6/12,,
104-CI-T30,FPQ-10405,SO-42980,DN-2958,Côte d'Ivoire,PMO - US,From RDC,N/A - From RDC,Truck,ARV,Adult,SCMS from RDC,"Lamivudine/Zidovudine 150/300mg, tablets, 60 Tabs",Lamivudine/Zidovudine,Generic,150/300mg,Tablet - FDC,Hetero Unit III Hyderabad IN,86534,60,25740,198712.8,7.72,0.13,278.6,,,FALSE,2/1/13,1/14/13,,
104-CI-T30,FPQ-10405,SO-42980,DN-2958,Côte d'Ivoire,PMO - US,From RDC,N/A - From RDC,Truck,ARV,Pediatric,SCMS from RDC,"Lamivudine/Zidovudine 30/60mg, tablets, 60 Tabs",Lamivudine/Zidovudine,Generic,30/60mg,Tablet - FDC,Mylan (formerly Matrix) Nashik,86535,60,6800,18768,2.76,0.05,26.31,,,FALSE,2/1/13,1/14/13,,
104-CI-T30,FPQ-10626,SO-43290,DN-2959,Côte d'Ivoire,PMO - US,From RDC,N/A - From RDC,Truck,ARV,Adult,SCMS from RDC,"Abacavir/Lamivudine 600/300mg, scored tablets, 30 Tabs",Abacavir/Lamivudine,Generic,600/300mg,Tablet - FDC,"Aurobindo Unit III, India",86536,30,1800,40500,22.5,0.75,56.78,174,2148.5,TRUE,2/27/13,1/14/13,,
109-TZ-T30,FPQ-10545,SO-43120,DN-2962,Tanzania,PMO - US,From RDC,N/A - From RDC,Truck,ARV,Adult,SCMS from RDC,"Lopinavir/Ritonavir 200/50mg, tablets, 120 Tabs",Lopinavir/Ritonavir,Generic,200/50mg,Tablet,Mylan (formerly Matrix) Nashik,86537,120,17201,459266.7,26.7,0.22,643.89,,,FALSE,3/4/13,3/4/13,,
111-MZ-T30,FPQ-10210,SO-42832,DN-2965,Mozambique,PMO - US,From RDC,N/A - From RDC,Truck,ARV,Adult,SCMS from RDC,"Lamivudine/Nevirapine/Zidovudine 150/200/300mg, tablets, 60 Tabs",Lamivudine/Nevirapine/Zidovudine,Generic,150/300/200mg,Tablet - FDC,"Aurobindo Unit III, India",86538,60,67609,650398.56,9.62,0.16,911.86,,,FALSE,1/11/13,1/11/13,,
104-CI-T30,FPQ-10405,SO-42970,DN-2969,Côte d'Ivoire,PMO - US,From RDC,N/A - From RDC,Air,ARV,Pediatric,SCMS from RDC,"Efavirenz 200mg, scored tablets, 90 Tabs",Efavirenz,Generic,200mg,Tablet,"Strides, Bangalore, India.",86539,90,4000,29200,7.3,0.08,40.94,244,3138.35,TRUE,2/28/13,1/25/13,,
113-ZW-T30,FPQ-10632,SO-43221,DN-2975,Zimbabwe,PMO - US,From RDC,N/A - From RDC,Truck,ARV,Adult,SCMS from RDC,"Efavirenz 600mg, tablets, 30 Tabs",Efavirenz,Generic,600mg,Tablet,Mylan (formerly Matrix) Nashik,86540,30,48072,171136.31,3.56,0.12,239.93,,,FALSE,12/21/12,12/13/12,,
101-CD-T30,FPQ-11054,SO-43680,DN-2981,"Congo, DRC",PMO - US,From RDC,N/A - From RDC,Air,ARV,Adult,SCMS from RDC,"Lamivudine/Tenofovir Disoproxil Fumarate 300/300mg, tablets, 30 Tabs",Lamivudine/Tenofovir Disoproxil Fumarate,Generic,300/300mg,Tablet - FDC,"Cipla, Kurkumbh, India",86541,30,897,4314.57,4.81,0.16,5.34,,,FALSE,9/11/13,9/11/13,,
114-UG-T30,FPQ-11143,SO-43930,DN-2986,Uganda,PMO - US,From RDC,N/A - From RDC,Air,ARV,Adult,SCMS from RDC,"Zidovudine 300mg, tablets, 60 Tabs",Zidovudine,Generic,300mg,Tablet,"Cipla, Goa, India",86543,60,2250,15210,6.76,0.11,18.81,,,FALSE,2/22/13,2/25/13,,
114-UG-T30,FPQ-10780,SO-43491,DN-3000,Uganda,PMO - US,From RDC,N/A - From RDC,Air,ARV,Adult,SCMS from RDC,"Lamivudine/Tenofovir Disoproxil Fumarate 300/300mg, tablets, 30 Tabs",Lamivudine/Tenofovir Disoproxil Fumarate,Generic,300/300mg,Tablet - FDC,Hetero Unit III Hyderabad IN,86544,30,13620,65512.2,4.81,0.16,91.85,,,FALSE,2/11/13,3/7/13,,
111-MZ-T30,FPQ-11033,SO-43800,DN-3002,Mozambique,PMO - US,From RDC,N/A - From RDC,Truck,ARV,Adult,SCMS from RDC,"Efavirenz 600mg, tablets, 30 Tabs",Efavirenz,Generic,600mg,Tablet,"Hetero, Jadcherla, unit 5, IN",86545,30,38000,135280,3.56,0.12,167.34,3140,7733.77,TRUE,3/22/13,3/22/13,,
101-CD-T30,FPQ-11096,SO-43750,DN-3017,"Congo, DRC",PMO - US,From RDC,N/A - From RDC,Air,ARV,Pediatric,SCMS from RDC,"Lamivudine/Nevirapine/Zidovudine 30/50/60mg, dispersible tablets, 60 Tabs",Lamivudine/Nevirapine/Zidovudine,Generic,30/50/60mg,Chewable/dispersible tablet - FDC,Mylan (formerly Matrix) Nashik,86548,60,3960,16434,4.15,0.07,20.33,,,FALSE,3/18/13,8/8/13,,
101-CD-T30,FPQ-11096,SO-43750,DN-3017,"Congo, DRC",PMO - US,From RDC,N/A - From RDC,Air,ARV,Pediatric,SCMS from RDC,"Didanosine 200mg, delayed-release capsules, 30 Caps",Didanosine,Generic,200mg,Delayed-release capsules,"Aurobindo Unit III, India",86549,30,42,462,11,0.37,0.57,,,FALSE,3/18/13,8/8/13,,
104-CI-T30,FPQ-10633,SO-43321,DN-3019,Côte d'Ivoire,PMO - US,From RDC,N/A - From RDC,Truck,ARV,Adult,SCMS from RDC,"Lamivudine/Nevirapine/Zidovudine 150/200/300mg, tablets, 60 Tabs",Lamivudine/Nevirapine/Zidovudine,Generic,150/300/200mg,Tablet - FDC,Hetero Unit III Hyderabad IN,86550,60,64160,550492.8,8.58,0.14,771.79,,,FALSE,2/28/13,2/28/13,,
151-NG-T30,FPQ-10477,SO-43047,DN-3027,Nigeria,PMO - US,From RDC,N/A - From RDC,Air Charter,ARV,Adult,SCMS from RDC,"Emtricitabine/Tenofovir Disoproxil Fumarate 200/300mg, tablets, 30 Tabs",Emtricitabine/Tenofovir Disoproxil Fumarate,Generic,200/300mg,Tablet - FDC,"Aurobindo Unit III, India",86551,30,66700,404869,6.07,0.2,567.63,12046,37242.5,TRUE,3/15/13,2/25/13,,
151-NG-T30,FPQ-10477,SO-43047,DN-3027,Nigeria,PMO - US,From RDC,N/A - From RDC,Air Charter,ARV,Adult,SCMS from RDC,"Emtricitabine/Tenofovir Disoproxil Fumarate 200/300mg, tablets, 30 Tabs",Emtricitabine/Tenofovir Disoproxil Fumarate,Generic,200/300mg,Tablet - FDC,Hetero Unit III Hyderabad IN,86552,30,52546,318954.22,6.07,0.2,447.17,,,FALSE,3/15/13,2/25/13,,
113-ZW-T30,FPQ-10632,SO-43210,DN-3030,Zimbabwe,PMO - US,From RDC,N/A - From RDC,Truck,ARV,Adult,SCMS from RDC,"Lamivudine/Tenofovir Disoproxil Fumarate 300/300mg, tablets, 30 Tabs",Lamivudine/Tenofovir Disoproxil Fumarate,Generic,300/300mg,Tablet - FDC,"Aurobindo Unit VII, IN",86553,30,20519,96439.3,4.7,0.16,135.21,,,FALSE,3/14/13,3/14/13,,
113-ZW-T30,FPQ-10632,SO-43212,DN-3048,Zimbabwe,PMO - US,From RDC,N/A - From RDC,Truck,ARV,Adult,SCMS from RDC,"Nevirapine 200mg, tablets, 60 Tabs",Nevirapine,Generic,200mg,Tablet,Hetero Unit III Hyderabad IN,86554,60,29131,65836.06,2.26,0.04,92.3,,,FALSE,4/15/13,3/23/13,,
110-ZM-T30,FPQ-11553,SO-44471,DN-3051,Zambia,PMO - US,From RDC,N/A - From RDC,Truck,ARV,Adult,SCMS from RDC,"Nevirapine 200mg, tablets, 60 Tabs",Nevirapine,Generic,200mg,Tablet,Hetero Unit III Hyderabad IN,86555,60,38929,87979.54,2.26,0.04,108.83,2462,16295.56,TRUE,6/25/13,4/1/13,,
105-GY-T30,FPQ-11546,SO-44520,DN-3060,Guyana,PMO - US,From RDC,N/A - From RDC,Air,ARV,Adult,SCMS from RDC,"Lopinavir/Ritonavir 200/50mg, tablets, 120 Tabs",Lopinavir/Ritonavir,Generic,200/50mg,Tablet,Mylan (formerly Matrix) Nashik,86556,120,2871,71085.96,24.76,0.21,87.93,,,FALSE,4/18/13,3/15/13,,
113-ZW-T30,FPQ-10632,SO-43213,DN-3083,Zimbabwe,PMO - US,From RDC,N/A - From RDC,Truck,ARV,Adult,SCMS from RDC,"Lamivudine/Tenofovir Disoproxil Fumarate 300/300mg, tablets, 30 Tabs",Lamivudine/Tenofovir Disoproxil Fumarate,Generic,300/300mg,Tablet - FDC,Hetero Unit III Hyderabad IN,86558,30,138974,653177.8,4.7,0.16,915.76,14845,14451.68,TRUE,4/15/13,4/8/13,,
102-BI-T30,FPQ-11661,SO-44650,DN-3088,Burundi,PMO - US,From RDC,N/A - From RDC,Air,ARV,Pediatric,SCMS from RDC,"Nevirapine 10mg/ml, oral suspension w/syringe, Bottle, 240 ml",Nevirapine,Generic,10mg/ml,Oral suspension,"Aurobindo Unit III, India",86559,240,564,1099.8,1.95,0.01,1.36,210,1551.32,TRUE,5/2/13,3/29/13,,
111-MZ-T30,FPQ-11882,SO-44830,DN-3110,Mozambique,PMO - US,From RDC,N/A - From RDC,Truck,ARV,Adult,SCMS from RDC,"Lamivudine/Zidovudine 150/300mg, tablets, 60 Tabs",Lamivudine/Zidovudine,Generic,150/300mg,Tablet - FDC,"Cipla, Goa, India",86561,60,660,4798.2,7.27,0.12,5.94,,,FALSE,6/6/13,6/20/13,,
111-MZ-T30,FPQ-11882,SO-44830,DN-3110,Mozambique,PMO - US,From RDC,N/A - From RDC,Truck,ARV,Adult,SCMS from RDC,"Zidovudine 300mg, tablets, 60 Tabs",Zidovudine,Generic,300mg,Tablet,"Cipla, Goa, India",86562,60,184,1203.36,6.54,0.11,1.49,,,FALSE,6/6/13,6/20/13,,
114-UG-T30,FPQ-10946,SO-43650,DN-3121,Uganda,PMO - US,From RDC,N/A - From RDC,Air,ARV,Adult,SCMS from RDC,"Nevirapine 200mg, tablets, 60 Tabs",Nevirapine,Generic,200mg,Tablet,Hetero Unit III Hyderabad IN,86563,60,32298,72993.48,2.26,0.04,90.29,,,FALSE,8/9/13,8/9/13,,
103-SS-T30,FPQ-11489,SO-44630,DN-3125,South Sudan,PMO - US,From RDC,N/A - From RDC,Air,ARV,Adult,SCMS from RDC,"Efavirenz 600mg, tablets, 30 Tabs",Efavirenz,Generic,600mg,Tablet,"Strides, Bangalore, India.",86564,30,2100,6993,3.33,0.11,8.65,,,FALSE,4/30/13,4/24/13,,
103-SS-T30,FPQ-11489,SO-44630,DN-3125,South Sudan,PMO - US,From RDC,N/A - From RDC,Air,ARV,Adult,SCMS from RDC,"Lamivudine/Zidovudine 150/300mg, tablets, 60 Tabs",Lamivudine/Zidovudine,Generic,150/300mg,Tablet - FDC,"Cipla, Goa, India",86565,60,1702,12373.54,7.27,0.12,15.31,,,FALSE,4/30/13,4/24/13,,
151-NG-T30,FPQ-11022,SO-43843,DN-3130,Nigeria,PMO - US,From RDC,N/A - From RDC,Air Charter,ARV,Adult,SCMS from RDC,"Lopinavir/Ritonavir 200/50mg, tablets, 120 Tabs",Lopinavir/Ritonavir,Generic,200/50mg,Tablet,"Aurobindo Unit III, India",86566,120,50000,1089000,21.78,0.18,1347.09,,,FALSE,5/21/13,5/3/13,,
110-ZM-T30,FPQ-11969,SO-44900,DN-3115,Zambia,PMO - US,From RDC,N/A - From RDC,Air,ARV,Adult,SCMS from RDC,"Emtricitabine/Tenofovir Disoproxil Fumarate 200/300mg, tablets, 30 Tabs",Emtricitabine/Tenofovir Disoproxil Fumarate,Generic,200/300mg,Tablet - FDC,Mylan (formerly Matrix) Nashik,86567,30,18216,110571.12,6.07,0.2,136.78,1500,7513.5,TRUE,6/28/13,5/14/13,,
111-MZ-T30,FPQ-11033,SO-43790,DN-3102,Mozambique,PMO - US,From RDC,N/A - From RDC,Truck,ARV,Adult,SCMS from RDC,"Lamivudine/Nevirapine/Zidovudine 150/200/300mg, tablets, 60 Tabs",Lamivudine/Nevirapine/Zidovudine,Generic,150/300/200mg,Tablet - FDC,Mylan (formerly Matrix) Nashik,86568,60,108700,932646,8.58,0.14,1153.68,,,FALSE,8/1/13,8/1/13,,
151-NG-T30,FPQ-11022,SO-43846,DN-3141,Nigeria,PMO - US,From RDC,N/A - From RDC,Air Charter,ARV,Pediatric,SCMS from RDC,"Efavirenz 200mg, scored tablets, 90 Tabs",Efavirenz,Generic,200mg,Tablet,"Strides, Bangalore, India.",86569,90,848,6190.4,7.3,0.08,7.66,73,14547.55,TRUE,5/21/13,5/3/13,,
151-NG-T30,FPQ-11022,SO-43849,DN-3171,Nigeria,PMO - US,From RDC,N/A - From RDC,Air Charter,ARV,Adult,SCMS from RDC,"Lamivudine/Zidovudine 150/300mg, tablets, 60 Tabs",Lamivudine/Zidovudine,Generic,150/300mg,Tablet - FDC,Hetero Unit III Hyderabad IN,86572,60,54005,378035,7,0.12,467.63,,,FALSE,5/21/13,5/10/13,,
109-TZ-T30,FPQ-11393,SO-44382,DN-3177,Tanzania,PMO - US,From RDC,N/A - From RDC,Truck,ARV,Adult,SCMS from RDC,"Lopinavir/Ritonavir 200/50mg, tablets, 120 Tabs",Lopinavir/Ritonavir,Generic,200/50mg,Tablet,"Aurobindo Unit III, India",86573,120,7995,174131.1,21.78,0.18,215.4,1946,12382,TRUE,5/31/13,6/18/13,,
111-MZ-T30,FPQ-11033,SO-43770,DN-3182,Mozambique,PMO - US,From RDC,N/A - From RDC,Truck,ARV,Adult,SCMS from RDC,"Lamivudine/Zidovudine 150/300mg, tablets, 60 Tabs",Lamivudine/Zidovudine,Generic,150/300mg,Tablet - FDC,Hetero Unit III Hyderabad IN,86574,60,32508,227556,7,0.12,281.49,,,FALSE,7/26/13,7/26/13,,
110-ZM-T30,FPQ-10728,SO-43460,DN-3186,Zambia,PMO - US,From RDC,N/A - From RDC,Truck,ARV,Adult,SCMS from RDC,"Lamivudine/Zidovudine 150/300mg, tablets, 60 Tabs",Lamivudine/Zidovudine,Generic,150/300mg,Tablet - FDC,"Cipla, Goa, India",86575,60,12873,90111,7,0.12,126.34,,,FALSE,6/28/13,6/7/13,,
151-NG-T30,FPQ-11022,SO-45203,DN-3190,Nigeria,PMO - US,From RDC,N/A - From RDC,Air Charter,ARV,Pediatric,SCMS from RDC,"Efavirenz 200mg, scored tablets, 90 Tabs",Efavirenz,Generic,200mg,Tablet,"Strides, Bangalore, India.",86576,90,10743,78423.9,7.3,0.08,97.01,748,20761,TRUE,5/21/13,5/29/13,,
151-NG-T30,FPQ-11022,SO-43840,DN-3197,Nigeria,PMO - US,From RDC,N/A - From RDC,Air Charter,ARV,Adult,SCMS from RDC,"Lopinavir/Ritonavir 200/50mg, tablets, 120 Tabs",Lopinavir/Ritonavir,Generic,200/50mg,Tablet,Hetero Unit III Hyderabad IN,86577,120,19000,413820,21.78,0.18,511.9,,,FALSE,5/31/13,5/28/13,,
109-TZ-T30,FPQ-12015,SO-44991,DN-3208,Tanzania,PMO - US,From RDC,N/A - From RDC,Truck,ARV,Adult,SCMS from RDC,"Efavirenz/Emtricitabine/Tenofovir Disoproxil Fumarate 600/200/300mg, tablets, 30 Tabs",Efavirenz/Emtricitabine/Tenofovir Disoproxil Fumarate,Generic,600/200/300mg,Tablet - FDC,Mylan (formerly Matrix) Nashik,86579,30,69963,906720.5,12.96,0.43,1121.61,7819,7108.78,TRUE,8/27/13,7/24/13,,
110-ZM-T30,FPQ-11553,SO-44477,DN-3211,Zambia,PMO - US,From RDC,N/A - From RDC,Truck,ARV,Adult,SCMS from RDC,"Nevirapine 200mg, tablets, 60 Tabs",Nevirapine,Generic,200mg,Tablet,Hetero Unit III Hyderabad IN,86580,60,42773,96666.98,2.26,0.04,119.58,2270,4356.75,TRUE,10/22/13,10/22/13,,
114-UG-T30,FPQ-10945,SO-43633,DN-3220,Uganda,PMO - US,From RDC,N/A - From RDC,Air,ARV,Adult,SCMS from RDC,"Efavirenz/Lamivudine/Tenofovir Disoproxil Fumarate 600/300/300mg, tablets, 30 Tabs",Efavirenz/Lamivudine/Tenofovir Disoproxil Fumarate,Generic,600/300/300mg,Tablet - FDC,Hetero Unit III Hyderabad IN,86581,30,5728,60258.56,10.52,0.35,74.54,770,2871,TRUE,7/31/13,7/19/13,,
901-CM-T30,FPQ-12520,SO-45820,DN-3227,Cameroon,PMO - US,From RDC,N/A - From RDC,Air Charter,ARV,Adult,SCMS from RDC,"Efavirenz 600mg, tablets, 30 Tabs",Efavirenz,Generic,600mg,Tablet,"Strides, Bangalore, India.",86582,30,33000,109890,3.33,0.11,135.93,,,FALSE,7/22/13,7/31/13,,
111-MZ-T30,FPQ-11033,SO-43774,DN-3230,Mozambique,PMO - US,From RDC,N/A - From RDC,Truck,ARV,Adult,SCMS from RDC,"Efavirenz/Lamivudine/Tenofovir Disoproxil Fumarate 600/300/300mg, tablets, 30 Tabs",Efavirenz/Lamivudine/Tenofovir Disoproxil Fumarate,Generic,600/300/300mg,Tablet - FDC,Hetero Unit III Hyderabad IN,86584,30,50000,526000,10.52,0.35,650.66,,,TRUE,8/1/13,8/1/13,,
111-MZ-T30,FPQ-11033,SO-43774,DN-3230,Mozambique,PMO - US,From RDC,N/A - From RDC,Truck,ARV,Adult,SCMS from RDC,"Efavirenz/Lamivudine/Tenofovir Disoproxil Fumarate 600/300/300mg, tablets, 30 Tabs",Efavirenz/Lamivudine/Tenofovir Disoproxil Fumarate,Generic,600/300/300mg,Tablet - FDC,Mylan (formerly Matrix) Nashik,86585,30,1000,10520,10.52,0.35,13.01,,,FALSE,8/1/13,8/1/13,,
151-NG-T30,FPQ-11771,SO-44755,DN-3239,Nigeria,PMO - US,From RDC,N/A - From RDC,Air Charter,ARV,Adult,SCMS from RDC,"Lamivudine/Nevirapine/Zidovudine 150/200/300mg, tablets, 60 Tabs",Lamivudine/Nevirapine/Zidovudine,Generic,150/300/200mg,Tablet - FDC,"Aurobindo Unit III, India",86586,60,249974,2144777,8.58,0.14,2653.09,,,FALSE,8/21/13,7/23/13,,
151-NG-T30,FPQ-11864,SO-44924,DN-3253,Nigeria,PMO - US,From RDC,N/A - From RDC,Air Charter,ARV,Pediatric,SCMS from RDC,"Lamivudine/Nevirapine/Zidovudine 30/50/60mg, dispersible tablets, 60 Tabs",Lamivudine/Nevirapine/Zidovudine,Generic,30/50/60mg,Chewable/dispersible tablet - FDC,Mylan (formerly Matrix) Nashik,86587,60,28029,116320.35,4.15,0.07,143.89,1698,,TRUE,9/4/13,7/23/13,,
151-NG-T30,FPQ-11771,SO-44758,DN-3252,Nigeria,PMO - US,From RDC,N/A - From RDC,Air Charter,ARV,Pediatric,SCMS from RDC,"Lamivudine/Nevirapine/Zidovudine 30/50/60mg, dispersible tablets, 60 Tabs",Lamivudine/Nevirapine/Zidovudine,Generic,30/50/60mg,Chewable/dispersible tablet - FDC,Mylan (formerly Matrix) Nashik,86588,60,38705,160625.75,4.15,0.07,198.69,2352,,TRUE,8/21/13,7/30/13,,
102-BI-T30,FPQ-12065,SO-45151,DN-3260,Burundi,PMO - US,From RDC,N/A - From RDC,Air,ARV,Adult,SCMS from RDC,"Lamivudine/Tenofovir Disoproxil Fumarate 300/300mg, tablets, 30 Tabs",Lamivudine/Tenofovir Disoproxil Fumarate,Generic,300/300mg,Tablet - FDC,Hetero Unit III Hyderabad IN,86589,30,48,225.6,4.7,0.16,0.28,,,FALSE,8/6/13,5/21/13,,
114-UG-T30,FPQ-12473,SO-45880,DN-3263,Uganda,PMO - US,From RDC,N/A - From RDC,Air,ARV,Adult,SCMS from RDC,"Lamivudine/Zidovudine 150/300mg, tablets, 60 Tabs",Lamivudine/Zidovudine,Generic,150/300mg,Tablet - FDC,"Cipla, Goa, India",86590,60,19697,137879,7,0.12,170.56,,,FALSE,9/27/13,9/27/13,,
114-UG-T30,FPQ-12473,SO-45870,DN-3267,Uganda,PMO - US,From RDC,N/A - From RDC,Air,ARV,Adult,SCMS from RDC,"Efavirenz 600mg, tablets, 30 Tabs",Efavirenz,Generic,600mg,Tablet,"Strides, Bangalore, India.",86591,30,7363,24518.79,3.33,0.11,30.33,,,FALSE,8/29/13,9/13/13,,
101-CD-T30,FPQ-12033,SO-45020,DN-3268,"Congo, DRC",PMO - US,From RDC,N/A - From RDC,Air,ARV,Adult,SCMS from RDC,"Nevirapine 200mg, tablets, 60 Tabs",Nevirapine,Generic,200mg,Tablet,"Aurobindo Unit III, India",86592,60,761,1719.86,2.26,0.04,2.13,,,FALSE,8/27/13,2/8/14,,
101-CD-T30,FPQ-12088,SO-45030,DN-3269,"Congo, DRC",PMO - US,From RDC,N/A - From RDC,Air,ARV,Pediatric,SCMS from RDC,"Zidovudine 10mg/ml, oral solution w/syringe, Bottle, 240 ml",Zidovudine,Generic,10mg/ml,Oral solution,"Aurobindo Unit III, India",86593,240,502,1054.2,2.1,0.01,1.3,,,FALSE,8/28/13,2/8/14,,
104-CI-T30,FPQ-11254,SO-44130,DN-3279,Côte d'Ivoire,PMO - US,From RDC,N/A - From RDC,Truck,ARV,Pediatric,SCMS from RDC,"Efavirenz 200mg, scored tablets, 90 Tabs",Efavirenz,Generic,200mg,Tablet,"Strides, Bangalore, India.",86595,90,7800,56940,7.3,0.08,70.43,462,3033.26,TRUE,8/28/13,8/28/13,,
102-BI-T30,FPQ-12602,SO-46021,DN-3283,Burundi,PMO - US,From RDC,N/A - From RDC,Air,ARV,Adult,SCMS from RDC,"Nevirapine 200mg, tablets, 60 Tabs",Nevirapine,Generic,200mg,Tablet,Hetero Unit III Hyderabad IN,86596,60,63,142.38,2.26,0.04,0.18,,,TRUE,10/13/13,5/21/13,,
111-MZ-T30,FPQ-11884,SO-44863,DN-3289,Mozambique,PMO - US,From RDC,N/A - From RDC,Truck,ARV,Adult,SCMS from RDC,"Lamivudine/Zidovudine 150/300mg, tablets, 60 Tabs",Lamivudine/Zidovudine,Generic,150/300mg,Tablet - FDC,"Aurobindo Unit III, India",86597,60,38016,276376.3,7.27,0.12,341.88,,,FALSE,11/13/13,11/13/13,,
103-ZW-T30,FPQ-11478,SO-44291,DN-3293,Zimbabwe,PMO - US,From RDC,N/A - From RDC,Truck,ARV,Pediatric,SCMS from RDC,"Lamivudine/Nevirapine/Zidovudine 30/50/60mg, dispersible tablets, 60 Tabs",Lamivudine/Nevirapine/Zidovudine,Generic,30/50/60mg,Chewable/dispersible tablet - FDC,"Strides, Bangalore, India.",86598,60,61591,255602.66,4.15,0.07,316.18,2641,4529.65,TRUE,9/12/13,9/20/13,,
111-MZ-T30,FPQ-12416,SO-45891,DN-3303,Mozambique,PMO - US,From RDC,N/A - From RDC,Truck,ARV,Adult,SCMS from RDC,"Tenofovir Disoproxil Fumarate 300mg, tablets, 30 Tabs",Tenofovir Disoproxil Fumarate,Generic,300mg,Tablet,Mylan (formerly Matrix) Nashik,86599,30,720,2908.8,4.04,0.13,3.6,52,504.5,TRUE,11/29/13,10/12/13,,
102-BI-T30,FPQ-12065,SO-45171,DN-3310,Burundi,PMO - US,From RDC,N/A - From RDC,Air,ARV,Pediatric,SCMS from RDC,"Nevirapine 10mg/ml, oral suspension w/syringe, Bottle, 240 ml",Nevirapine,Generic,10mg/ml,Oral suspension,"Aurobindo Unit III, India",86600,240,2280,4446,1.95,0.01,5.5,845,5435.44,TRUE,9/9/13,9/10/13,,
104-CI-T30,FPQ-10633,SO-43361,DN-3312,Côte d'Ivoire,PMO - US,From RDC,N/A - From RDC,Truck,ARV,Adult,SCMS from RDC,"Lamivudine/Tenofovir Disoproxil Fumarate 300/300mg, tablets, 30 Tabs",Lamivudine/Tenofovir Disoproxil Fumarate,Generic,300/300mg,Tablet - FDC,"Aurobindo Unit VII, IN",86601,30,4900,23030,4.7,0.16,32.29,487,3738.53,TRUE,9/30/13,9/13/13,,
151-NG-T30,FPQ-11864,SO-44931,DN-3324,Nigeria,PMO - US,From RDC,N/A - From RDC,Air Charter,ARV,Adult,SCMS from RDC,"Lamivudine/Nevirapine/Zidovudine 150/200/300mg, tablets, 60 Tabs",Lamivudine/Nevirapine/Zidovudine,Generic,150/300/200mg,Tablet - FDC,Mylan (formerly Matrix) Nashik,86602,60,7456,63972.48,8.58,0.14,79.13,,,FALSE,9/18/13,9/12/13,,
151-NG-T30,FPQ-11864,SO-44931,DN-3324,Nigeria,PMO - US,From RDC,N/A - From RDC,Air Charter,ARV,Adult,SCMS from RDC,"Lamivudine/Nevirapine/Zidovudine 150/200/300mg, tablets, 60 Tabs",Lamivudine/Nevirapine/Zidovudine,Generic,150/300/200mg,Tablet - FDC,"Aurobindo Unit III, India",86603,60,160000,1372800,8.58,0.14,1698.15,,,FALSE,9/18/13,9/12/13,,
102-DO-T30,FPQ-12902,SO-46510,DN-3325,Dominican Republic,PMO - US,From RDC,N/A - From RDC,Air,ARV,Adult,SCMS from RDC,"Lopinavir/Ritonavir 200/50mg, [DON] tablets, 120 Tabs",Lopinavir/Ritonavir,Generic,200/50mg,Tablet,Mylan (formerly Matrix) Nashik,86604,120,93,0,0,0,0,,,TRUE,9/26/13,5/21/13,,
105-GY-T30,FPQ-12047,SO-45050,DN-3331,Guyana,PMO - US,From RDC,N/A - From RDC,Air,ARV,Adult,SCMS from RDC,"Lopinavir/Ritonavir 200/50mg [Aluvia], tablets, 120 Tabs",Lopinavir/Ritonavir,Aluvia,200/50mg,Tablet,ABBVIE Ludwigshafen Germany,86605,120,1634,33039.48,20.22,0.17,40.87,,,FALSE,9/30/13,10/4/13,,
102-BI-T30,FPQ-12602,SO-46040,DN-3336,Burundi,PMO - US,From RDC,N/A - From RDC,Air,ARV,Adult,SCMS from RDC,"Efavirenz 600mg, tablets, 30 Tabs",Efavirenz,Generic,600mg,Tablet,"Strides, Bangalore, India.",86606,30,5568,18541.44,3.33,0.11,22.94,342,3325.77,TRUE,10/27/13,11/5/13,,
111-MZ-T30,FPQ-11884,SO-44870,DN-3339,Mozambique,PMO - US,From RDC,N/A - From RDC,Truck,ARV,Adult,SCMS from RDC,"Lamivudine/Zidovudine 150/300mg, tablets, 60 Tabs",Lamivudine/Zidovudine,Generic,150/300mg,Tablet - FDC,Mylan (formerly Matrix) Nashik,86607,60,39997,290778.2,7.27,0.12,359.69,,,FALSE,10/31/13,11/13/13,,
103-DO-T30,FPQ-11920,SO-46150,DN-3355,Dominican Republic,PMO - US,From RDC,N/A - From RDC,Air,ARV,Adult,SCMS from RDC,"Lopinavir/Ritonavir 200/50mg, tablets, 120 Tabs",Lopinavir/Ritonavir,Generic,200/50mg,Tablet,"Aurobindo Unit III, India",86610,120,14988,314748,21,0.18,389.34,,,FALSE,10/29/13,10/10/13,,
104-CI-T30,FPQ-11254,SO-44142,DN-3359,Côte d'Ivoire,PMO - US,From RDC,N/A - From RDC,Truck,ARV,Pediatric,SCMS from RDC,"Abacavir/Lamivudine 60/30mg, tablets, 30 Tabs",Abacavir/Lamivudine,Generic,60/30mg,Tablet - FDC,Mylan (formerly Matrix) Nashik,86611,30,6000,24000,4,0.13,29.69,243,2180.32,TRUE,11/20/13,10/4/13,,
110-ZM-T30,FPQ-12066,SO-45081,DN-3360,Zambia,PMO - US,From RDC,N/A - From RDC,Truck,ARV,Adult,SCMS from RDC,"Efavirenz/Emtricitabine/Tenofovir Disoproxil Fumarate 600/200/300mg, tablets, 30 Tabs",Efavirenz/Emtricitabine/Tenofovir Disoproxil Fumarate,Generic,600/200/300mg,Tablet - FDC,Mylan (formerly Matrix) Nashik,86612,30,177272,2180445.5,12.3,0.41,2697.21,,,FALSE,1/24/14,1/24/14,,
110-ZM-T30,FPQ-12066,SO-45081,DN-3360,Zambia,PMO - US,From RDC,N/A - From RDC,Truck,ARV,Adult,SCMS from RDC,"Efavirenz/Emtricitabine/Tenofovir Disoproxil Fumarate 600/200/300mg, tablets, 30 Tabs",Efavirenz/Emtricitabine/Tenofovir Disoproxil Fumarate,Generic,600/200/300mg,Tablet - FDC,"Aurobindo Unit VII, IN",86613,30,133970,1647831,12.3,0.41,2038.37,,,FALSE,1/24/14,1/24/14,,
104-CI-T30,FPQ-12712,SO-46300,DN-3372,Côte d'Ivoire,PMO - US,From RDC,N/A - From RDC,Truck,ARV,Adult,SCMS from RDC,"Abacavir/Lamivudine 600/300mg, scored tablets, 30 Tabs",Abacavir/Lamivudine,Generic,600/300mg,Tablet - FDC,Mylan (formerly Matrix) Nashik,86614,30,3400,45968,13.52,0.45,56.86,247,2414.89,TRUE,11/4/13,10/22/13,,
101-CD-T30,FPQ-12033,SO-45021,DN-3373,"Congo, DRC",PMO - US,From RDC,N/A - From RDC,Air,ARV,Adult,SCMS from RDC,"Lamivudine/Tenofovir Disoproxil Fumarate 300/300mg, tablets, 30 Tabs",Lamivudine/Tenofovir Disoproxil Fumarate,Generic,300/300mg,Tablet - FDC,"Aurobindo Unit VII, IN",86615,30,510,2397,4.7,0.16,2.97,,,FALSE,10/31/13,1/27/14,,
111-MZ-T30,FPQ-11884,SO-46770,DN-3375,Mozambique,PMO - US,From RDC,N/A - From RDC,Truck,ARV,Adult,SCMS from RDC,"Efavirenz/Lamivudine/Tenofovir Disoproxil Fumarate 600/300/300mg, tablets, 30 Tabs",Efavirenz/Lamivudine/Tenofovir Disoproxil Fumarate,Generic,600/300/300mg,Tablet - FDC,Hetero Unit III Hyderabad IN,86616,30,112303,1252178.5,11.15,0.37,1548.94,15105,5846.08,TRUE,11/29/13,11/28/13,,
114-UG-T30,FPQ-12253,SO-45550,DN-3378,Uganda,PMO - US,From RDC,N/A - From RDC,Truck,ARV,Adult,SCMS from RDC,"Nevirapine 200mg, tablets, 60 Tabs",Nevirapine,Generic,200mg,Tablet,Hetero Unit III Hyderabad IN,86617,60,45525,102886.5,2.26,0.04,127.27,2818,6976.78,TRUE,11/29/13,11/20/13,,
114-UG-T30,FPQ-12253,SO-45570,DN-3385,Uganda,PMO - US,From RDC,N/A - From RDC,Truck,ARV,Pediatric,SCMS from RDC,"Efavirenz 200mg, scored tablets, 90 Tabs",Efavirenz,Generic,200mg,Tablet,"Strides, Bangalore, India.",86618,90,8035,74725.5,9.3,0.1,92.44,,,FALSE,11/29/13,11/13/13,,
100-ZM-T30,FPQ-12497,SO-45910,DN-3395,Zambia,PMO - US,From RDC,N/A - From RDC,Air,ARV,Adult,SCMS from RDC,"Emtricitabine/Tenofovir Disoproxil Fumarate 200/300mg, tablets, 30 Tabs",Emtricitabine/Tenofovir Disoproxil Fumarate,Generic,200/300mg,Tablet - FDC,"Aurobindo Unit III, India",86621,30,31760,192783.2,6.07,0.2,238.47,2875,14275.5,TRUE,11/29/13,11/9/13,,
110-ZM-T30,FPQ-12087,SO-45100,DN-3396,Zambia,PMO - US,From RDC,N/A - From RDC,Truck,ARV,Adult,SCMS from RDC,"Lopinavir/Ritonavir 200/50mg [Aluvia], tablets, 120 Tabs",Lopinavir/Ritonavir,Aluvia,200/50mg,Tablet,ABBVIE Ludwigshafen Germany,86622,120,45711,924276.44,20.22,0.17,1143.33,,,FALSE,1/24/14,1/24/14,,
113-ZW-T30,FPQ-10895,SO-43550,DN-3404,Zimbabwe,PMO - US,From RDC,N/A - From RDC,Truck,ARV,Adult,SCMS from RDC,"Efavirenz/Lamivudine/Tenofovir Disoproxil Fumarate 600/300/300mg, tablets, 30 Tabs",Efavirenz/Lamivudine/Tenofovir Disoproxil Fumarate,Generic,600/300/300mg,Tablet - FDC,Mylan (formerly Matrix) Nashik,86625,30,20160,224784,11.15,0.37,278.06,2277,10942.88,TRUE,11/30/13,11/25/13,,
104-CI-T30,FPQ-11253,SO-44211,DN-3397,Côte d'Ivoire,PMO - US,From RDC,N/A - From RDC,Truck,ARV,Adult,SCMS from RDC,"Lamivudine/Nevirapine/Zidovudine 150/200/300mg, tablets, 60 Tabs",Lamivudine/Nevirapine/Zidovudine,Generic,150/300/200mg,Tablet - FDC,"Aurobindo Unit III, India",86626,60,41700,344442,8.26,0.14,426.07,4873,18002.87,TRUE,11/29/13,12/9/13,,
114-UG-T30,FPQ-13094,SO-46820,DN-3414,Uganda,PMO - US,From RDC,N/A - From RDC,Air,ARV,Pediatric,SCMS from RDC,"Lamivudine/Nevirapine/Zidovudine 30/50/60mg, dispersible tablets, 60 Tabs",Lamivudine/Nevirapine/Zidovudine,Generic,30/50/60mg,Chewable/dispersible tablet - FDC,Mylan (formerly Matrix) Nashik,86627,60,2277,8857.53,3.89,0.06,9.11,128,1611.43,TRUE,12/16/13,12/20/13,,
105-GY-T30,FPQ-12619,SO-46100,DN-3409,Guyana,PMO - US,From RDC,N/A - From RDC,Air,ARV,Pediatric,SCMS from RDC,"Abacavir 20mg/ml, oral solution w/syringe, Bottle, 240 ml",Abacavir,Generic,20mg/ml,Oral solution,"Aurobindo Unit III, India",86629,240,49,416.99,8.51,0.04,0.52,,,FALSE,12/31/13,11/30/13,,
105-GY-T30,FPQ-12619,SO-46100,DN-3409,Guyana,PMO - US,From RDC,N/A - From RDC,Air,ARV,Pediatric,SCMS from RDC,"Lamivudine 10mg/ml, oral solution w/syringe, Bottle, 240 ml",Lamivudine,Generic,10mg/ml,Oral solution,"Aurobindo Unit III, India",86630,240,135,195.75,1.45,0.01,0.24,,,FALSE,12/31/13,11/30/13,,
105-GY-T30,FPQ-12619,SO-46090,DN-3425,Guyana,PMO - US,From RDC,N/A - From RDC,Air,ARV,Adult,SCMS from RDC,"Abacavir 300mg, tablets, 60 Tabs",Abacavir,Generic,300mg,Tablet,"Aurobindo Unit III, India",86631,60,67,767.82,11.46,0.19,0.95,,,FALSE,12/31/13,12/2/13,,
110-ZM-T30,FPQ-12066,SO-45080,DN-3432,Zambia,PMO - US,From RDC,N/A - From RDC,Truck,ARV,Adult,SCMS from RDC,"Efavirenz/Emtricitabine/Tenofovir Disoproxil Fumarate 600/200/300mg, tablets, 30 Tabs",Efavirenz/Emtricitabine/Tenofovir Disoproxil Fumarate,Generic,600/200/300mg,Tablet - FDC,Mylan (formerly Matrix) Nashik,86632,30,2424,29815.2,12.3,0.41,36.88,,,FALSE,1/24/14,1/24/14,,
109-TZ-T30,FPQ-12587,SO-45998,DN-3505,Tanzania,PMO - US,From RDC,N/A - From RDC,Truck,ARV,Adult,SCMS from RDC,"Lopinavir/Ritonavir 200/50mg, tablets, 120 Tabs",Lopinavir/Ritonavir,Generic,200/50mg,Tablet,Mylan (formerly Matrix) Nashik,86634,120,32753,670781.44,20.48,0.17,829.76,,,FALSE,1/31/14,2/19/14,,
111-MZ-T30,FPQ-12573,SO-46170,DN-3554,Mozambique,PMO - US,From RDC,N/A - From RDC,Truck,ARV,Adult,SCMS from RDC,"Lamivudine/Nevirapine/Stavudine 150/200/30mg, tablets, 60 Tabs",Lamivudine/Nevirapine/Stavudine,Generic,150/200/30mg,Tablet - FDC,"Strides, Bangalore, India.",86635,60,12160,52531.2,4.32,0.07,64.98,,,FALSE,3/31/14,3/28/14,,
109-TZ-T30,FPQ-12587,SO-45997,DN-3477,Tanzania,PMO - US,From RDC,N/A - From RDC,Truck,ARV,Pediatric,SCMS from RDC,"Lamivudine/Nevirapine/Stavudine 60/100/12mg, dispersible tablets, 60 Tabs",Lamivudine/Nevirapine/Stavudine,Generic,60/100/12mg,Chewable/dispersible tablet - FDC,"Cipla, Goa, India",86637,60,3879,16679.7,4.3,0.07,20.63,,,FALSE,1/31/14,3/7/14,,
103-SS-T30,FPQ-13173,SO-47110,DN-3493,South Sudan,PMO - US,From RDC,N/A - From RDC,Air,ARV,Adult,SCMS from RDC,"Lamivudine/Nevirapine/Zidovudine 150/200/300mg, tablets, 60 Tabs",Lamivudine/Nevirapine/Zidovudine,Generic,150/300/200mg,Tablet - FDC,"Aurobindo Unit III, India",86639,60,3746,30941.96,8.26,0.14,31.81,,,FALSE,1/22/14,2/11/14,,
109-TZ-T30,FPQ-12587,SO-45996,DN-3499,Tanzania,PMO - US,From RDC,N/A - From RDC,Truck,ARV,Pediatric,SCMS from RDC,"Nevirapine 10mg/ml, oral suspension w/syringe, Bottle, 100 ml",Nevirapine,Generic,10mg/ml,Oral suspension,"Aurobindo Unit III, India",86643,100,20000,26000,1.3,0.01,32.16,3920,6010.2,TRUE,1/31/14,3/12/14,,
109-TZ-T30,FPQ-12587,SO-47520,DN-3500,Tanzania,PMO - US,From RDC,N/A - From RDC,Truck,ARV,Pediatric,SCMS from RDC,"Efavirenz 200mg, scored tablets, 90 Tabs",Efavirenz,Generic,200mg,Tablet,"Strides, Bangalore, India.",86644,90,21596,200842.8,9.3,0.1,248.44,1336,5033.8,TRUE,1/31/14,3/7/14,,
104-CI-T30,FPQ-12144,SO-45620,DN-3510,Côte d'Ivoire,PMO - US,From RDC,N/A - From RDC,Truck,ARV,Adult,SCMS from RDC,"Lopinavir/Ritonavir 200/50mg, tablets, 120 Tabs",Lopinavir/Ritonavir,Generic,200/50mg,Tablet,Mylan (formerly Matrix) Nashik,86650,120,20440,418611.2,20.48,0.17,517.82,5450,23701.58,TRUE,1/29/14,2/15/14,,
104-CI-T30,FPQ-11253,SO-44200,DN-3517,Côte d'Ivoire,PMO - US,From RDC,N/A - From RDC,Truck,ARV,Adult,SCMS from RDC,"Lamivudine/Nevirapine/Zidovudine 150/200/300mg, tablets, 60 Tabs",Lamivudine/Nevirapine/Zidovudine,Generic,150/300/200mg,Tablet - FDC,Hetero Unit III Hyderabad IN,86651,60,93700,773962,8.26,0.14,957.39,12220,42859.56,TRUE,2/10/14,2/5/14,,
107-RW-T30,FPQ-12190,SO-45380,DN-3518,Rwanda,PMO - US,From RDC,N/A - From RDC,Truck,ARV,Adult,SCMS from RDC,"Efavirenz/Lamivudine/Tenofovir Disoproxil Fumarate 600/300/300mg, tablets, 30 Tabs",Efavirenz/Lamivudine/Tenofovir Disoproxil Fumarate,Generic,600/300/300mg,Tablet - FDC,Mylan (formerly Matrix) Nashik,86652,30,119370,1297551.9,10.87,0.36,1605.07,13429,13380.52,TRUE,1/31/14,2/3/14,,
151-NG-T30,FPQ-12248,SO-45670,DN-3539,Nigeria,PMO - US,From RDC,N/A - From RDC,Air Charter,ARV,Pediatric,SCMS from RDC,"Lamivudine/Nevirapine/Zidovudine 30/50/60mg, dispersible tablets, 60 Tabs",Lamivudine/Nevirapine/Zidovudine,Generic,30/50/60mg,Chewable/dispersible tablet - FDC,"Strides, Bangalore, India.",86653,60,169447,635426.25,3.75,0.06,786.02,8039,30936.1,TRUE,2/28/14,2/10/14,,
151-NG-T30,FPQ-12801,SO-46541,DN-3542,Nigeria,PMO - US,From RDC,N/A - From RDC,Air Charter,ARV,Pediatric,SCMS from RDC,"Abacavir/Lamivudine 60/30mg, tablets, 60 Tabs",Abacavir/Lamivudine,Generic,60/30mg,Tablet - FDC,Mylan (formerly Matrix) Nashik,86654,60,4915,19660,4,0.07,24.32,,,FALSE,3/7/14,2/10/14,,
151-NG-T30,FPQ-12248,SO-45665,DN-3551,Nigeria,PMO - US,From RDC,N/A - From RDC,Air Charter,ARV,Adult,SCMS from RDC,"Lamivudine/Nevirapine/Zidovudine 150/200/300mg, tablets, 60 Tabs",Lamivudine/Nevirapine/Zidovudine,Generic,150/300/200mg,Tablet - FDC,Hetero Unit III Hyderabad IN,86655,60,83300,688058,8.26,0.14,851.13,,,FALSE,2/28/14,2/10/14,,
101-CD-T30,FPQ-13554,SO-47630,DN-3561,"Congo, DRC",PMO - US,From RDC,N/A - From RDC,Air,ARV,Adult,SCMS from RDC,"Efavirenz 600mg, tablets, 30 Tabs",Efavirenz,Generic,600mg,Tablet,"Strides, Bangalore, India.",86657,30,2827,9413.91,3.33,0.11,9.68,,,FALSE,5/30/14,5/19/14,,
110-ZM-T30,FPQ-12066,SO-45083,DN-3574,Zambia,PMO - US,From RDC,N/A - From RDC,Truck,ARV,Adult,SCMS from RDC,"Efavirenz/Emtricitabine/Tenofovir Disoproxil Fumarate 600/200/300mg, tablets, 30 Tabs",Efavirenz/Emtricitabine/Tenofovir Disoproxil Fumarate,Generic,600/200/300mg,Tablet - FDC,"Hetero, Jadcherla, unit 5, IN",86659,30,3866,45966.74,11.89,0.4,56.86,638,3526.7,TRUE,3/21/14,3/25/14,,
111-MZ-T30,FPQ-13123,SO-47083,DN-3580,Mozambique,PMO - US,From RDC,N/A - From RDC,Truck,ARV,Adult,SCMS from RDC,"Efavirenz 600mg, tablets, 30 Tabs",Efavirenz,Generic,600mg,Tablet,"Cipla, Goa, India",86660,30,43000,143190,3.33,0.11,147.2,,,FALSE,4/15/14,4/14/14,,
111-MZ-T30,FPQ-13123,SO-47083,DN-3580,Mozambique,PMO - US,From RDC,N/A - From RDC,Truck,ARV,Pediatric,SCMS from RDC,"Nevirapine 10mg/ml, oral suspension w/syringe, Bottle, 240 ml",Nevirapine,Generic,10mg/ml,Oral suspension,"Aurobindo Unit III, India",86661,240,4584,8526.24,1.86,0.01,8.76,,,FALSE,4/15/14,4/14/14,,
113-ZW-T30,FPQ-12950,SO-46620,DN-3588,Zimbabwe,PMO - US,From RDC,N/A - From RDC,Truck,ARV,Adult,SCMS from RDC,"Efavirenz/Lamivudine/Tenofovir Disoproxil Fumarate 600/300/300mg, tablets, 30 Tabs",Efavirenz/Lamivudine/Tenofovir Disoproxil Fumarate,Generic,600/300/300mg,Tablet - FDC,Mylan (formerly Matrix) Nashik,86662,30,143023,1594706.5,11.15,0.37,1972.65,,,FALSE,5/6/14,3/21/14,,
109-TZ-T30,FPQ-12015,SO-44994,DN-3594,Tanzania,PMO - US,From RDC,N/A - From RDC,Truck,ARV,Pediatric,SCMS from RDC,"Efavirenz 200mg, scored tablets, 90 Tabs",Efavirenz,Generic,200mg,Tablet,"Strides, Bangalore, India.",86663,90,135,1255.5,9.3,0.1,1.55,8,1231.6,TRUE,4/30/14,4/17/14,,
104-CI-T30,FPQ-12144,SO-45630,DN-3598,Côte d'Ivoire,PMO - US,From RDC,N/A - From RDC,Truck,ARV,Adult,SCMS from RDC,"Abacavir/Lamivudine 600/300mg, scored tablets, 30 Tabs",Abacavir/Lamivudine,Generic,600/300mg,Tablet - FDC,Mylan (formerly Matrix) Nashik,86664,30,1900,25688,13.52,0.45,31.78,,,FALSE,4/10/14,4/10/14,,
104-CI-T30,FPQ-12800,SO-46430,DN-3599,Côte d'Ivoire,PMO - US,From RDC,N/A - From RDC,Truck,ARV,Adult,SCMS from RDC,"Efavirenz/Lamivudine/Tenofovir Disoproxil Fumarate 600/300/300mg, tablets, 30 Tabs",Efavirenz/Lamivudine/Tenofovir Disoproxil Fumarate,Generic,600/300/300mg,Tablet - FDC,Hetero Unit III Hyderabad IN,86665,30,60200,633304,10.52,0.35,783.4,,,FALSE,4/30/14,4/14/14,,
151-NG-T30,FPQ-12248,SO-45660,DN-3619,Nigeria,PMO - US,From RDC,N/A - From RDC,Air Charter,ARV,Adult,SCMS from RDC,"Lamivudine/Nevirapine/Zidovudine 150/200/300mg, tablets, 60 Tabs",Lamivudine/Nevirapine/Zidovudine,Generic,150/300/200mg,Tablet - FDC,Mylan (formerly Matrix) Nashik,86666,60,37869,312797.94,8.26,0.14,386.93,,,FALSE,4/15/14,4/17/14,,
109-TZ-T30,FPQ-13042,SO-46673,DN-3614,Tanzania,PMO - US,From RDC,N/A - From RDC,Truck,ARV,Adult,SCMS from RDC,"Abacavir 300mg, tablets, 60 Tabs",Abacavir,Generic,300mg,Tablet,Mylan (formerly Matrix) Nashik,86668,60,27293,306500.38,11.23,0.19,379.14,2525,2352.53,TRUE,4/30/14,5/7/14,,
105-GY-T30,FPQ-13567,SO-47730,DN-3626,Guyana,PMO - US,From RDC,N/A - From RDC,Air,ARV,Adult,SCMS from RDC,"Lamivudine/Zidovudine 150/300mg, tablets, 60 Tabs",Lamivudine/Zidovudine,Generic,150/300mg,Tablet - FDC,Mylan (formerly Matrix) Nashik,86669,60,293,1971.89,6.73,0.11,2.03,,,FALSE,6/30/14,4/14/14,,
111-MZ-T30,FPQ-13123,SO-47084,DN-3627,Mozambique,PMO - US,From RDC,N/A - From RDC,Truck,ARV,Adult,SCMS from RDC,"Tenofovir Disoproxil Fumarate 300mg, tablets, 30 Tabs",Tenofovir Disoproxil Fumarate,Generic,300mg,Tablet,Hetero Unit III Hyderabad IN,86670,30,640,2419.2,3.78,0.13,2.49,,,FALSE,6/3/14,6/3/14,,
111-MZ-T30,FPQ-13124,SO-47041,DN-3628,Mozambique,PMO - US,From RDC,N/A - From RDC,Truck,ARV,Adult,SCMS from RDC,"Nevirapine 200mg, tablets, 60 Tabs",Nevirapine,Generic,200mg,Tablet,Hetero Unit III Hyderabad IN,86671,60,2100,4746,2.26,0.04,4.88,,,FALSE,6/14/14,6/24/14,,
104-CI-T30,FPQ-12800,SO-46423,DN-3630,Côte d'Ivoire,PMO - US,From RDC,N/A - From RDC,Air,ARV,Adult,SCMS from RDC,"Tenofovir Disoproxil Fumarate 300mg, tablets, 30 Tabs",Tenofovir Disoproxil Fumarate,Generic,300mg,Tablet,Hetero Unit III Hyderabad IN,86672,30,700,2646,3.78,0.13,3.27,,,FALSE,4/30/14,4/25/14,,
104-CI-T30,FPQ-12144,SO-45641,DN-3631,Côte d'Ivoire,PMO - US,From RDC,N/A - From RDC,Truck,ARV,Adult,SCMS from RDC,"Lopinavir/Ritonavir 200/50mg, tablets, 120 Tabs",Lopinavir/Ritonavir,Generic,200/50mg,Tablet,"Aurobindo Unit III, India",86673,120,28516,571460.6,20.04,0.17,706.9,,,FALSE,5/30/14,4/23/14,,
104-CI-T30,FPQ-13142,SO-47132,DN-3634,Côte d'Ivoire,PMO - US,From RDC,N/A - From RDC,Truck,ARV,Pediatric,SCMS from RDC,"Lamivudine 10mg/ml, oral solution w/syringe, Bottle, 240 ml",Lamivudine,Generic,10mg/ml,Oral solution,"Aurobindo Unit III, India",86674,240,4157,5944.51,1.43,0.01,6.11,1385,6437.76,TRUE,4/30/14,4/25/14,,
104-CI-T30,FPQ-12800,SO-46431,DN-3638,Côte d'Ivoire,PMO - US,From RDC,N/A - From RDC,Truck,ARV,Pediatric,SCMS from RDC,"Nevirapine 10mg/ml, oral suspension w/syringe, Bottle, 100 ml",Nevirapine,Generic,10mg/ml,Oral suspension,"Aurobindo Unit III, India",86675,100,4000,5200,1.3,0.01,6.43,750,3138.81,TRUE,4/30/14,4/25/14,,
111-MZ-T30,FPQ-12416,SO-48180,DN-3644,Mozambique,PMO - US,From RDC,N/A - From RDC,Truck,ARV,Adult,SCMS from RDC,"Abacavir 300mg, tablets, 60 Tabs",Abacavir,Generic,300mg,Tablet,Mylan (formerly Matrix) Nashik,86676,60,405,4548.15,11.23,0.19,5.63,39,3590,TRUE,6/2/14,6/3/14,,
110-ZM-T30,FPQ-13221,SO-47201,DN-3648,Zambia,PMO - US,From RDC,N/A - From RDC,Truck,ARV,Adult,SCMS from RDC,"Lamivudine/Tenofovir Disoproxil Fumarate 300/300mg, tablets, 30 Tabs",Lamivudine/Tenofovir Disoproxil Fumarate,Generic,300/300mg,Tablet - FDC,Ranbaxy per Shasun Pharma,86677,30,12590,58417.6,4.64,0.15,60.05,,,FALSE,5/6/14,5/19/14,,
111-MZ-T30,FPQ-13123,SO-47085,DN-3652,Mozambique,PMO - US,From RDC,N/A - From RDC,Truck,ARV,Adult,SCMS from RDC,"Lamivudine/Nevirapine/Zidovudine 150/200/300mg, tablets, 60 Tabs",Lamivudine/Nevirapine/Zidovudine,Generic,150/300/200mg,Tablet - FDC,"Cipla, Goa, India",86678,60,173309,1405536,8.11,0.14,1444.89,,,FALSE,6/16/14,5/23/14,,
101-CD-T30,FPQ-13554,SO-47631,DN-3654,"Congo, DRC",PMO - US,From RDC,N/A - From RDC,Air,ARV,Adult,SCMS from RDC,"Zidovudine 300mg, tablets, 60 Tabs",Zidovudine,Generic,300mg,Tablet,Mylan (formerly Matrix) Nashik,86679,60,3000,16500,5.5,0.09,16.96,,,FALSE,8/15/14,8/15/14,,
109-TZ-T30,FPQ-13042,SO-47961,DN-3690,Tanzania,PMO - US,From RDC,N/A - From RDC,Truck,ARV,Adult,SCMS from RDC,"Abacavir 300mg, tablets, 60 Tabs",Abacavir,Generic,300mg,Tablet,Mylan (formerly Matrix) Nashik,86680,60,2707,30399.61,11.23,0.19,37.6,263,1811.6,TRUE,5/30/14,6/21/14,,
114-UG-T30,FPQ-13107,SO-46850,DN-3713,Uganda,PMO - US,From RDC,N/A - From RDC,Truck,ARV,Adult,SCMS from RDC,"Lamivudine/Nevirapine/Zidovudine 150/200/300mg, tablets, 60 Tabs",Lamivudine/Nevirapine/Zidovudine,Generic,150/300/200mg,Tablet - FDC,Hetero Unit III Hyderabad IN,86683,60,45950,372654.5,8.11,0.14,383.09,6061,6901.96,TRUE,5/30/14,5/28/14,,
105-GY-T30,FPQ-13567,SO-47721,DN-3716,Guyana,PMO - US,From RDC,N/A - From RDC,Air,ARV,Pediatric,SCMS from RDC,"Efavirenz 200mg, scored tablets, 90 Tabs",Efavirenz,Generic,200mg,Tablet,"Strides, Bangalore, India.",86684,90,75,697.5,9.3,0.1,0.72,5,908.65,TRUE,5/30/14,6/4/14,,
151-NG-T30,FPQ-13293,SO-47284,DN-3719,Nigeria,PMO - US,From RDC,N/A - From RDC,Air Charter,ARV,Pediatric,SCMS from RDC,"Lamivudine/Nevirapine/Zidovudine 30/50/60mg, dispersible tablets, 60 Tabs",Lamivudine/Nevirapine/Zidovudine,Generic,30/50/60mg,Chewable/dispersible tablet - FDC,"Strides, Bangalore, India.",86685,60,11820,44325,3.75,0.06,45.57,,,FALSE,6/30/14,5/9/14,,
151-NG-T30,FPQ-13293,SO-47271,DN-3721,Nigeria,PMO - US,From RDC,N/A - From RDC,Air Charter,ARV,Adult,SCMS from RDC,"Lamivudine/Nevirapine/Zidovudine 150/200/300mg, tablets, 60 Tabs",Lamivudine/Nevirapine/Zidovudine,Generic,150/300/200mg,Tablet - FDC,Hetero Unit III Hyderabad IN,86686,60,200000,1622000,8.11,0.14,1667.42,,,FALSE,6/3/14,5/9/14,,
111-MZ-T30,FPQ-13575,SO-47702,DN-3744,Mozambique,PMO - US,From RDC,N/A - From RDC,Truck,ARV,Adult,SCMS from RDC,"Efavirenz/Lamivudine/Tenofovir Disoproxil Fumarate 600/300/300mg, tablets, 30 Tabs",Efavirenz/Lamivudine/Tenofovir Disoproxil Fumarate,Generic,600/300/300mg,Tablet - FDC,Mylan (formerly Matrix) Nashik,86691,30,247500,2668050,10.78,0.36,2742.76,,,FALSE,8/31/14,7/18/14,,
113-ZW-T30,FPQ-13508,SO-47541,DN-3771,Zimbabwe,PMO - US,From RDC,N/A - From RDC,Truck,ARV,Adult,SCMS from RDC,"Nevirapine 200mg, tablets, 60 Tabs",Nevirapine,Generic,200mg,Tablet,Hetero Unit III Hyderabad IN,86694,60,178097,402499.22,2.26,0.04,413.77,,,FALSE,9/30/14,6/20/14,,
103-ZW-T30,FPQ-13316,SO-47250,DN-3772,Zimbabwe,PMO - US,From RDC,N/A - From RDC,Air,ARV,Pediatric,SCMS from RDC,"Abacavir/Lamivudine 60/30mg, tablets, 60 Tabs",Abacavir/Lamivudine,Generic,60/30mg,Tablet - FDC,"Aurobindo Unit III, India",86695,60,1973,7892,4,0.07,8.11,8894,102.67,TRUE,6/30/14,6/20/14,,
111-MZ-T30,FPQ-14226,SO-49390,DN-3886,Mozambique,PMO - US,From RDC,N/A - From RDC,Truck,ARV,Adult,SCMS from RDC,"Lamivudine/Tenofovir Disoproxil Fumarate 300/300mg, tablets, 30 Tabs",Lamivudine/Tenofovir Disoproxil Fumarate,Generic,300/300mg,Tablet - FDC,"Aurobindo Unit VII, IN",86698,30,2199,10203.36,4.64,0.15,10.49,,,FALSE,9/30/14,10/30/14,,
103-SS-T30,FPQ-14574,SO-49370,DN-3891,South Sudan,PMO - US,From RDC,N/A - From RDC,Air,ARV,Adult,SCMS from RDC,"Efavirenz 600mg, tablets, 30 Tabs",Efavirenz,Generic,600mg,Tablet,"Cipla, Goa, India",86699,30,4488,14406.48,3.21,0.11,14.81,,,FALSE,10/2/14,10/17/14,,
114-UG-T30,FPQ-14396,SO-48991,DN-3880,Uganda,PMO - US,From RDC,N/A - From RDC,Truck,ARV,Adult,SCMS from RDC,"Lopinavir/Ritonavir 200/50mg [Aluvia], tablets, 120 Tabs",Lopinavir/Ritonavir,Aluvia,200/50mg,Tablet,ABBVIE Ludwigshafen Germany,86701,120,5337,100869.3,18.9,0.16,103.69,1089,3730.8,TRUE,11/28/14,8/22/14,,
107-RW-T30,FPQ-14111,SO-48800,DN-3788,Rwanda,PMO - US,From RDC,N/A - From RDC,Truck,ARV,Adult,SCMS from RDC,"Lamivudine/Nevirapine/Zidovudine 150/200/300mg, tablets, 60 Tabs",Lamivudine/Nevirapine/Zidovudine,Generic,150/300/200mg,Tablet - FDC,Hetero Unit III Hyderabad IN,86703,60,86008,697524.9,8.11,0.14,717.06,11117,15617.93,TRUE,10/30/14,8/13/14,,
151-NG-T30,FPQ-13293,SO-47287,DN-3793,Nigeria,PMO - US,From RDC,N/A - From RDC,Air Charter,ARV,Pediatric,SCMS from RDC,"Lamivudine/Nevirapine/Zidovudine 30/50/60mg, dispersible tablets, 60 Tabs",Lamivudine/Nevirapine/Zidovudine,Generic,30/50/60mg,Chewable/dispersible tablet - FDC,"Strides, Bangalore, India.",86704,60,65761,245288.53,3.73,0.06,252.16,3156,28812.57,TRUE,6/30/14,6/20/14,,
111-MZ-T30,FPQ-13124,SO-47040,DN-3809,Mozambique,PMO - US,From RDC,N/A - From RDC,Truck,ARV,Adult,SCMS from RDC,"Zidovudine 300mg, tablets, 60 Tabs",Zidovudine,Generic,300mg,Tablet,"Aurobindo Unit III, India",86706,60,57870,314812.8,5.44,0.09,323.63,,,FALSE,8/15/14,8/15/14,,
103-ZW-T30,FPQ-13967,SO-48441,DN-3823,Zimbabwe,PMO - US,From RDC,N/A - From RDC,Truck,ARV,Pediatric,SCMS from RDC,"Lamivudine/Nevirapine/Zidovudine 30/50/60mg, dispersible tablets, 60 Tabs",Lamivudine/Nevirapine/Zidovudine,Generic,30/50/60mg,Chewable/dispersible tablet - FDC,"Cipla, Goa, India",86709,60,66023,246265.8,3.73,0.06,253.16,5780,15789.2,TRUE,9/30/14,6/29/14,,
110-ZM-T30,FPQ-14105,SO-48650,DN-3838,Zambia,PMO - US,From RDC,N/A - From RDC,Truck,ARV,Adult,SCMS from RDC,"Lamivudine/Zidovudine 150/300mg, tablets, 60 Tabs",Lamivudine/Zidovudine,Generic,150/300mg,Tablet - FDC,"Aurobindo Unit III, India",86711,60,14653,96709.8,6.6,0.11,99.42,1413,1325.68,TRUE,9/4/14,7/25/14,,
111-MZ-T30,FPQ-13124,SO-47053,DN-3864,Mozambique,PMO - US,From RDC,N/A - From RDC,Truck,ARV,Adult,SCMS from RDC,"Lamivudine/Nevirapine/Zidovudine 150/200/300mg, tablets, 60 Tabs",Lamivudine/Nevirapine/Zidovudine,Generic,150/300/200mg,Tablet - FDC,"Cipla, Goa, India",86718,60,114324,927167.6,8.11,0.14,953.13,,,FALSE,8/29/14,10/27/14,,
111-MZ-T30,FPQ-13394,SO-47462,DN-3866,Mozambique,PMO - US,From RDC,N/A - From RDC,Truck,ARV,Adult,SCMS from RDC,"Lamivudine/Nevirapine/Zidovudine 150/200/300mg, tablets, 60 Tabs",Lamivudine/Nevirapine/Zidovudine,Generic,150/300/200mg,Tablet - FDC,"Aurobindo Unit III, India",86719,60,103410,838655.1,8.11,0.14,862.14,,,FALSE,8/29/14,10/27/14,,
109-TZ-T30,FPQ-13042,SO-46674,DN-3867,Tanzania,PMO - US,From RDC,N/A - From RDC,Truck,ARV,Pediatric,SCMS from RDC,"Lamivudine/Nevirapine/Zidovudine 30/50/60mg, dispersible tablets, 60 Tabs",Lamivudine/Nevirapine/Zidovudine,Generic,30/50/60mg,Chewable/dispersible tablet - FDC,Mylan (formerly Matrix) Nashik,86720,60,42141,157185.94,3.73,0.06,194.44,,,FALSE,8/29/14,9/29/14,,
111-MZ-T30,FPQ-14226,SO-48870,DN-3903,Mozambique,PMO - US,From RDC,N/A - From RDC,Truck,ARV,Adult,SCMS from RDC,"Lamivudine/Tenofovir Disoproxil Fumarate 300/300mg, tablets, 30 Tabs",Lamivudine/Tenofovir Disoproxil Fumarate,Generic,300/300mg,Tablet - FDC,Ranbaxy per Shasun Pharma,86721,30,38774,179911.36,4.64,0.15,184.95,,,FALSE,12/30/14,10/30/14,,
151-NG-T30,FPQ-13704,SO-48321,DN-3915,Nigeria,PMO - US,From RDC,N/A - From RDC,Air Charter,ARV,Pediatric,SCMS from RDC,"Efavirenz 200mg, scored tablets, 90 Tabs",Efavirenz,Generic,200mg,Tablet,"Strides, Bangalore, India.",86723,90,635,5905.5,9.3,0.1,6.07,65,177,TRUE,9/30/14,9/3/14,,
151-NG-T30,FPQ-14156,SO-48902,DN-3916,Nigeria,PMO - US,From RDC,N/A - From RDC,Air Charter,ARV,Adult,SCMS from RDC,"Efavirenz 600mg, tablets, 30 Tabs",Efavirenz,Generic,600mg,Tablet,"Strides, Bangalore, India.",86724,30,12241,39293.61,3.21,0.11,40.39,828,3773,TRUE,10/31/14,9/3/14,,
111-MZ-T30,FPQ-13165,SO-47590,DN-3934,Mozambique,PMO - US,From RDC,N/A - From RDC,Truck,ARV,Adult,SCMS from RDC,"Abacavir/Lamivudine 600/300mg, tablets, 30 Tabs",Abacavir/Lamivudine,Generic,600/300mg,Tablet - FDC,"Cipla, Patalganga, India",86727,30,3793,51281.36,13.52,0.45,52.72,383,123.7,TRUE,10/31/14,10/30/14,,
105-GY-T30,FPQ-14042,SO-48521,DN-3938,Guyana,PMO - US,From RDC,N/A - From RDC,Air,ARV,Adult,SCMS from RDC,"Lamivudine/Zidovudine 150/300mg, tablets, 60 Tabs",Lamivudine/Zidovudine,Generic,150/300mg,Tablet - FDC,"Aurobindo Unit III, India",86728,60,228,1504.8,6.6,0.11,1.55,21,973.48,TRUE,9/30/14,10/9/14,,
111-MZ-T30,FPQ-13575,SO-47700,DN-3939,Mozambique,PMO - US,From RDC,N/A - From RDC,Truck,ARV,Adult,SCMS from RDC,"Lamivudine/Nevirapine/Zidovudine 150/200/300mg, tablets, 60 Tabs",Lamivudine/Nevirapine/Zidovudine,Generic,150/300/200mg,Tablet - FDC,"Aurobindo Unit III, India",86729,60,110000,908600,8.26,0.14,934.04,,,FALSE,10/31/14,10/30/14,,
111-MZ-T30,FPQ-14226,SO-48884,DN-3944,Mozambique,PMO - US,From RDC,N/A - From RDC,Truck,ARV,Adult,SCMS from RDC,"Tenofovir Disoproxil Fumarate 300mg, tablets, 30 Tabs",Tenofovir Disoproxil Fumarate,Generic,300mg,Tablet,Hetero Unit III Hyderabad IN,86730,30,220,831.6,3.78,0.13,0.85,,,FALSE,12/31/14,10/28/14,,
111-MZ-T30,FPQ-14226,SO-48885,DN-3957,Mozambique,PMO - US,From RDC,N/A - From RDC,Truck,ARV,Adult,SCMS from RDC,"Efavirenz/Lamivudine/Tenofovir Disoproxil Fumarate 600/300/300mg, tablets, 30 Tabs",Efavirenz/Lamivudine/Tenofovir Disoproxil Fumarate,Generic,600/300/300mg,Tablet - FDC,Mylan (formerly Matrix) Nashik,86735,30,19492,210123.77,10.78,0.36,216.01,,,FALSE,12/31/14,12/1/14,,
104-CI-T30,FPQ-14064,SO-48750,DN-3982,Côte d'Ivoire,PMO - US,From RDC,N/A - From RDC,Truck,ARV,Adult,SCMS from RDC,"Abacavir/Lamivudine 600/300mg, tablets, 30 Tabs",Abacavir/Lamivudine,Generic,600/300mg,Tablet - FDC,Mylan (formerly Matrix) Nashik,86737,30,2400,32376,13.49,0.45,33.28,213,1422.54,TRUE,10/31/14,10/24/14,,
101-CD-T30,FPQ-14576,SO-49290,DN-3975,"Congo, DRC",PMO - US,From RDC,N/A - From RDC,Air,ARV,Adult,SCMS from RDC,"Lamivudine/Zidovudine 150/300mg, tablets, 60 Tabs",Lamivudine/Zidovudine,Generic,150/300mg,Tablet - FDC,Mylan (formerly Matrix) Nashik,86739,60,4670,30448.4,6.52,0.11,31.3,,,FALSE,1/30/15,2/18/15,,
101-CD-T30,FPQ-14576,SO-49290,DN-3975,"Congo, DRC",PMO - US,From RDC,N/A - From RDC,Air,ARV,Adult,SCMS from RDC,"Lamivudine/Nevirapine/Zidovudine 150/200/300mg, tablets, 60 Tabs",Lamivudine/Nevirapine/Zidovudine,Generic,150/300/200mg,Tablet - FDC,Mylan (formerly Matrix) Nashik,86740,60,3460,28060.6,8.11,0.14,28.85,,,FALSE,1/30/15,2/18/15,,
101-CD-T30,FPQ-14576,SO-49290,DN-3975,"Congo, DRC",PMO - US,From RDC,N/A - From RDC,Air,ARV,Adult,SCMS from RDC,"Lamivudine 150mg, tablets, 60 Tabs",Lamivudine,Generic,150mg,Tablet,"Aurobindo Unit III, India",86741,60,1976,3438.24,1.74,0.03,3.53,,,FALSE,1/30/15,2/18/15,,
151-NG-T30,FPQ-14156,SO-48905,DN-3996,Nigeria,PMO - US,From RDC,N/A - From RDC,Air Charter,ARV,Adult,SCMS from RDC,"Lamivudine/Tenofovir Disoproxil Fumarate 300/300mg, tablets, 30 Tabs",Lamivudine/Tenofovir Disoproxil Fumarate,Generic,300/300mg,Tablet - FDC,"Aurobindo Unit VII, IN",86743,30,57000,263340,4.62,0.15,270.71,5735,20138,TRUE,10/31/14,10/30/14,,
107-RW-T30,FPQ-14811,SO-49941,DN-4011,Rwanda,PMO - US,From RDC,N/A - From RDC,Truck,ARV,Pediatric,SCMS from RDC,"Lamivudine/Zidovudine 30/60mg, dispersible tablets, 60 Tabs",Lamivudine/Zidovudine,Generic,30/60mg,Chewable/dispersible tablet - FDC,"Cipla, Goa, India",86746,60,459,913.41,1.99,0.03,0.94,,,FALSE,1/14/15,11/13/14,,
107-RW-T30,FPQ-14111,SO-48790,DN-4012,Rwanda,PMO - US,From RDC,N/A - From RDC,Truck,ARV,Adult,SCMS from RDC,"Abacavir/Lamivudine 600/300mg, tablets, 30 Tabs",Abacavir/Lamivudine,Generic,600/300mg,Tablet - FDC,Mylan (formerly Matrix) Nashik,86747,30,49270,666130.4,13.52,0.45,684.78,,,FALSE,2/16/15,1/14/15,,
114-UG-T30,FPQ-14396,SO-48973,DN-4019,Uganda,PMO - US,From RDC,N/A - From RDC,Truck,ARV,Adult,SCMS from RDC,"Efavirenz 600mg, tablets, 30 Tabs",Efavirenz,Generic,600mg,Tablet,"Strides, Bangalore, India.",86749,30,22500,72225,3.21,0.11,74.25,,,FALSE,1/15/15,12/17/14,,
104-CI-T30,FPQ-13628,SO-47882,DN-4016,Côte d'Ivoire,PMO - US,From RDC,N/A - From RDC,Truck,ARV,Adult,SCMS from RDC,"Efavirenz 600mg, tablets, 30 Tabs",Efavirenz,Generic,600mg,Tablet,"Strides, Bangalore, India.",86750,30,32400,107892,3.33,0.11,110.91,,,FALSE,11/28/14,12/2/14,,
104-CI-T30,FPQ-14370,SO-49081,DN-4015,Côte d'Ivoire,PMO - US,From RDC,N/A - From RDC,Truck,ARV,Adult,SCMS from RDC,"Lamivudine/Zidovudine 150/300mg, tablets, 60 Tabs",Lamivudine/Zidovudine,Generic,150/300mg,Tablet - FDC,"Aurobindo Unit III, India",86751,60,55995,365087.4,6.52,0.11,375.31,4899,19497.24,TRUE,11/28/14,12/2/14,,
110-ZM-T30,FPQ-13221,SO-47208,DN-4045,Zambia,PMO - US,From RDC,N/A - From RDC,Truck,ARV,Adult,SCMS from RDC,"Lamivudine/Tenofovir Disoproxil Fumarate 300/300mg, tablets, 30 Tabs",Lamivudine/Tenofovir Disoproxil Fumarate,Generic,300/300mg,Tablet - FDC,Hetero Unit III Hyderabad IN,86756,30,18447,85225.14,4.62,0.15,87.61,1906,2201.74,TRUE,1/30/15,2/19/15,,
151-NG-T30,FPQ-14156,SO-48892,DN-4052,Nigeria,PMO - US,From RDC,N/A - From RDC,Air Charter,ARV,Adult,SCMS from RDC,"Lamivudine/Nevirapine/Zidovudine 150/200/300mg, tablets, 60 Tabs",Lamivudine/Nevirapine/Zidovudine,Generic,150/300/200mg,Tablet - FDC,"Cipla, Goa, India",86757,60,306992,2369978.2,7.72,0.13,2436.34,,,FALSE,1/30/15,12/29/14,,
104-CI-T30,FPQ-14370,SO-49052,DN-4064,Côte d'Ivoire,PMO - US,From RDC,N/A - From RDC,Truck,ARV,Adult,SCMS from RDC,"Lamivudine/Nevirapine/Zidovudine 150/200/300mg, tablets, 60 Tabs",Lamivudine/Nevirapine/Zidovudine,Generic,150/300/200mg,Tablet - FDC,Hetero Unit III Hyderabad IN,86758,60,120000,926400,7.72,0.13,952.34,,,FALSE,2/16/15,1/19/15,,
151-NG-T30,FPQ-14156,SO-48908,DN-4097,Nigeria,PMO - US,From RDC,N/A - From RDC,Air Charter,ARV,Adult,SCMS from RDC,"Lamivudine/Tenofovir Disoproxil Fumarate 300/300mg, tablets, 30 Tabs",Lamivudine/Tenofovir Disoproxil Fumarate,Generic,300/300mg,Tablet - FDC,Hetero Unit III Hyderabad IN,86772,30,296996,1369151.5,4.61,0.15,1407.49,,,FALSE,1/30/15,1/14/15,,
114-UG-T30,FPQ-14396,SO-49011,DN-4100,Uganda,PMO - US,From RDC,N/A - From RDC,Truck,ARV,Pediatric,SCMS from RDC,"Lamivudine/Nevirapine/Zidovudine 30/50/60mg, dispersible tablets, 60 Tabs",Lamivudine/Nevirapine/Zidovudine,Generic,30/50/60mg,Chewable/dispersible tablet - FDC,Mylan (formerly Matrix) Nashik,86773,60,5000,18650,3.73,0.06,19.17,297,1326,TRUE,2/6/15,1/30/15,,
101-CD-T30,FPQ-14576,SO-49311,DN-4107,"Congo, DRC",PMO - US,From RDC,N/A - From RDC,Air,ARV,Adult,SCMS from RDC,"Efavirenz/Lamivudine/Tenofovir Disoproxil Fumarate 600/300/300mg, tablets, 30 Tabs",Efavirenz/Lamivudine/Tenofovir Disoproxil Fumarate,Generic,600/300/300mg,Tablet - FDC,Mylan (formerly Matrix) Nashik,86774,30,55300,539728,9.76,0.33,554.84,6247,61201.46,TRUE,4/14/15,4/14/15,,
114-UG-T30,FPQ-14396,SO-49010,DN-4151,Uganda,PMO - US,From RDC,N/A - From RDC,Truck,ARV,Pediatric,SCMS from RDC,"Lamivudine/Nevirapine/Zidovudine 30/50/60mg, dispersible tablets, 60 Tabs",Lamivudine/Nevirapine/Zidovudine,Generic,30/50/60mg,Chewable/dispersible tablet - FDC,"Strides, Bangalore, India.",86781,60,273,982.8,3.6,0.06,1.01,,,FALSE,3/16/15,3/12/15,,
111-MZ-T30,FPQ-15195,SO-50121,DN-4153,Mozambique,PMO - US,From RDC,N/A - From RDC,Truck,ARV,Pediatric,SCMS from RDC,"Nevirapine 10mg/ml, oral suspension w/syringe, Bottle, 240 ml",Nevirapine,Generic,10mg/ml,Oral suspension,"Aurobindo Unit III, India",86782,240,24871,37555.21,1.51,0.01,44.2,,,FALSE,6/30/15,4/10/15,,
110-ZM-T30,FPQ-14575,SO-49280,DN-4154,Zambia,PMO - US,From RDC,N/A - From RDC,Truck,ARV,Adult,SCMS from RDC,"Nevirapine 200mg, tablets, 60 Tabs",Nevirapine,Generic,200mg,Tablet,"Strides, Bangalore, India.",86784,60,71600,156088,2.18,0.04,160.46,,,FALSE,2/27/15,3/25/15,,
107-RW-T30,FPQ-14111,SO-48810,DN-4149,Rwanda,PMO - US,From RDC,N/A - From RDC,Truck,ARV,Pediatric,SCMS from RDC,"Abacavir 20mg/ml, oral solution, Bottle, 240 ml",Abacavir,Generic,20mg/ml,Oral solution,"Aurobindo Unit III, India",86785,240,1820,12430.6,6.83,0.03,12.78,,,FALSE,3/31/15,3/24/15,,
114-UG-T30,FPQ-14396,SO-48990,DN-4163,Uganda,PMO - US,From RDC,N/A - From RDC,Truck,ARV,Adult,SCMS from RDC,"Lamivudine/Tenofovir Disoproxil Fumarate 300/300mg, tablets, 30 Tabs",Lamivudine/Tenofovir Disoproxil Fumarate,Generic,300/300mg,Tablet - FDC,Ranbaxy per Shasun Pharma,86786,30,27365,125605.35,4.59,0.15,129.12,2885,2564.94,TRUE,3/31/15,5/15/15,,
107-RW-T30,FPQ-15622,SO-50690,DN-4176,Rwanda,PMO - US,From RDC,N/A - From RDC,Air,ARV,Adult,SCMS from RDC,"Tenofovir Disoproxil Fumarate 300mg, tablets, 30 Tabs",Tenofovir Disoproxil Fumarate,Generic,300mg,Tablet,Mylan (formerly Matrix) Nashik,86787,30,200,710,3.55,0.12,0.84,12,1301.94,TRUE,4/24/15,5/4/15,,
102-BI-T30,FPQ-15406,SO-50280,DN-4178,Burundi,PMO - US,From RDC,N/A - From RDC,Air,ARV,Adult,SCMS from RDC,"Lamivudine/Nevirapine/Zidovudine 150/200/300mg, tablets, 60 Tabs",Lamivudine/Nevirapine/Zidovudine,Generic,150/300/200mg,Tablet - FDC,"Hetero, Jadcherla, unit 5, IN",86788,60,1008,7781.76,7.72,0.13,9.16,,,FALSE,5/29/15,3/25/15,,
102-BI-T30,FPQ-15406,SO-50280,DN-4178,Burundi,PMO - US,From RDC,N/A - From RDC,Air,ARV,Pediatric,SCMS from RDC,"Lamivudine/Zidovudine 30/60mg, dispersible tablets, 60 Tabs",Lamivudine/Zidovudine,Generic,30/60mg,Chewable/dispersible tablet - FDC,"Mylan,  H-12 & H-13, India",86789,60,282,549.9,1.95,0.03,0.65,,,FALSE,5/29/15,3/25/15,,
151-NG-T30,FPQ-14989,SO-49931,DN-4187,Nigeria,PMO - US,From RDC,N/A - From RDC,Air Charter,ARV,Adult,SCMS from RDC,"Lopinavir/Ritonavir 200/50mg [Aluvia], tablets, 120 Tabs",Lopinavir/Ritonavir,Aluvia,200/50mg,Tablet,ABBVIE Ludwigshafen Germany,86790,120,13130,244743.2,18.64,0.16,251.6,3232,4495.29,TRUE,6/30/15,3/18/15,,
101-CD-T30,FPQ-15787,SO-50910,DN-4195,"Congo, DRC",PMO - US,From RDC,N/A - From RDC,Air,ARV,Pediatric,SCMS from RDC,"Lamivudine/Zidovudine 30/60mg, dispersible tablets, 60 Tabs",Lamivudine/Zidovudine,Generic,30/60mg,Chewable/dispersible tablet - FDC,"Mylan,  H-12 & H-13, India",86791,60,490,955.5,1.95,0.03,1.12,,,FALSE,5/6/15,7/6/15,,
102-BI-T30,FPQ-15406,SO-50290,DN-4210,Burundi,PMO - US,From RDC,N/A - From RDC,Air,ARV,Adult,SCMS from RDC,"Lamivudine/Nevirapine/Zidovudine 150/200/300mg, tablets, 60 Tabs",Lamivudine/Nevirapine/Zidovudine,Generic,150/300/200mg,Tablet - FDC,Mylan (formerly Matrix) Nashik,86795,60,1056,8152.32,7.72,0.13,9.6,,,FALSE,6/30/15,4/22/15,,
104-CI-T30,FPQ-15259,SO-50101,DN-4211,Côte d'Ivoire,PMO - US,From RDC,N/A - From RDC,Truck,ARV,Adult,SCMS from RDC,"Lamivudine/Tenofovir Disoproxil Fumarate 300/300mg, tablets, 30 Tabs",Lamivudine/Tenofovir Disoproxil Fumarate,Generic,300/300mg,Tablet - FDC,"Cipla, Kurkumbh, India",86796,30,8250,37867.5,4.59,0.15,44.57,821,6695.9,TRUE,6/19/15,4/16/15,,
114-UG-T30,FPQ-15639,SO-50670,DN-4215,Uganda,PMO - US,From RDC,N/A - From RDC,Truck,ARV,Adult,SCMS from RDC,"Lamivudine/Nevirapine/Zidovudine 150/200/300mg, tablets, 60 Tabs",Lamivudine/Nevirapine/Zidovudine,Generic,150/300/200mg,Tablet - FDC,Mylan (formerly Matrix) Nashik,86797,60,21667,167269.23,7.72,0.13,196.88,,,FALSE,4/30/15,4/22/15,,
114-UG-T30,FPQ-15294,SO-50050,DN-4218,Uganda,PMO - US,From RDC,N/A - From RDC,Truck,ARV,Adult,SCMS from RDC,"Efavirenz 600mg, tablets, 30 Tabs",Efavirenz,Generic,600mg,Tablet,Hetero Unit III Hyderabad IN,86798,30,29998,93593.76,3.12,0.1,110.16,,,FALSE,6/15/15,5/14/15,,
103-ZW-T30,FPQ-15197,SO-50011,DN-4225,Zimbabwe,PMO - US,From RDC,N/A - From RDC,Truck,ARV,Pediatric,SCMS from RDC,"Lamivudine/Zidovudine 30/60mg, dispersible tablets, 60 Tabs",Lamivudine/Zidovudine,Generic,30/60mg,Chewable/dispersible tablet - FDC,"Cipla, Goa, India",86799,60,47733,91647.36,1.92,0.03,107.87,6368,2592.56,TRUE,4/30/15,4/8/15,,
111-MZ-T30,FPQ-15195,SO-50141,DN-4231,Mozambique,PMO - US,From RDC,N/A - From RDC,Truck,ARV,Adult,SCMS from RDC,"Efavirenz/Lamivudine/Tenofovir Disoproxil Fumarate 600/300/300mg, tablets, 30 Tabs",Efavirenz/Lamivudine/Tenofovir Disoproxil Fumarate,Generic,600/300/300mg,Tablet - FDC,Hetero Unit III Hyderabad IN,86800,30,200000,1920000,9.6,0.32,2259.84,26603,19194.37,TRUE,5/31/15,6/9/15,,
111-MZ-T30,FPQ-13575,SO-47707,DN-4234,Mozambique,PMO - US,From RDC,N/A - From RDC,Truck,ARV,Adult,SCMS from RDC,"Lamivudine/Nevirapine/Zidovudine 150/200/300mg, tablets, 60 Tabs",Lamivudine/Nevirapine/Zidovudine,Generic,150/300/200mg,Tablet - FDC,Hetero Unit III Hyderabad IN,86801,60,28516,220143.52,7.72,0.13,226.31,3772,3567.08,TRUE,5/29/15,6/15/15,,
111-MZ-T30,FPQ-15195,SO-50130,DN-4235,Mozambique,PMO - US,From RDC,N/A - From RDC,Truck,ARV,Adult,SCMS from RDC,"Lamivudine/Nevirapine/Zidovudine 150/200/300mg, tablets, 60 Tabs",Lamivudine/Nevirapine/Zidovudine,Generic,150/300/200mg,Tablet - FDC,Hetero Unit III Hyderabad IN,86802,60,300000,2316000,7.72,0.13,2725.93,39688,28277.42,TRUE,5/29/15,6/9/15,,
111-MZ-T30,FPQ-14843,SO-49721,DN-4236,Mozambique,PMO - US,From RDC,N/A - From RDC,Truck,ARV,Adult,SCMS from RDC,"Lamivudine/Tenofovir Disoproxil Fumarate 300/300mg, tablets, 30 Tabs",Lamivudine/Tenofovir Disoproxil Fumarate,Generic,300/300mg,Tablet - FDC,"Hetero, Jadcherla, unit 5, IN",86803,30,16006,73467.54,4.59,0.15,75.52,1504,1653.9,TRUE,5/29/15,6/15/15,,
103-ZW-T30,FPQ-15197,SO-50010,DN-4243,Zimbabwe,PMO - US,From RDC,N/A - From RDC,Truck,ARV,Pediatric,SCMS from RDC,"Lamivudine/Nevirapine/Zidovudine 30/50/60mg, dispersible tablets, 60 Tabs",Lamivudine/Nevirapine/Zidovudine,Generic,30/50/60mg,Chewable/dispersible tablet - FDC,"Cipla, Goa, India",86805,60,46752,168307.2,3.6,0.06,198.1,,,FALSE,4/30/15,4/30/15,,
110-ZM-T30,FPQ-14784,SO-49601,DN-4250,Zambia,PMO - US,From RDC,N/A - From RDC,Truck,ARV,Pediatric,SCMS from RDC,"Efavirenz 200mg, scored tablets, 90 Tabs",Efavirenz,Generic,200mg,Tablet,"Strides, Bangalore, India.",86806,90,15000,82500,5.5,0.06,84.81,,,FALSE,5/29/15,5/15/15,,
110-ZM-T30,FPQ-14784,SO-49601,DN-4250,Zambia,PMO - US,From RDC,N/A - From RDC,Truck,ARV,Adult,SCMS from RDC,"Lamivudine/Stavudine 150/30mg, tablets, 60 Tabs",Lamivudine/Stavudine,Generic,150/30mg,Tablet - FDC,Hetero Unit III Hyderabad IN,86807,60,2016,5019.84,2.49,0.04,5.16,,,FALSE,5/29/15,5/15/15,,
114-UG-T30,FPQ-15294,SO-50070,DN-4259,Uganda,PMO - US,From RDC,N/A - From RDC,Truck,ARV,Pediatric,SCMS from RDC,"Lamivudine/Nevirapine/Zidovudine 30/50/60mg, dispersible tablets, 60 Tabs",Lamivudine/Nevirapine/Zidovudine,Generic,30/50/60mg,Chewable/dispersible tablet - FDC,Mylan (formerly Matrix) Nashik,86808,60,18000,64800,3.6,0.06,76.27,2253,3785.72,TRUE,6/30/15,6/4/15,,
114-UG-T30,FPQ-15294,SO-50070,DN-4259,Uganda,PMO - US,From RDC,N/A - From RDC,Truck,ARV,Pediatric,SCMS from RDC,"Lamivudine/Nevirapine/Zidovudine 30/50/60mg, dispersible tablets, 60 Tabs",Lamivudine/Nevirapine/Zidovudine,Generic,30/50/60mg,Chewable/dispersible tablet - FDC,"Strides, Bangalore, India.",86809,60,29287,105433.2,3.6,0.06,124.09,,,FALSE,6/30/15,6/4/15,,
114-UG-T30,FPQ-15294,SO-50054,DN-4265,Uganda,PMO - US,From RDC,N/A - From RDC,Truck,ARV,Pediatric,SCMS from RDC,"Efavirenz 200mg, scored tablets, 90 Tabs",Efavirenz,Generic,200mg,Tablet,"Strides, Bangalore, India.",86810,90,6312,34716,5.5,0.06,40.86,,,FALSE,6/15/15,6/4/15,,
104-CI-T30,FPQ-14370,SO-49090,DN-4177,Côte d'Ivoire,PMO - US,From RDC,N/A - From RDC,Truck,ARV,Adult,SCMS from RDC,"Efavirenz 600mg, tablets, 30 Tabs",Efavirenz,Generic,600mg,Tablet,"Micro labs, Verna, Goa, India",86812,30,19996,62387.52,3.12,0.1,64.13,,,FALSE,5/29/15,5/29/15,,
151-NG-T30,FPQ-14989,SO-51422,DN-4274,Nigeria,PMO - US,From RDC,N/A - From RDC,Air Charter,ARV,Pediatric,SCMS from RDC,"Lamivudine/Nevirapine/Zidovudine 30/50/60mg, dispersible tablets, 60 Tabs",Lamivudine/Nevirapine/Zidovudine,Generic,30/50/60mg,Chewable/dispersible tablet - FDC,Mylan (formerly Matrix) Nashik,86813,60,10340,37224,3.6,0.06,38.27,,,FALSE,6/30/15,5/15/15,,
151-NG-T30,FPQ-14989,SO-51424,DN-4276,Nigeria,PMO - US,From RDC,N/A - From RDC,Air Charter,ARV,Adult,SCMS from RDC,"Lopinavir/Ritonavir 200/50mg [Aluvia], tablets, 120 Tabs",Lopinavir/Ritonavir,Aluvia,200/50mg,Tablet,ABBVIE Ludwigshafen Germany,86814,120,70000,1304800,18.64,0.16,1341.33,15198,26180,TRUE,6/30/15,5/15/15,,
151-NG-T30,FPQ-16313,SO-51420,DN-4279,Nigeria,PMO - US,From RDC,N/A - From RDC,Air Charter,ARV,Adult,SCMS from RDC,"Lamivudine/Zidovudine 150/300mg, tablets, 60 Tabs",Lamivudine/Zidovudine,Generic,150/300mg,Tablet - FDC,"Aurobindo Unit III, India",86815,60,15000,97800,6.52,0.11,115.11,1547,3410,TRUE,6/2/15,5/15/15,,
151-NG-T30,FPQ-16313,SO-51440,DN-4282,Nigeria,PMO - US,From RDC,N/A - From RDC,Air,ARV,Adult,SCMS from RDC,"Efavirenz 600mg, tablets, 30 Tabs",Efavirenz,Generic,600mg,Tablet,"Strides, Bangalore, India.",86816,30,6724,20978.88,3.12,0.1,24.69,,,FALSE,6/30/15,6/22/15,,
103-ZW-T30,FPQ-15197,SO-50020,DN-4307,Zimbabwe,PMO - US,From RDC,N/A - From RDC,Truck,ARV,Pediatric,SCMS from RDC,"Lamivudine/Nevirapine/Zidovudine 30/50/60mg, dispersible tablets, 60 Tabs",Lamivudine/Nevirapine/Zidovudine,Generic,30/50/60mg,Chewable/dispersible tablet - FDC,"Cipla, Goa, India",86817,60,205243,738874.8,3.6,0.06,869.66,,,FALSE,7/31/15,7/15/15,,
103-ZW-T30,FPQ-15197,SO-50020,DN-4307,Zimbabwe,PMO - US,From RDC,N/A - From RDC,Truck,ARV,Pediatric,SCMS from RDC,"Lamivudine/Nevirapine/Zidovudine 30/50/60mg, dispersible tablets, 60 Tabs",Lamivudine/Nevirapine/Zidovudine,Generic,30/50/60mg,Chewable/dispersible tablet - FDC,"Mylan,  H-12 & H-13, India",86818,60,166571,599655.6,3.6,0.06,705.79,,,FALSE,7/31/15,7/15/15,,
104-CI-T30,FPQ-15259,SO-50102,DN-4313,Côte d'Ivoire,PMO - US,From RDC,N/A - From RDC,Truck,ARV,Adult,SCMS from RDC,"Lamivudine/Zidovudine 150/300mg, tablets, 60 Tabs",Lamivudine/Zidovudine,Generic,150/300mg,Tablet - FDC,Hetero Unit III Hyderabad IN,86819,60,21072,137389.44,6.52,0.11,161.71,,,FALSE,7/31/15,8/6/15,,
110-ZM-T30,FPQ-14784,SO-49600,DN-4316,Zambia,PMO - US,From RDC,N/A - From RDC,Truck,ARV,Adult,SCMS from RDC,"Efavirenz/Lamivudine/Tenofovir Disoproxil Fumarate 600/300/300mg, tablets, 30 Tabs",Efavirenz/Lamivudine/Tenofovir Disoproxil Fumarate,Generic,600/300/300mg,Tablet - FDC,Cipla Ltd A-42 MIDC Mahar. IN,86821,30,514526,5140114.5,9.99,0.33,5284.04,,,FALSE,8/31/15,8/25/15,,
200-ZW-T30,FPQ-16523,SO-51680,DN-4334,Zimbabwe,PMO - US,From RDC,N/A - From RDC,Truck,ARV,Adult,SCMS from RDC,"Lamivudine/Zidovudine 150/300mg, tablets, 60 Tabs",Lamivudine/Zidovudine,Generic,150/300mg,Tablet - FDC,Mylan (formerly Matrix) Nashik,86822,60,17465,113871.8,6.52,0.11,134.03,1392,,TRUE,9/9/15,8/4/15,,
103-ZW-T30,FPQ-15197,SO-50022,DN-4336,Zimbabwe,PMO - US,From RDC,N/A - From RDC,Truck,ARV,Pediatric,SCMS from RDC,"Lamivudine/Zidovudine 30/60mg, dispersible tablets, 60 Tabs",Lamivudine/Zidovudine,Generic,30/60mg,Chewable/dispersible tablet - FDC,"Cipla, Goa, India",86823,60,36639,72911.61,1.99,0.03,85.82,,,FALSE,8/31/15,8/4/15,,